4538 5754
138 248 272 320 *dl

226 414 353 485 tefacto
375 407 451 479 eius
476 407 636 498 sepulcro
657 405 695 473 in
715 403 852 495 littore,
886 417 1109 496 conspectam
1134 426 1207 474 esse

225 516 321 584 inter
354 534 431 580 ossa
468 509 602 579 molam
633 505 720 574 disci
757 505 1023 594 magnitudine,
1059 506 1208 575 scinde

225 613 443 685 aestimatam
468 610 576 679 fnisse
591 607 750 697 corporis
765 606 1025 697 proceritatem.
1078 604 1133 675 Ac
1146 605 1207 674 di-

227 727 317 785 serte
340 711 461 794 addit,
486 708 622 778 Melam
643 730 717 784 esse
739 730 778 775 os
800 707 839 774 iu
861 724 965 794 genu.
992 704 1110 775 Verba
1132 707 1208 776 eius

225 811 314 883 haec
328 825 427 882 suut:
455 805 563 880 Εἶναι
584 806 618 878 οἳ
631 803 727 878 κατὰ
752 801 883 879 δίσκον
905 803 1066 897 μάλιστα
1083 800 1132 876 τὰ
1150 801 1208 876 ἐπὶ

229 917 307 993 τοῖς
329 905 486 1010 γόνασιν
508 907 621 992 ὀστᾶ,
651 903 882 999 καλουμένας
902 901 944 978 δὲ
965 902 1039 979 ὑπὸ
1056 907 1208 977 roiric-

229 1020 331 1108 τρῶν
353 1003 483 1105 μύλας.
536 1007 621 1078 Fuit
636 1023 752 1079 autem
770 1009 886 1076 discus
913 1002 1007 1076 baud
1034 1007 1208 1076 dubiela-

226 1118 300 1187 tior
313 1114 432 1193 orbis,
459 1126 565 1203 quam
585 1108 665 1178 talis
679 1107 807 1199 patella
823 1108 861 1176 in
874 1108 1012 1195 vulgari
1035 1129 1193 1197 corpore.

327 1246 467 1339 Poples,
481 1237 599 1341 ἲγνύς,
613 1241 742 1311 cavitas
750 1241 936 1333 posterior,
952 1241 1117 1311 flectendi
1128 1265 1210 1311 cru-

215 1353 277 1423 ris
292 1373 412 1431 eausa,
438 1348 539 1416 facta.
582 1340 671 1414 Crus
689 1364 769 1433 pars
784 1367 803 1412 a
820 1365 911 1433 genu
925 1365 1037 1435 usque
1059 1344 1104 1411 ad
1118 1341 1209 1410 mal-

226 1452 339 1521 leolos
365 1447 504 1516 duobus
532 1443 648 1526 longis
675 1443 811 1512 ossibus
838 1455 1020 1525 constans,
1055 1465 1208 1533 quoram

226 1551 340 1621 maius
355 1548 560 1615 nominatur
570 1543 688 1628 Tibia,
705 1536 847 1635 κνήμη,
873 1543 1024 1613 alterum
1040 1566 1124 1611 vero
1140 1543 1209 1610 mi·

226 1675 296 1722 nus
310 1663 360 1719 est
379 1639 532 1741 περόνη,
556 1643 678 1713 fibula.

328 1764 371 1835 ln
386 1760 579 1854 posteriore
598 1759 712 1830 cruris
728 1772 826 1852 parte
841 1782 921 1829 caro
935 1771 998 1844 est,
1022 1780 1110 1851 quae
1126 1781 1208 1829 sura

227 1869 453 1949 nominatur,
477 1865 610 1949 nubta,
636 1854 931 1959 γαστροκνημία.

328 1980 491 2053 Malleoli
512 2002 589 2049 ossa
606 1978 770 2067 gibbosa,
797 1976 991 2047 eminentia
1007 1999 1110 2068 supra
1126 2000 1209 2067 par-

226 2109 310 2157 vum
328 2086 451 2175 pedem
468 2082 653 2171 utrinque,
677 2090 761 2148 sunt
776 2099 956 2167 processus
974 2078 1208 2168 appendicum

148 2212 150 2215 ’
226 2187 335 2258 tibiae
350 2197 384 2254 et
397 2181 543 2264 fibulae,
568 2201 688 2267 graece
705 2170 853 2271 σφύρον
868 2190 902 2246 et
915 2172 1018 2263 πέζα.
1065 2173 1131 2247 Est
1145 2199 1209 2244 au-

103 2286 105 2290 '
226 2303 298 2359 tem
323 2282 477 2372 vulgaris
513 2301 630 2362 error,
667 2276 756 2348 talos
784 2300 848 2366 pro
875 2276 1049 2345 malleolis
1078 2277 1208 2347 dicere.

123 2430 128 2437 ·
228 2386 300 2459 Sed
315 2384 453 2455 erudite
474 2379 627 2449 ostendit
643 2377 830 2446 Wesalius
852 2377 1061 2456 discrimen,
1083 2400 1123 2447 ac
1144 2379 1210 2445 do-

228 2500 303 2570 cet,
330 2485 439 2552 Talos
461 2504 536 2549 non
560 2501 633 2547 esse
664 2477 854 2546 eminentia
883 2498 978 2561 ossa,
1007 2500 1097 2568 quae
1120 2477 1209 2547 foris

228 2597 440 2674 tanguntur,
465 2582 525 2648 sed
544 2579 612 2648 alia
628 2579 809 2661 interiora,
836 2576 965 2668 quihus
980 2577 1135 2647 malleoli
1152 2577 1210 2644 in-

226 2696 405 2758 seruntur.
458 2677 590 2772 Estque
606 2678 791 2747 artificiosa
813 2677 1007 2747 fabricatio.
1046 2677 1210 2747 Malleoli

228 2799 312 2857 sunt
333 2784 431 2853 velut
448 2794 542 2869 septa
566 2775 761 2849 munientia
785 2777 883 2846 talos.
937 2777 1019 2846 Tali
1039 2803 1123 2848 vero
1145 2778 1208 2848 etsi

225 2910 291 2978 per
312 2907 384 2954 sese
409 2895 493 2953 susat
520 2878 738 2961 immobiles,
773 2891 891 2946 tamen
918 2878 1090 2947 adiuvant
1109 2879 1207 2968 pedis

108 3017 110 3020 ⁴
163 2985 165 2987 ’
228 2988 373 3069 flexum,
399 2984 482 3078 quia
499 2979 679 3071 superiore
692 2989 790 3068 parte
811 3001 890 3046 carm
909 2978 997 3047 tibia
1018 2977 1209 3049 articulum

226 3085 466 3166 constituunt,
492 3080 691 3150 consistunt
708 3091 825 3147 autern
840 3077 879 3144 in
895 3100 971 3146 osse
993 3078 1109 3147 calcis.
1146 3076 1209 3145 Fi-

225 3209 314 3275 gnra
329 3185 456 3253 similis
472 3193 522 3249 est
548 3180 642 3270 parti
664 3190 780 3257 rotae,
806 3200 913 3247 curva
938 3176 978 3247 in
1002 3191 1101 3268 parte
1124 3201 1210 3246 con.

215 3308 324 3365 ¹vexa.
373 3283 497 3353 Postea
512 3280 550 3349 in
565 3280 734 3347 lateribus
750 3277 849 3347 sinus
865 3271 981 3348 habet.
1007 3274 1059 3346 Ac
1074 3273 1210 3372 τέτρω-

215 3409 296 3477 Ι(νον
316 3384 525 3462 nominant,
559 3379 657 3471 quasi
681 3378 793 3457 dicas,
828 3378 955 3468 quadri
980 3378 1121 3465 iugum,
1152 3379 1209 3446 vel

226 3496 415 3576 aquatuor
434 3481 622 3560 lateribus,
648 3478 705 3545 vel
722 3500 741 3545 a
758 3489 856 3546 rotae
878 3478 1007 3567 speeie,
1034 3480 1091 3547 vel
1116 3492 1209 3547 certe

225 3597 371 3675 propter
387 3605 511 3665 usum,
537 3579 618 3670 quia
641 3578 805 3646 tendines
820 3577 851 3645 ei
870 3577 1003 3667 alligati
1017 3591 1110 3649 sunt.
1162 3575 1210 3647 Et

225 3682 313 3754 haec
328 3705 404 3752 ossa
422 3705 510 3774 quae
526 3703 608 3748 vere
622 3691 705 3748 sunt
719 3677 802 3759 tali,
824 3680 1054 3748 nominantur
1070 3671 1209 3768 ἀστρά-

225 3788 343 3881 γαλοι.
393 3779 429 3852 Α
446 3781 574 3875 quibus
597 3792 722 3869 postea
744 3778 783 3844 in
805 3775 898 3846 ludis
921 3779 1053 3866 figurae
1076 3780 1209 3848 similes

225 3884 430 3954 nominatae
458 3893 559 3960 sunt,
592 3902 742 3970 quarum
775 3877 869 3947 iactu
894 3880 1103 3952 certabatur.
1161 3875 1210 3948 Et

225 3987 319 4055 latus
343 4006 457 4053 unum
477 3981 661 4048 dicebatur
678 3980 793 4061 κῶος,
826 3980 922 4070 qu'od
943 3993 1017 4048 erat
1037 3978 1209 4063 foelicius,

463 232 676 312 scarras,
698 233 775 306 ru.
801 230 918 306 unt.
941 229 1009 308 an
1036 230 1334 312 u1sr.ruor.
1360 232 1426 308 ar
1451 225 1644 317 arataos.
1670 212 1988 315 sraerauru.

2187 243 2243 318 δί

1355 405 1519 478 Proxima
1541 409 1648 494 calci,
1675 432 1736 481 seu
1762 410 1925 482 calcaneo
1949 433 2048 504 pars,
2070 427 2121 486 est
2137 412 2245 484 altior

1254 508 1431 577 anteriore
1446 531 1487 577 ac
1504 510 1609 598 plana
1632 511 1774 599 regione
1794 512 1920 603 pedis,
1943 507 2093 608 τᾶρσος.
2147 513 2243 585 Ger·

1255 609 1354 678 mani
1371 612 1431 682 oea
1446 608 1563 698 dienen
1589 612 1787 681 nominant.

1358 703 1526 803 Ατάρσω
1540 711 1671 781 deinde
1685 712 1831 804 planum
1847 713 1947 805 pedis
1964 714 2097 786 dieitur
2110 710 2242 786 πεδίον

1256 822 1288 880 et
1306 809 1458 901 στῆθος.

1356 908 1450 979 Huic
1469 910 1619 1000 proximi
1633 925 1719 984 sunt
1737 912 1841 1001 digiti
1856 915 1967 1005 pedis.

1356 1007 1518 1081 Recitavi
1536 1014 1739 1103 praecipuas
1753 1014 2008 1104 adpellationes
2023 1014 2237 1083 exteriorum

1256 1109 1408 1199 partium
1426 1112 1601 1201 corporis,
1626 1126 1661 1183 et
1678 1114 1760 1205 quia
1772 1116 2018 1202 grammaticae
2033 1114 2237 1203 diligentiae

1256 1225 1326 1294 cst,
1352 1225 1444 1282 recte
1467 1213 1520 1281 uti
1542 1208 1598 1282 his
1623 1215 1824 1298 vocabulis,
1861 1239 2014 1307 quorum
2041 1215 2158 1306 aliqua
2179 1213 2237 1281 in·

1256 1310 1396 1395 erudite
1410 1312 1597 1401 depravata
1619 1327 1714 1385 suut.
1745 1310 1793 1384 Et
1807 1315 1890 1406 quia
1907 1310 1965 1383 hic
1981 1317 2068 1384 ordo
2086 1314 2237 1384 exterio·

1255 1433 1335 1479 rum
1351 1427 1469 1501 postea
1485 1413 1598 1482 lucem
1621 1414 1735 1485 adfert
1759 1415 2005 1486 distributioni
2027 1427 2060 1484 et
2083 1436 2237 1506 oecono-

1255 1511 1346 1580 miae
1364 1510 1588 1586 fnteriorum.
1620 1513 1696 1582 Nec
1713 1514 1813 1581 anxie
1828 1515 1949 1584 omnia
1965 1514 2134 1583 vocabula
2152 1538 2238 1583 eon·

1255 1612 1476 1704 quisivirnus,
1497 1614 1557 1681 sed
1574 1608 1630 1681 lais
1644 1614 1754 1702 magis
1770 1615 1905 1683 usitatis
1921 1614 2076 1684 contenti
2093 1615 2238 1694 fuimus,

1255 1713 1337 1804 quia
1361 1706 1418 1782 bic
1441 1715 1567 1783 modus
1590 1713 1714 1784 utilior
1739 1714 1881 1785 videtur
1908 1715 2057 1784 rudibus
2078 1727 2112 1784 et
2135 1714 2238 1783 initia

1258 1813 1485 1885 discentibus.
1767 1808 1780 1821 ’

1356 1915 1429 1980 lam
1450 1911 1620 1983 interiora
1650 1914 1808 1983 membra
1841 1914 2029 2003 grandiora
2054 1926 2236 2006 utcunque

1254 2012 1505 2084 describemus.
1557 2010 1610 2082 Ac
1639 2014 1669 2081 si
1696 2014 1776 2107 quis
1800 2009 1892 2082 hanc
1916 2013 2236 2084 considerationem

1257 2113 1388 2182 iudicat
1403 2113 1566 2182 inutilem
1592 2134 1684 2198 esse,
1710 2114 1812 2181 valde
1830 2127 1934 2182 errat.
1984 2112 2075 2183 Narn
2102 2126 2142 2183 ut
2163 2114 2234 2181 iant

1255 2236 1327 2281 non
1345 2213 1472 2298 dicam,
1484 2212 1689 2304 ⁴plurimum
1708 2236 1783 2280 cam
1800 2215 1994 2281 conducere
2009 2217 2052 2281 ad
2068 2214 2236 2281 tuendam

1254 2311 1514 2396 valetudinem,
1538 2326 1572 2382 et
1595 2313 1637 2380 ad
1656 2312 1944 2394 medicationem,
1970 2313 2059 2381 illud
2076 2324 2168 2381 ccrte
2184 2313 2237 2380 fa-

1255 2413 1401 2482 tendum
1419 2425 1489 2495 est,
1515 2411 1646 2504 siquid
1663 2415 1707 2480 de
1725 2412 1876 2480 Animae
1894 2413 2062 2501 potentiis
2076 2427 2110 2481 et
2125 2412 2236 2482 actio·

1254 2513 1361 2581 nibus
1378 2513 1618 2604 quaerendum
1636 2534 1708 2580 esse
1730 2524 1851 2601 putat,
1876 2533 2006 2599 organa
2023 2527 2057 2583 et
2075 2512 2238 2600 regiones

1255 2612 1364 2703 aspici
1380 2625 1543 2702 oportere
1557 2612 1653 2681 sciat.
1704 2610 1905 2682 Multarum
1929 2625 2046 2680 autem
2070 2612 2236 2701 gravissi-

1255 2735 1393 2780 marum
1411 2712 1658 2805 quaestionum
1677 2712 1862 2800 explicatio
1881 2713 1918 2780 in
1932 2713 2011 2780 aliis
2027 2713 2164 2781 artibus
2176 2735 2236 2780 su-

1255 2813 1365 2881 mitur
1398 2835 1438 2881 ex
1465 2811 1691 2881 distinctione
1716 2812 1954 2901 potentiarum
1980 2813 2128 2883 animae.
2182 2811 2261 2903 Ut.

1255 2913 1455 3003 saepissime
1471 2914 1659 2998 dicendum
1675 2925 1726 2980 est
1740 2915 1784 2979 de
1800 2913 2004 2982 discrimine
2021 2913 2236 2981 notitiarum

1254 3026 1289 3082 et
1309 3015 1531 3101 adfectuum,
1553 3013 1649 3105 quod
1666 3024 1708 3080 ut
1732 3012 1853 3102 aliquo
1875 3013 1982 3080 modo
2005 3011 2234 3100 intelligatur,

1255 3114 1415 3200 regiones
1445 3116 1603 3182 diversae
1627 3113 1877 3181 monstrandae
1907 3126 2001 3184 stant.
2059 3107 2106 3180 Et
2128 3113 2158 3179 si
2180 3135 2236 3179 res

1257 3213 1344 3280 alias
1360 3227 1454 3297 entra
1469 3235 1555 3294 nos,
1580 3225 1621 3281 ut
1643 3212 1763 3279 leones
1779 3226 1841 3282 aut
1856 3236 1988 3295 cervos,
2015 3225 2077 3281 aut
2092 3213 2235 3280 arbores

1255 3335 1295 3380 ac
1311 3307 1441 3380 herbas
1455 3334 1557 3380 nosse
1572 3311 1687 3394 iuvat,
1712 3335 1776 3380 cur
1791 3334 1863 3378 non
1879 3313 2117 3380 existimamus
2132 3333 2236 3402 prac-

1255 3413 1389 3481 clarum
1407 3435 1491 3495 esse,
1517 3424 1551 3480 et
1568 3411 1680 3481 nostri
1695 3412 1852 3502 corporis
1860 3411 2124 3480 fabricationem
2141 3412 2236 3501 aspi-

1256 3535 1355 3595 cere,
1387 3512 1591 3603 praesertim
1609 3535 1689 3580 curn
1704 3510 1800 3580 Deus
1814 3512 1998 3579 mirificam
2015 3513 2177 3580 artemia
2194 3533 2234 3580 ea
2265 3592 2268 3597 ¹

1255 3608 1469 3695 adhibuerit,
1494 3626 1528 3681 et
1546 3606 1632 3680 haec
1647 3633 1704 3679 ars
1719 3612 1856 3681 illustre
1871 3611 2112 3680 testimonium
2127 3613 2172 3682 sit
2190 3613 2235 3679 de

1255 3711 1350 3792 Deo,
1390 3714 1578 3782 ostendens
1609 3734 1831 3803 nequaquam
1860 3734 1942 3780 casu
1972 3705 2135 3780 homines
2167 3706 2237 3778 hoc

1257 3815 1361 3882 modo
1379 3835 1419 3880 ex
1441 3812 1566 3881 atomis
1587 3812 1758 3880 conflatos
1774 3834 1858 3881 esse.
1906 3809 1998 3877 Vide
2015 3810 2110 3878 enim
2128 3834 2237 3903 quarn

1255 3912 1451 3982 concinnus
1466 3912 1554 3981 ordo
1570 3912 1627 3990 sit,
1643 3924 1677 3980 et
1692 3912 1812 4002 quales
1827 3912 1866 3979 in
1883 3911 1958 4000 ipso
1975 3911 2103 3979 ordine
2120 3912 2235 4001 pictu-

1255 4036 1315 4081 rae
1329 4013 1527 4102 propositae
1543 4011 1626 4080 sint.
1677 4008 1727 4080 Ut
1739 4011 1834 4079 enirn
1850 4024 1921 4081 tres
1936 4024 2018 4080 sunt
2035 4010 2132 4080 velut
2148 4033 2237 4079 ren-

225 4087 376 4158 allefflm
395 4082 495 4176 χῖοέν
517 4074 738 4198 inff'euciqi'g
762 4081 919 4195 ‘1¹¹⁰df‘l
943 4084 1066 4197 “Imm
1090 4079 1207 4198 ΜΞ·
1256 4125 1326 4181 tres
1340 4113 1561 4198 functionum
1579 4109 1860 4201 praecipuarum,
1886 4111 2029 4180 infimus
2044 4109 2153 4180 servit
2166 4133 2237 4179 nu·

225 4187 372 4257 nebant.
424 4179 556 4252 Extant
573 4203 610 4246 rn
627 4172 1021 4250 codicibusAnstotelrs
1036 4180 1080 4248 de
1095 4194 1208 4269 partr—
1254 4212 1393 4282 prffionp
1419 4225 1453 4283 ,p
1481 4210 1711 4300 generationi,
1777 4209 1980 4290 secundus,
2013 4210 2053 4278 gn
2076 4233 2148 4302 quo
2172 4234 2236 4279 co„

224 4288 293 4356 ¹³⁰⁵
315 4283 525 4400 animum?
552 4276 618 4398 ΙΨ
642 4279 914 4369 ὃάρθῃὸίίοῃθῆ
942 4283 1003 4350 “d
1037 4281 1209 4397 d⁰P¹³V?‘
1257 4326 1326 4394 est,
1351 4312 1419 4384 ciet
1440 4326 1557 4382 motus
1573 4325 1606 4381 et
1622 4310 1877 4382 defensionem.
1913 4309 2079 4394 Tertius,
2103 4310 2232 4402 inquo

225 4399 294 4464 Μ’
345 4383 478 4453 verum
495 4406 533 4450 ¹¹¹
556 4381 650 4450 ¹¹b¹⁰
672 4380 827 4449 ⁸⁸⁶¹¹¹²d⁰
844 4380 888 4449 ὀρ
904 4381 1023 4465 ‘⁰²¹⁰’
1047 4403 1127 4450 ‘⁰¹¹¹
1147 4392 1208 4462 ³¹¹2
1256 4413 1439 4482 cerebrum
1465 4425 1536 4496 est,
1557 4410 1716 4480 continet
1737 4412 1969 4480 maximarum
1991 4409 2237 4493 rerumuoti-

225 4508 303 4561 ¹¹⁰⁰
332 4507 468 4573 ‘emper
493 4482 706 4572 ‘emmim
746 4493 892 4550 ‘veum
922 4479 1084 4560 ‘mini'
1115 4475 1208 4602 hm?
1256 4513 1357 4584 ciam.
1400 4510 1460 4583 Sic
1473 4512 1511 4579 in
1527 4511 1601 4580 vita
1617 4511 1662 4580 sit
1678 4510 1797 4605 aliqua
1813 4533 1896 4580 cura
1913 4510 2107 4603 quaerendi
2121 4509 2237 4580 rietus

226 4607 452 4661 mmmmm
474 4581 688 4652 ⁸⁰¹¹¹²¹¹²i³m
706 4574 775 4649 ¹³⁰⁶
797 4582 955 4702 eximpl?
983 4593 1103 4704 f’nPt‘
1131 4578 1208 4652 ἐστι
1256 4626 1291 4682 et
1313 4612 1546 4682 conservandi
1570 4612 1746 4700 eorporis,
1772 4625 1806 4680 et
1826 4610 2072 4702 propagandae
2092 4608 2234 4699 speciei.

225 4679 268 4758 δὲ
285 4680 328 4755 τὸ
350 4681 567 4775 κατορθοῦν
579 4674 763 4774 iamim
786 4675 866 4771 ἢτθ
884 4685 999 4752 πωλα
1024 4676 1104 4772 ’Πὸ
1120 4683 1209 4751 πολ·
1255 4711 1325 4783 Sed
1346 4735 1420 4782 non
1443 4714 1489 4784 sit
1518 4709 1604 4782 haec
1634 4711 1710 4779 sola
1743 4734 1847 4792 cura,
1881 4732 2005 4779 rerum
2032 4708 2239 4781 dominetur

227 4778 347 4869 2⁰5²&
375 4778 456 4855 ⁰5⁰7
478 4777 633 4862 πολλὸυέ
651 4773 910 4876 ἀστραγάλους
930 4773 1051 4861 ²⁰5⁰v9
1063 4778 1206 4872 βαλεῖν»
1255 4813 1444 4904 sapientia,
1468 4835 1557 4907 quae
1575 4822 1748 4880 monstrat
1763 4809 1924 4881 omniurn
1945 4807 2125 4881 actionum
2148 4808 2264 4879 nor?

226 4880 441 4980 ἀμήχανον)
468 4877 543 4952 ἀλλ’
561 4873 585 4972 ἢ
603 4876 705 4974 mli
725 4875 807 4956 δύο·
1255 4935 1348 4998 mas,
1373 4909 1459 4983 baec
1479 4926 1530 4983 est
1553 4912 1592 4980 in
1614 4911 1772 4982 cerebro.
1822 4906 1871 4981 Et
1887 4932 1949 4978 eor
1963 4904 2094 4980 habeat
2115 4923 2237 4982 motus

328 5015 440 5087 Talus
456 5014 629 5104 excipitur
643 5013 725 5084 sinu
740 5016 840 5098 ossis,
865 5017 962 5111 quod
979 5015 1120 5098 calcem,
1145 5036 1207 5082 seu
1256 5027 1291 5083 et
1306 5014 1461 5084 adfectus
1477 5011 1609 5082 iudicio
1633 5012 1923 5102 obtemperantes.

226 5118 450 5201 calcaneum,
475 5136 597 5204 graece
618 5110 782 5209 πτέρναν
806 5118 1051 5200 nominamus,
1077 5116 1126 5187 bic
1148 5111 1208 5207 fen
1355 5110 1403 5183 Et
1423 5113 1506 5206 quia
1528 5107 1656 5182 harum
1680 5111 1789 5181 trium
1811 5113 1967 5204 partium
1982 5110 2239 5202 adpellationes

225 5217 297 5310 ltu,
322 5217 419 5312 quod
443 5230 537 5287 retro
551 5229 699 5307 spectat,
724 5228 759 5285 et
780 5219 895 5289 solum
918 5217 1078 5313 proxime
1096 5217 1205 5289 attin·
1254 5213 1499 5286 usitatissimae
1513 5226 1616 5297 sunt,
1641 5225 1676 5284 et
1690 5233 1792 5305 saepe
1806 5212 2017 5304 repetendae
2034 5225 2151 5299 emant,
2174 5207 2237 5283 hic

226 5323 297 5410 git,
320 5343 399 5393 cum
415 5330 547 5390 stamus
563 5331 625 5389 sut
641 5315 848 5389 incedimus.
1255 5316 1357 5388 initio
1374 5337 1430 5386 cas
1446 5314 1614 5389 recitabo.
1639 5390 1642 5396 ,
