4538 5754
1116 61 1124 75 .
1208 40 1222 77 h

146 196 168 269 9
407 212 412 225 ’
843 178 849 191 ’
880 192 930 272 ll.
978 192 1129 270 LlBER
1153 189 1220 268 DE
1246 191 1421 266 aulus.
2116 198 2165 269 10

142 389 263 438 ornnes
296 360 410 438 buius
447 364 739 438 considerationis
772 388 979 436 enumerare
1009 366 1130 458 possit.

141 467 205 539 Sed
222 463 292 538 bas
306 491 438 560 paucas
451 468 490 537 iu
506 463 574 542 boc
586 466 760 538 vestibulo
775 467 938 552 recitavi,
962 483 1001 537 ut
1016 469 1131 538 sciatis

140 563 227 638 hanc
243 568 449 639 doctrinam
466 592 538 637 non
552 569 798 657 negligendam
810 591 894 651 esse,
911 582 945 638 et
959 591 1020 636 vos
1037 568 1130 658 ipsos

139 669 394 758 aspiciatis,.et
411 663 505 739 hane
524 669 787 760 adspectionem
801 669 958 758 cogitetis
974 692 1127 738 commo·
1161 669 1163 671 ’

138 770 375 840 nesactionem
390 791 467 841 esse
480 771 525 839 de
538 766 635 856 Deo,
658 783 692 839 et
706 771 749 838 de
763 769 886 840 multis
901 769 1105 843 virtutibus.

451 983 549 1073 naid
575 992 633 1058 est
655 984 819 1058 Animo?

234 1131 322 1206 Etsi
343 1158 419 1204 non
431 1158 506 1206 uno
521 1136 628 1205 modo
651 1136 848 1228 loquuntur
864 1128 1067 1225 philosophi
1083 1135 1126 1202 de

136 1238 268 1308 Anima
291 1236 334 1304 in
357 1234 492 1317 brutis,
526 1248 643 1306 tamen
672 1239 716 1304 de
738 1259 776 1305 rc
798 1236 872 1328 ipsa
892 1259 965 1304 non
989 1235 1123 1304 dissen-

136 1340 247 1422 tiunt,
273 1349 313 1407 et
326 1348 527 1408 monstrant
542 1336 678 1428 aliquid
695 1347 811 1407 ortum
828 1360 869 1405 ex
883 1335 1043 1420 materia,
1070 1336 1125 1404 vel

134 1437 391 1530 proprietatem
416 1436 602 1521 materiae,
632 1438 728 1528 quod
745 1436 931 1504 nominant
945 1431 1125 1520 Animam,

133 1539 313 1607 videlicet.
352 1535 521 1606 Animam
536 1537 638 1606 bovis
656 1537 781 1606 dicunt
797 1559 869 1604 esse
884 1548 944 1604 aut
961 1535 1122 1626 spiritum

133 1639 280 1709 vitalem
307 1650 370 1707 aut
390 1641 525 1733 κρᾶσιν
544 1659 607 1705 seu
629 1648 942 1727 temperamentum
966 1635 1123 1703 universi

132 1737 307 1828 torporis.
358 1733 450 1808 Cum
473 1732 539 1806 hac
555 1736 791 1805 declaratione
810 1737 970 1826 congruit
988 1735 1122 1805 dictum

130 1836 265 1920 bloisi,
294 1837 360 1931 qui
375 1837 446 1922 ait,
471 1831 638 1906 Animam
661 1837 776 1905 carnis
798 1834 1022 1924 insanguine
1039 1858 1122 1909 esse.

130 1938 319 2026 Significat
353 1948 471 2005 autem
499 1935 617 2006 anima
647 1931 797 2024 Ebraeis
830 1934 959 2006 Vitam.
1018 1933 1122 2004 Hanc

129 2063 207 2108 cnm
225 2037 320 2108 dicit
341 2036 381 2104 iu
404 2036 573 2123 sangnine
589 2058 680 2120 esse,
706 2036 782 2104 vult
797 2036 1003 2125 sanguinem
1023 2031 1122 2103 vehi-

130 2139 252 2207 culum
269 2159 349 2206 esse
361 2136 466 2220 vitae,
492 2147 527 2205 et
544 2135 687 2214 indicat,
714 2134 871 2226 Spiritus
884 2135 1007 2204 vitales
1023 2135 1120 2203 illam

128 2239 242 2328 ipsam
265 2260 347 2306 rem
369 2257 460 2320 esse,
485 2258 574 2329 quae
595 2235 665 2306 ciet
687 2258 853 2327 corpora,
879 2258 984 2329 quam
1004 2235 1121 2304 nomi·

128 2333 449 2408 namusAnimam.

228 2451 327 2524 Cum
350 2447 419 2521 boc
431 2452 538 2522 modo
554 2466 772 2523 monstratur
792 2454 958 2538 materia,
982 2466 1023 2524 ut
1047 2453 1120 2545 spi-

125 2557 214 2626 ritus
232 2552 373 2638 vitalis,
398 2565 459 2622 aut
473 2553 637 2622 materiae
651 2554 864 2643 proprietas,
891 2567 929 2623 ut
946 2569 1119 2644 tempera-

126 2668 315 2738 mentum,
347 2653 433 2745 quid
458 2648 596 2722 dicatur
617 2668 798 2745 utcunque
820 2655 970 2744 intelligi
994 2669 1118 2745 potest.

127 2755 174 2828 Ut
194 2755 298 2823 enim
323 2752 362 2820 in
391 2747 522 2844 lychno
544 2752 723 2821 flammam
745 2754 996 2841 intelligimus,
1029 2779 1117 2846 quae

125 2856 220 2944 rapit
240 2852 452 2922 alimentum
471 2876 512 2921 ex
530 2875 609 2921 cera
631 2868 665 2921 et
679 2852 758 2936 filo,
785 2854 834 2921 sic
850 2854 888 2921 iu
909 2856 1115 2944 corporibus

124 2953 367 3024 animantium
397 2951 593 3041 intelligere
623 2952 786 3042 spiritum
818 2953 959 3023 vitalem
991 2979 1114 3044 possu-

124 3078 217 3134 mus,
238 3053 304 3145 qui
319 3065 372 3142 est
384 3051 588 3124 tenuissima
600 3052 758 3135 flamma,
781 3054 897 3142 genita
915 3078 953 3121 ex
972 3055 1115 3142 sangui-

124 3180 170 3226 ne
204 3153 342 3222 virtute
366 3151 503 3231 cordis,
543 3152 694 3223 volitans
726 3177 791 3246 per
818 3166 925 3224 totam
953 3155 1112 3246 corporis

123 3249 349 3335 machinam,
375 3265 410 3323 et
428 3251 581 3340 largiens
602 3253 742 3341 corpori
758 3253 935 3323 vivificum
950 3256 1113 3337 calorem,

123 3373 158 3427 et
171 3356 247 3423 sim
267 3352 388 3422 ciendi
410 3365 526 3422 motus
549 3366 584 3424 et
604 3353 769 3423 actiones.
818 3350 915 3422 Haec
934 3369 1113 3448 utcunque

124 3455 283 3543 intelligi
304 3466 463 3544 possunt.
512 3451 560 3524 Ει
578 3476 780 3546 quanquam
796 3447 854 3522 hic
875 3454 978 3524 etiam
1001 3456 1112 3527 iuter·

123 3555 245 3646 rogari
269 3564 395 3644 potest.
455 3551 575 3642 Quare
598 3553 726 3644 spiritu
750 3553 849 3624 vitali
878 3557 1113 3625 accendantur

123 3659 200 3728 vita
225 3667 264 3724 ct
283 3667 421 3738 motus,
445 3666 481 3723 et
504 3678 578 3722 non
602 3653 673 3723 alia
693 3654 837 3724 materia
858 3656 1029 3744 sarsguine
1051 3670 1112 3727 aut

123 3779 252 3838 carne,
278 3778 357 3822 cum
374 3767 491 3822 tamen
504 3767 539 3824 et
553 3749 612 3822 hic
627 3753 744 3824 vitalis
767 3753 911 3843 spiritus
934 3756 980 3825 sit
1002 3769 1112 3826 mate-

123 3860 177 3929 ria
212 3867 251 3925 et
284 3849 416 3923 balitus
448 3877 489 3922 ex
514 3853 698 3925 elementis
730 3854 853 3923 ortus?
886 3854 1110 3946 Responderi

122 3969 263 4049 potest,
287 3954 371 4047 qnia
392 3952 464 4025 talo
483 3966 535 4023 est
563 3969 707 4025 naturae
727 3954 916 4044 opificium.
968 3955 1016 4028 Ut
1036 3982 1110 4027 non

122 4075 174 4129 est
191 4056 395 4149 quaerenda
412 4062 514 4124 ¹carna
530 4054 697 4139 ulterior,
722 4078 831 4148 quare
845 4052 1010 4142 Coelum,
1035 4056 1111 4143 Sol,

118 4158 248 4242 Luna,
276 4154 331 4225 sic
352 4168 572 4224 moveantur.
628 4154 697 4225 Sed
722 4155 829 4225 talem
853 4155 1013 4226 videmus
1037 4181 1109 4228 esse

118 4272 309 4340 naturam,
332 4277 397 4324 nec
413 4277 532 4324 causas
547 4254 733 4324 ulteriores
748 4279 966 4346 quaeramus.

221 4372 417 4463 Postquam
441 4385 557 4441 autern
581 4372 625 4440 de
640 4365 771 4440 Anima
791 4370 830 4439 in
847 4371 960 4444 brutis
980 4386 1108 4444 utcun-

118 4497 190 4569 que
203 4472 398 4543 constituta
413 4484 464 4541 est
477 4471 662 4555 sententia,
688 4472 816 4540 deinde
831 4473 1026 4564 quaesitum
1044 4489 1107 4560 est,

1184 360 1321 431 animas
1344 363 1530 433 brutorum
1563 376 1598 436 et
1618 358 1823 451 hominum,
1854 366 2036 438 latendum
2066 379 2166 451 esset,

1184 485 1307 550 magna
1325 463 1509 534 diversitas
1522 466 1734 555 opiniouum
1748 490 1887 558 semper
1900 463 1977 555 luit,
2003 491 2092 560 quae
2109 489 2165 537 res

1182 563 1227 634 sit
1242 565 1360 634 anima
1374 560 1541 637 bominis.

1280 695 1358 769 Etsi
1374 711 1489 770 autem
1505 700 1567 770 alii
1581 701 1684 772 aliter
1698 702 1808 773 locuti
1821 716 1922 790 sunt,
1947 716 2065 773 tamen
2080 703 2162 793 plu·

1181 797 1354 869 rimorum
1369 803 1561 872 sententiae
1577 817 1719 873 eatenus
1736 818 1946 892 congruunt,
1967 806 2060 895 quod
2080 828 2161 872 sen-

1180 914 1317 981 semnt‚
1343 901 1478 970 animas
1497 896 1669 972 humanas
1692 917 1754 974 aest
1777 928 1850 973 esse
1873 904 2016 995 spiritus
2037 904 2161 973 vitales

1179 1022 1219 1069 ac
1231 1001 1418 1084 animales,
1443 1015 1504 1071 aut
1521 1002 1653 1093 crasin.
1703 1003 1793 1073 Nam
1810 1006 1870 1096 qui
1890 1006 2054 1074 dixerunt
2077 999 2161 1073 bar-

1178 1101 1333 1169 moniam
1350 1125 1434 1184 esse,
1458 1117 1643 1173 senserunt
1656 1127 1729 1173 esse
1743 1109 1887 1199 κρᾶσιν.
1922 1103 2031 1175 Stoici
2048 1117 2081 1173 et
2099 1098 2161 1172 alii

1178 1201 1238 1291 qui
1254 1202 1418 1271 dixerunt
1433 1195 1575 1288 halitus,
1602 1219 1661 1274 aut
1676 1206 1794 1294 igneas
1810 1229 1900 1289 esse,
1927 1204 2085 1274 flammas
2103 1205 2161 1272 in·

1177 1301 1405 1380 tellexcrunt,
1432 1325 1520 1393 quae
1539 1317 1623 1375 sunt
1640 1305 1786 1397 spiritus
1802 1307 1935 1377 vitales.
1986 1302 2160 1394 Congruit

1177 1401 1280 1471 etiam
1297 1426 1376 1472 curn
1401 1395 1458 1470 bis
1479 1406 1662 1475 sententiis
1676 1406 1809 1476 dictum
1825 1404 2070 1497 Hippocratis,
2096 1403 2159 1497 qui

1175 1503 1253 1586 ait,
1266 1501 1396 1570 Anima
1414 1497 1570 1573 hominis
1592 1527 1728 1597 semper
1743 1507 1918 1594 gignitur,
1945 1507 1980 1573 id
1998 1520 2069 1589 est,
2095 1527 2158 1574 seu

1175 1604 1272 1672 calor
1285 1602 1468 1686 naturalis,
1483 1606 1744 1696 seuspiritusin
1755 1608 1945 1696 sanguine.
1965 1604 2157 1698 ltaquead·

1174 1703 1246 1772 dit:
1270 1700 1360 1772 Cum
1379 1699 1463 1772 baec
1477 1706 1594 1775 anima
1612 1707 1864 1792 iullammatur,
1876 1720 2024 1798 pereunt
2034 1719 2067 1775 et
2078 1728 2157 1774 cor-

1175 1825 1238 1892 pus
1251 1813 1285 1871 et
1300 1803 1429 1874 aniana.
1455 1802 1545 1873 Nam
1564 1829 1643 1876 cum
1660 1808 1758 1876 calor
1772 1820 1832 1878 aut
1844 1808 1989 1898 spiritus
2000 1830 2071 1874 non
2083 1829 2158 1875 ser-

1174 1903 2158 1998 vantiustamdispositionem,extinguunturanimantir.

1275 2034 1582 2107 verecundissime
1614 2040 1775 2110 omnium
1801 2038 1960 2112 Galenus
1985 2040 2156 2134 loquitur,

1174 2137 1235 2228 qui
1259 2137 1303 2205 de
1325 2131 1454 2207 Anima
1479 2139 1649 2209 nutritiva
1674 2153 1709 2210 et
1734 2143 1899 2211 sensitiva
1920 2167 1992 2210 non
2016 2142 2156 2212 dubitat

1173 2238 1377 2322 adfirmare,
1404 2260 1476 2307 esse
1496 2262 1554 2307 eas
1572 2246 1632 2310 aut
1655 2241 1799 2330 spiritus
1819 2242 1997 2313 naturales
2014 2256 2048 2313 et
2065 2241 2155 2312 vita-

1173 2339 1240 2422 les,
1265 2349 1326 2407 aut
1343 2338 1469 2407 crasin.
1504 2337 1573 2409 Sed
1585 2342 1629 2409 de
1640 2342 1806 2413 rationali
1822 2342 1925 2428 dicit,
1951 2366 2073 2412 senon
2090 2343 2154 2412 ad-

1172 2438 1331 2523 firmare,
1359 2462 1404 2506 an
1421 2435 1630 2537 λογιστικὸν
1651 2442 1696 2512 sit
1712 2444 1780 2513 alia
1796 2456 1921 2514 natura
1946 2444 2153 2536 incorporea
2232 2489 2233 2492 =

1173 2554 1205 2610 ct
1228 2540 1452 2630 seperabilis,
1477 2565 1521 2609 an
1536 2566 1620 2612 vero
1637 2543 1682 2614 sit
1704 2556 1828 2615 natura
1851 2568 2031 2638 corporea.
2082 2543 2154 2616 Sed

1171 2639 1332 2730 spiritum
1349 2639 1536 2711 animalem
1552 2656 1610 2715 aut
1630 2668 1722 2730 esse,
1747 2647 1844 2716 illam
1861 2647 1973 2737 ipsam
1997 2649 2152 2716 animam

1169 2741 1396 2824 rationalem,
1422 2755 1482 2813 aut
1502 2745 1700 2835 proximum
1716 2748 1791 2816 eius
1812 2771 1981 2835 organon.
2035 2746 2154 2817 Verba

1170 2842 1243 2909 eius
1260 2837 1344 2909 haec
1360 2843 1494 2911 suntin
1512 2845 1660 2935 septimo
1687 2847 1778 2917 libro
1795 2850 1839 2916 de
1858 2848 1997 2938 placitis
2011 2847 2152 2938 Hippo·

1169 2940 1272 3008 cratis
1296 2954 1328 3008 et
1345 2939 1520 3013 Platonis:
1572 2947 1618 3014 El
1641 2939 1766 3019 δὲκαὶ
1788 2945 1871 3042 napi
1891 2954 2015 3044 ψυχῆς
2038 2948 2152 3028 οὔσας

1168 3033 1438 3132 ἀποφήνασθαι
1470 3039 1562 3136 χρὴ,
1603 3040 1713 3118 δυοῖν
1746 3042 1912 3138 θάτερον
1943 3047 2151 3174 despectior
2212 3068 2223 3087 ·

1167 3141 1280 3213 εἰπεῖν
1292 3135 1316 3232 ἢ
1328 3144 1440 3212 τοῦτο
1454 3139 1547 3214 εἶναι
1560 3140 1604 3216 τὸ
1617 3140 1697 3218 οῖον
1711 3143 1898 3246 αὖγοειδὲς
1908 3173 1948 3220 τε
1963 3173 2028 3221 και
2042 3149 2151 3220 αἰθε-

1166 3238 1282 3338 ρῶδες
1303 3247 1412 3333 σῶμα
1438 3240 1582 3316 λεκτέον
1606 3239 1742 3340 αὐτήν,
1768 3243 1793 3342 ἢ
1815 3243 1934 3342 αὐτὴν
1955 3243 2026 3341 μὲν
2049 3241 2151 3321 doui-

1164 3366 1286 3432 ματον
1311 3335 1493 3437 ὑπάρχειν
1519 3340 1670 3431 οὐσίαν,
1712 3346 1834 3441 ὄχημα
1860 3344 1901 3420 dd
1933 3346 2150 3445 τὸπρῶτον
2228 3352 2232 3359 ’

1166 3439 1279 3534 αὐτῆς
1295 3437 1388 3513 εἶναι
1408 3450 1520 3516 τοῦτο
1541 3442 1584 3517 τὸ
1599 3450 1726 3539 σῶμα,
1754 3450 1874 3519 idest:
1901 3449 1964 3520 Sin
1983 3468 2099 3521 autem
2114 3465 2149 3524 et

1165 3545 1210 3612 de
1231 3542 1370 3611 animae
1393 3546 1588 3615 substantia
1605 3548 1742 3640 aliquid
1761 3553 2071 3641 pronunciandum
2087 3565 2150 3637 est,

1164 3644 1317 3712 duorum
1334 3643 1481 3712 alterum
1496 3646 1566 3714 dici
1582 3671 1720 3719 necesse
1735 3665 1804 3736 est,
1827 3665 1889 3721 aut
1905 3675 1977 3721 esse
1992 3677 2068 3721 eam
2084 3678 2147 3722 ve·

1165 3744 1218 3811 lut
1234 3743 1465 3812 substantiam
1480 3745 1634 3816 lucidam
1653 3761 1686 3819 ct
1701 3773 1828 3842 corpus
1846 3748 2059 3838 aethereum,
2086 3766 2148 3824 aut

1164 3843 1274 3933 ipsam
1296 3843 1438 3935 quidem
1461 3845 1704 3936 incorpoream
1725 3873 1818 3940 esse,
1853 3854 1912 3921 sed
1937 3867 2055 3922 tamen
2077 3848 2146 3924 hoc

1164 3966 1309 4034 corpus,
1342 3943 1475 4033 idest,
1508 3947 1672 4035 spiritum
1703 3950 1909 4036 animalem,
1941 3949 2144 4023 vehiculum

1163 4065 1247 4117 esse.
1295 4039 1344 4113 Et
1365 4056 1406 4114 ut
1427 4043 1557 4113 Galeni
1578 4049 1684 4118 verba
1704 4051 1816 4139 magis
1842 4053 2023 4145 perspicua
2046 4056 2143 4134 fiant,

1161 4143 1445 4213 distributionem
1461 4144 1620 4217 Platonis
1641 4145 1700 4216 hic
1719 4152 1836 4221 statim
1851 4151 1955 4223 initio
1976 4154 2143 4238 recitabo,

1162 4244 1363 4333 praesertim
1387 4269 1467 4312 cum
1488 4259 1523 4315 et
1544 4243 1768 4321 Aristotelica
1792 4253 2001 4323 insecundo
2019 4256 2063 4323 de
2081 4277 2143 4347 ge-

1159 4343 1341 4413 neration‘e
1353 4344 1575 4417 Animalium
1591 4372 1725 4421 cumea
1740 4365 1921 4440 congruat.

1257 4475 1360 4547 Plato
1376 4477 1513 4571 inquit,
1532 4493 1694 4551 naturam
1712 4478 1866 4556 bominis
1883 4510 1955 4557 esse
1970 4489 2140 4581 quiddam

117 4576 205 4670 quid
225 4573 275 4643 sit
289 4571 420 4641 Anima
437 4567 603 4643 hominis.
653 4569 722 4640 Hic
747 4595 829 4640 vero
849 4572 1024 4662 ingeniosi
1040 4570 1107 4642 bo-
1156 4577 1306 4645 monstri
1322 4577 1455 4661 simile,
1480 4592 1514 4650 et
1531 4582 1674 4675 quidem
1690 4582 1828 4678 Scyllae
1843 4587 1879 4655 in
1898 4588 2018 4660 Siculo
2035 4592 2140 4677 mari,

113 4677 237 4746 mines
251 4672 610 4763 rnnltadisputarunt.
661 4671 749 4740 Nam
773 4673 803 4739 si
825 4672 1000 4757 dicerent,
1027 4688 1106 4745 tan·
1156 4676 1256 4746 cuites
1272 4678 1403 4769 species
1419 4692 1471 4750 est
1494 4684 1827 4770 suprema,.similis
1842 4690 1994 4779 virgini,
2019 4705 2140 4782 pectus

116 4792 192 4847 tum
222 4796 301 4844 esse
329 4772 471 4842 vitalem
494 4773 657 4863 spiritum
692 4784 753 4840 aut
781 4785 1105 4862 temperamentum,
1155 4776 1271 4860 leoni,
1304 4779 1373 4847 ima
1400 4804 1478 4868 pars
1503 4782 1710 4852 latrantium
1736 4809 1876 4858 canaam,
1927 4788 1975 4862 Et
2003 4793 2053 4862 sic
2083 4794 2139 4863 10.

111 4881 211 4949 unde
225 4886 313 4943 sunt
327 4872 539 4962 intellectio,
564 4871 804 4956 ratiocinatio,
828 4876 1007 4958 memoria,
1033 4876 1104 4943 ele·
1135 4889 1313 4968 quuntur
1333 4879 1462 4972 aliqui,
1487 4880 1669 4952 Platonem
1689 4880 1761 4955 tres
1781 4890 1917 4958 animas
1939 4891 1976 4962 in
1992 4887 2137 4966 homine

112 4978 211 5048 ctio?
263 4972 344 5044 Hae
362 4974 517 5043 actiones
544 4996 616 5042 non
640 4973 807 5042 videntur
836 4995 910 5042 esse
937 4976 1102 5045 materiae
1144 5001 1295 5064 ponere,
1322 4980 1440 5050 infima
1458 4994 1509 5049 est
1527 4982 1786 5080 ἐπιθυμητικὴ,
1814 4991 2136 5068 cuinssedemesge

115 5075 353 5150 elementaris.
401 5073 542 5151 Deinde
565 5074 595 5142 si
613 5073 730 5142 anima
752 5068 907 5142 bominis
928 5090 1101 5165 superstes
1151 5101 1234 5166 epar
1257 5077 1392 5172 inquit,
1417 5104 1523 5151 vorax
1545 5086 1638 5154 etad
1662 5086 1830 5158 libidines
1853 5116 1982 5183 prona,
2006 5087 2136 5170 canum

114 5193 163 5250 cst
183 5177 341 5248 extincto
358 5197 526 5266 corpore,
561 5197 634 5242 non
658 5175 726 5244 erit
741 5174 884 5265 spiritus
900 5175 1017 5244 vitalis
1040 5190 1101 5248 aut
1150 5179 1285 5248 similis.
1333 5179 1429 5250 Haec
1443 5185 1689 5278 complectitur
1707 5189 1908 5263 facultatem
1925 5197 2133 5268 nutritivam

112 5290 442 5374 temperamentum.
483 5273 572 5348 (ium
588 5274 698 5366 igitur
713 5275 902 5346 discrimen
918 5300 991 5347 esse
1006 5277 1100 5348 inter
1150 5293 1184 5350 et
1201 5281 1450 5371 generativam,
