4538 5754
111 186 238 310 eser
712 227 777 301 rx.
827 216 1535 312 connnurnnnnvrsnunoe
2056 168 2212 308 ress

105 431 130 479 s
145 405 291 477 nostris
306 402 494 496 operibus,
517 416 555 472 et
574 401 721 472 mandat
736 402 1012 494 utscquiescant
1026 423 1114 469 con·
1165 399 1261 478 vult,
1304 389 1489 467 Abrabam
1518 411 1698 490 receptum
1729 421 1802 471 esse
1828 416 1972 493 propter
1996 405 2154 495 dignm,

107 509 290 582 scientiae
312 508 352 576 in
375 500 519 577 Christo
544 504 639 588 solo,
666 515 701 574 et
723 516 868 594 propter
884 499 981 574 hunc
997 502 1113 573 solum
1165 514 1234 569 tem
1258 499 1428 571 virtutem
1449 499 1580 589 ipsius,
1615 503 1677 570 sed
1707 527 1787 572 cum
1812 501 1997 576 Abraham
2017 507 2057 576 in
2078 509 2151 581 inis

106 623 279 685 statuant
292 607 398 680 nobis
413 606 547 677 remitti
563 620 720 694 peccata,
742 629 814 683 ¹nos
828 607 987 696 reputari
1000 606 1115 675 iustos
1165 602 1376 693 pavoribus,
1403 602 1465 695 qui
1481 603 1732 675 describuntur
1748 606 1786 674 in
1803 604 1957 693 Genesi,
1982 632 2151 699 agnosce.

108 735 242 785 corarn
257 709 353 791 Deo,
380 729 443 779 sen
459 722 621 800 acceptos
643 731 718 778 esse
738 721 773 778 et
789 709 946 798 placere,
972 720 1115 779 tantum
1164 718 1218 774 ret
1241 704 1489 793 indignitatem
1512 728 1630 790 suam,
1656 721 1691 777 et
1704 721 1841 778 erectus
1865 735 1951 779 voce
1973 709 2062 796 Dei,
2087 716 2151 806 qui

108 829 269 908 propter
295 809 391 882 hunc
412 809 684 903 propiciatorem
702 805 906 895 Christum,
931 834 1005 880 non
1028 832 1113 901 pro-

108 932 199 1008 pter
215 916 289 986 ulla
305 927 427 984 nostra
444 933 563 1003 opera.

228 1015 277 1087 Et
293 1018 331 1085 in
347 1040 431 1085 vera
448 1013 640 1085 certamine
656 1009 872 1086 conscicntia
891 1036 966 1083 non
989 1012 1114 1103 dispu-

108 1134 192 1204 tat,
219 1115 281 1188 An
298 1119 395 1190 Deus
411 1115 456 1187 sit
471 1117 690 1199 misericors,
716 1136 762 1183 an
778 1111 933 1186 remittat
954 1126 1113 1206 peccata:

109 1222 282 1313 agnoscit
303 1221 399 1289 enim
425 1216 543 1289 Deum
571 1240 646 1286 esse
668 1217 954 1302 misericordem,
984 1229 1019 1288 et
1045 1217 1113 1286 ali-

110 1347 212 1418 quos
226 1323 381 1404 salvare,
398 1322 460 1390 sed
476 1321 568 1391 illud
584 1321 758 1410 disputat,
775 1343 822 1389 an
837 1318 995 1410 indiguis
1010 1319 1114 1408 igno-

111 1438 214 1510 scat,
248 1447 295 1494 an
317 1423 423 1493 nobis
446 1423 532 1494 velit
564 1446 638 1492 esse
664 1422 858 1512 propicius.
920 1419 1004 1491 ldeo
1027 1435 1113 1492 sunt

110 1527 278 1598 docendi
308 1526 377 1616 pii,
412 1526 684 1616 promissionem
713 1548 787 1593 esse
810 1523 1047 1595 universalem
1074 1536 1110 1593 et

111 1629 325 1720 gratuitam.

224 1725 315 1800 Cum
340 1729 450 1818 igitur
472 1729 640 1800 omnibus
656 1729 884 1821 promittatur
898 1727 1031 1817 gratia,
1054 1726 1112 1794 in-

112 1834 241 1904 cludat
262 1855 299 1901 se
321 1832 472 1925 quisque
494 1832 531 1898 in
555 1831 654 1901 illam
675 1830 931 1915 universalem,
957 1852 998 1898 ac
1023 1827 1113 1898 sciat

112 1956 203 2004 vere
231 1955 267 2002 se
292 1932 462 2003 beneficia
489 1928 623 2004 Christi
652 1931 839 2025 consequi,
870 1932 900 2003 si
931 1931 1052 2003 credat
1072 1954 1112 1998 ea

112 2036 190 2107 sibi
204 2035 423 2124 contingere.
461 2031 534 2103 Nec
554 2047 701 2128 quaerat
714 2047 811 2104 entra
825 2034 972 2104 verbum
986 2034 1030 2102 de
1047 2056 1112 2102 vo-

112 2138 258 2208 luntate
284 2135 368 2217 Dei,
396 2136 457 2204 scd
479 2148 609 2207 statuat
629 2134 745 2206 Deum
771 2159 928 2206 veracem
952 2157 1044 2219 esse,
1077 2147 1113 2203 et

112 2261 203 2308 vere
228 2233 393 2307 exhibere
423 2237 606 2325 promissa.
657 2236 755 2308 Sciat
786 2237 891 2307 etiam
922 2236 1110 2327 gratuitam

113 2362 192 2411 csse
217 2340 515 2429 promissionem,
538 2363 577 2408 ac
602 2334 762 2409 exhiberi
790 2363 863 2408 non
887 2351 1031 2430 propter
1054 2337 1107 2405 di-

112 2442 292 2533 gnitatem
321 2455 499 2523 nostram,
534 2464 607 2511 non
640 2454 788 2533 propter
817 2438 940 2510 merita
976 2451 1110 2525 nostra,

113 2564 248 2634 opera,
273 2556 335 2613 aut
356 2544 523 2626 virtutes,
561 2567 685 2612 verum
717 2539 937 2634 apprehendi
957 2543 1025 2612 lide
1046 2566 1109 2610 ne-

114 2655 292 2717 cesseest.

225 2743 273 2816 Ut
298 2744 408 2834 igitur
440 2744 477 2812 in
498 2745 591 2815 veris
614 2746 808 2835 pavoribus
831 2741 1024 2816 habeamus
1047 2745 1109 2813 fir-

113 2870 217 2917 mam
239 2846 541 2930 consolationem,
567 2871 632 2916 nec
654 2849 895 2919 deterreamur
919 2859 1109 2938 conspectu

114 2948 344 3038 indignitatis
375 2962 410 3018 et
441 2949 689 3036 magnitudine
723 2963 926 3020 nostrorum
949 2964 1109 3041 peccato-

112 3070 219 3134 run,
234 3049 388 3120 tenenda
405 3062 457 3119 est
472 3044 560 3120 haec
579 3049 772 3138 exclusiva,
787 3054 882 3146 quod
896 3053 1007 3141 'gratis
1022 3075 1108 3120 con-

112 3151 260 3239 tingant
275 3164 421 3243 propter
436 3146 618 3223 Christum
642 3151 803 3223 remissio
827 3167 1050 3244 peccatorum
1073 3168 1110 3224 et

113 3252 307 3343 imputatio
326 3251 506 3335 iusticiae,
533 3255 641 3324 modo
657 3267 697 3324 ut
711 3255 780 3325 fide
793 3250 1108 3346 apprehendamus.

114 3351 161 3423 ln
180 3348 273 3423 hanc
298 3355 511 3427 sententiam
526 3355 660 3426 dicitur
683 3356 757 3427 sola
776 3356 960 3440 fideiusti,
985 3358 1023 3426 id
1045 3369 1113 3437 est,¹

113 3455 250 3546 accepti
266 3478 400 3526 sumus
452 3453 667 3529 Excluditur
690 3457 785 3529 enim
807 3457 965 3530 conditio
979 3458 1108 3545 meriti,

111 3579 192 3628 non
212 3551 282 3628 hoc
293 3558 467 3645 traditur,
481 3583 529 3629 ne
541 3560 634 3630 adsit
649 3561 835 3653 contritio,
855 3585 900 3631 ue
914 3575 1108 3656 sequantur

111 3658 213 3730 bons
226 3680 353 3751 opera,
373 3662 435 3730 sed
449 3656 519 3731 hoc
535 3662 762 3751 significatur,
776 3687 851 3733 nou
862 3677 1008 3755 propter
1021 3686 1106 3733 con-

110 3760 301 3832 tsitionem
318 3775 522 3853 europem,
548 3777 609 3834 aut
624 3765 774 3836 virtutes
794 3781 934 3838 nostras
947 3766 1026 3836 dari
1049 3789 1105 3834 re·

108 3863 346 3947 missionem,
364 3865 426 3932 sed
445 3866 554 3954 gratis
571 3879 717 3956 propter
731 3863 925 3940 Christum.
961 3866 1002 3937 ld
1020 3891 1106 3938 con-

108 3964 231 4034 firmat
246 3961 379 4034 Paulus
402 3965 495 4036 clare
515 3962 621 4038 Rom.
646 3967 697 4039 3.:
732 3965 968 4040 iustihcamur
999 3968 1106 4061 gratis

107 4064 182 4136 tide
197 4079 262 4136 etc.
302 4061 444 4138 Etcum
461 4063 528 4138 hac
543 4068 611 4139 fide
629 4070 814 4160 eriguntur
829 4071 958 4157 animi,
984 4073 1105 4140 conci-

107 4167 219 4259 piunt
234 4164 409 4258 Spiritum
432 4183 614 4256 sanctum,
639 4186 679 4243 ut
700 4171 750 4243 ait
772 4169 903 4242 Paulus
924 4175 968 4243 ad
995 4169 1105 4243 Gala-

105 4283 184 4355 tas,
210 4282 252 4340 ut
267 4270 457 4360 promissio
471 4272 617 4364 spiritus
635 4275 739 4344 detur
757 4274 952 4366 perfidem.

213 4368 311 4441 Haec
353 4387 405 4444 est
440 4374 603 4445 doctrina
629 4372 736 4453 Pauli
765 4378 808 4446 de
843 4375 1102 4449 iustificatione.

104 4470 237 4543 Postea
253 4474 416 4544 addenda
433 4490 484 4547 est
502 4474 663 4548 doctrina
682 4478 725 4547 de
741 4477 846 4548 bonis
862 4480 1049 4571 operibus,
1064 4479 1103 4547 in

104 4575 242 4669 quibus
259 4589 377 4645 tamen
392 4578 511 4648 lucere
525 4578 612 4648 fides
634 4579 695 4648 illa
710 4602 846 4670 semper
865 4581 987 4665 debet,
1013 4605 1103 4673 quae

103 4677 235 4750 statuit
261 4690 356 4747 certo
392 4680 498 4748 nobis
523 4677 639 4750 Deum
673 4682 870 4773 propicium
897 4705 970 4751 esse
996 4683 1103 4771 gratis

1163 808 1235 892 ait,
1259 804 1345 876 Noli
1359 807 1501 891 timere,
1528 808 1685 878 crederet
1701 824 1735 881 ct
1748 811 1940 884 confideret
1959 837 1996 884 se
2020 809 2152 888 babere

1164 907 1279 979 Deum
1309 909 1525 1001 propicium,
1568 922 1603 979 et
1631 914 1830 995 custodem,
1872 938 1913 984 ac
1938 915 2152 989 salvatorem

1163 1024 1310 1103 propter
1325 1011 1437 1103 ipsius
1457 1012 1756 1100 misericordiam,
1779 1029 1815 1086 et
1831 1017 1921 1086 ittud
1936 1017 2152 1108 promissum

1165 1137 1304 1194 semen,
1329 1137 1401 1207 quo
1417 1111 1514 1183 Deus
1529 1114 1791 1186 instauraturus
1808 1129 1883 1190 erat
1899 1133 2062 1190 naturam
2081 1114 2152 1191 hu·

1164 1239 1305 1284 manam
1336 1216 1452 1286 deleto
1477 1229 1629 1305 peccato.
1694 1215 1775 1288 Huc
1814 1222 1951 1291 etiarnsi
1984 1223 2152 1295 accedant

1166 1333 1283 1411 postea
1309 1319 1378 1388 alia
1407 1318 1510 1408 plura
1539 1319 1676 1388 obiecta
1704 1319 1807 1407 fidei,
1847 1335 1965 1392 tamen
1993 1324 2154 1415 primum

1165 1421 1298 1511 agnitio
1317 1434 1351 1490 et
1365 1420 1491 1490 fiducia
1512 1420 1794 1508 misericordiae,
1816 1447 1885 1516 qua
1904 1425 2076 1516 accipitur
2094 1449 2154 1495 re-

1165 1524 1286 1592 missio
1304 1535 1546 1613 peccatorum,
1563 1525 1770 1613 praecedere
1788 1526 1904 1598 debet.
1926 1587 1928 1591 ,
1946 1522 2030 1596 ldeo
2045 1550 2151 1618 expe·

1164 1638 1235 1696 ctat
1250 1624 1417 1694 beneficia
1432 1637 1576 1710 caetero,
1592 1625 1833 1716 posteritatem
1850 1642 1884 1699 et
1894 1628 2153 1723 defensionem,

1165 1728 1247 1820 quia
1270 1726 1384 1797 credit
1403 1749 1440 1796 se
1454 1722 1584 1796 habere
1601 1726 1843 1799 remissionem
1860 1743 2096 1820 peccatorum.

1265 1828 1325 1899 Sic
1341 1829 1384 1898 dc
1397 1828 1466 1897 fide
1481 1831 1612 1920 passim
1628 1829 1885 1900 concionantur
1900 1833 2095 1904 sententiae
2112 1832 2152 1901 iu

1163 1926 1352 2022 Prophetis
1366 1943 1400 2000 et
1417 1927 1610 2022 Apostolis.
1662 1931 1783 2000 David
1808 1932 1876 2001 tide
1898 1934 2074 2024 praestitit
2086 1957 2150 2026 pa·
2236 1934 2240 1940 ’

1163 2033 1326 2102 tientiam
1346 2045 1382 2102 et
1402 2029 1597 2124 expectavit
1610 2033 1871 2120 defensionem,
1898 2036 1959 2104 sed
1980 2059 2021 2106 eo
2045 2059 2150 2128 expe·

1163 2135 1286 2214 ctavit‚
1312 2135 1394 2228 quia
1418 2135 1575 2225 primum
1598 2135 1782 2220 credebat,
1806 2159 1843 2204 se
1867 2160 1929 2229 per
1951 2138 2150 2208 misericor-

1163 2237 1258 2305 diam
1279 2234 1355 2307 Deo
1380 2235 1535 2328 placere,
1562 2250 1707 2328 propter
1730 2238 1945 2329 promissum
1972 2239 2150 2329 propicia·

1163 2351 1288 2407 torem.
1346 2334 1402 2408 En
1433 2335 1489 2410 his
1519 2339 1689 2431 exemplis
1710 2354 1844 2410 caetera
1876 2340 2028 2410 iudicari
2048 2341 2151 2411 facile
2252 2349 2260 2370 '

1163 2453 1329 2531 possunt,
1353 2453 1387 2510 et
1403 2443 1629 2534 perspicuum
1654 2455 1723 2527 est,
1746 2439 1899 2512 Paulum
1925 2455 2017 2514 recte
2042 2443 2153 2514 citare

1162 2543 1256 2614 dicta
1275 2546 1319 2611 de
1335 2542 1423 2623 tide,
1449 2568 1514 2615 nec
1529 2545 1654 2613 ludere
1666 2544 1898 2634 ambiguitate
1915 2545 2022 2618 vocis.

1264 2643 1421 2714 Proinde
1440 2648 1528 2716 etin
1544 2642 1611 2716 hoc
1630 2642 1793 2732 Psalmo,
1820 2669 1901 2716 curn
1913 2645 1978 2717 ait:
2003 2641 2036 2713 A
2053 2667 2149 2714 uun·

1161 2750 1216 2818 cio
1232 2748 1326 2816 malo
1342 2770 1416 2814 non
1430 2748 1581 2820 timebit.
1622 2743 1787 2815 Firmum
1803 2773 1865 2818 cor
1878 2745 1953 2818 cius
1969 2746 2151 2817 confidens

1161 2848 1257 2934 Deo,
1280 2848 1324 2917 ad
1350 2850 1501 2918 cundem
1527 2852 1672 2918 modum
1696 2849 1783 2918 fides
1807 2847 2042 2938 intelligatur:
2075 2847 2152 2940 pri·

1162 2976 1259 3020 mum
1277 2953 1321 3020 de
1337 2951 1463 3020 fiducia
1479 2950 1761 3040 misericordiae,
1787 2974 1856 3044 qua
1880 2948 2073 3043 accipimus
2094 2974 2151 3021 re-

1162 3053 1365 3121 missionem
1384 3066 1623 3142 peccatorum,
1648 3076 1835 3144 quaecum
1852 3052 1951 3122 adest
1967 3052 2073 3122 etiam
2090 3076 2150 3121 ex·

1161 3168 1277 3247 pectat
1299 3167 1333 3224 et
1355 3154 1442 3245 petit
1466 3155 1659 3237 auxilium,
1693 3153 1934 3223 defensionem
1962 3165 1997 3224 et
2019 3152 2147 3223 libera·

1161 3257 1294 3327 tionem
1313 3253 1438 3328 aDeo.
1729 3262 1733 3266 '

1260 3356 1344 3428 ldeo
1360 3371 1477 3428 autem
1495 3353 1654 3425 doctriua
1669 3357 1712 3424 de
1727 3351 1794 3426 hac
1809 3357 1894 3445 lide,
1915 3357 1959 3427 de
1973 3380 2045 3453 qua
2063 3379 2156 3428 cou-¹

1159 3462 1350 3533 cionantur
1366 3456 1498 3528 Paulus
1522 3469 1555 3526 et
1572 3454 1708 3544 David,
1734 3459 1884 3529 obscura
1907 3472 1977 3544 est,
2003 3459 2086 3553 quia
2109 3461 2150 3528 in

1158 3558 1226 3634 hac
1241 3561 1470 3654 corruptione
1491 3571 1640 3628 naturae
1655 3553 1803 3631 haerent
1825 3561 1862 3628 in
1883 3558 2045 3631 omnium
2069 3560 2149 3630 ani·

1159 3665 1226 3734 mis
1253 3664 1429 3737 dubitatio
1455 3662 1499 3730 de
1516 3661 1703 3732 voluntate
1719 3658 1788 3733 Dei
1813 3685 1893 3752 erga
1916 3685 1997 3732 nos:
2024 3685 2149 3735 omnes

1158 3769 1198 3837 iu
1211 3764 1269 3839 his
1284 3766 1441 3838 tenebris
1454 3758 1603 3834 humani
1619 3764 1756 3852 generis
1776 3763 1987 3835 naturaliter
2001 3776 2062 3836 aut
2078 3763 2147 3835 du·

1158 3870 1330 3954 bitamus‚
1366 3892 1411 3937 an
1434 3867 1534 3938 Deus
1555 3862 1731 3954 ignoverit
1753 3866 1878 3948 nobis,
1903 3887 1949 3934 an
1982 3866 2148 3937 exaudiat

1158 3985 1192 4042 et
1214 3984 1312 4041 curet
1330 3994 1415 4055 nos,
1436 3980 1498 4041 aut
1520 3965 1719 4038 iudicamus
1742 3992 1808 4037 nos
1832 3968 2148 4059 pmrsusabiectos

1157 4097 1242 4148 esse.
1294 4070 1366 4143 Nec
1381 4072 1470 4142 ratio
1489 4068 1656 4158 intelligit
1681 4064 1773 4140 hanc
1786 4068 2045 4140 dubitationem
2072 4089 2150 4138 esse

1158 4189 1348 4265 peccatum.
1383 4173 1467 4242 Ideo
1485 4171 1680 4257 adversarii
1698 4173 1809 4241 nostri
1827 4171 1953 4241 iubent
1972 4170 2147 4255 dubitare,
2174 4237 2180 4244 .

1157 4291 1190 4347 et
1205 4290 1334 4367 negant
1350 4273 1608 4344 dubitationem
1624 4296 1697 4343 esse
1712 4285 1904 4364 peccatum,
1931 4283 1967 4342 et
1985 4293 2148 4341 corrum—
2248 4276 2251 4281 ’

1156 4393 1246 4470 punt
1270 4378 1362 4447 dicta
1385 4374 1487 4445 Pauli
1512 4376 1557 4443 de
1573 4375 1661 4460 fide,
1685 4375 1907 4443 contendunt
1929 4373 2033 4442 fidem
2051 4365 2148 4442 nihil

1155 4479 1364 4571 significare,
1380 4476 1447 4548 nisi
1465 4477 1633 4547 noticiam
1650 4471 1828 4561 historiae,
1843 4475 1959 4568 qualis
1975 4487 2025 4547 est
2040 4475 2146 4545 etiam

1155 4584 1193 4652 in
1210 4582 1328 4671 impiis
1343 4581 1378 4652 cl
1393 4581 1432 4648 in
1448 4579 1602 4651 diabolo.

1257 4681 1326 4753 Hic
1350 4683 1428 4752 iure
1453 4678 1669 4772 deploranda
1694 4692 1745 4748 est
1760 4675 1944 4749 Ecclesiae
1955 4675 2162 4759 calamitas,

104 4792 258 4871 propter
271 4772 474 4867 Christum,
501 4796 536 4853 et
550 4805 615 4852 nos
631 4806 752 4853 curare
772 4799 806 4854 et
819 4784 998 4858 mandire.
1031 4781 1102 4854 Sed
1154 4786 1249 4880 quod
1268 4797 1385 4856 tantae
1403 4784 1567 4855 tenebrae
1582 4780 1777 4851 doctrinam
1795 4781 2062 4851 ecclesiasticam
2077 4779 2146 4848 ob-

104 4881 154 4950 de
175 4880 283 4950 bonis
304 4883 474 4970 operibus
497 4908 559 4953 seu
583 4886 627 4955 de
653 4909 746 4955 nova
762 4886 965 4958 obedientia
983 4899 1102 4978 postea

1155 4902 1321 4974 ruerunt,
1340 4902 1381 4957 ut
1400 4886 1485 4981 quid
1502 4883 1673 4975 significet
1687 4883 1900 4954 vocabulum
1919 4882 2020 4966 fidei,
2035 4904 2145 4972 quaes

101 4983 236 5055 ‘llam‘
289 4979 318 5051 Ρ
321 4983 394 5053 ‘lu‘
408 4987 503 5054 enlm
521 4987 614 5055 dlssll
633 4989 677 5056 de
691 4987 777 5072 Βᾶθι
805 5012 894 5081 quae
909 4989 993 5058 citat
1006 4986 1100 5058 Pau·
1154 4993 1306 5060 rendum
1323 4990 1378 5060 sit.
1431 4987 1503 5057 Nec
1520 4999 1570 5056 est
1587 4985 1664 5054 leve
1681 4996 1869 5057 certamen.
1922 4981 2011 5052 Nam
2030 4985 2058 5051 si
2080 5008 2144 5051 vo-

101 5087 182 5168 lus,
205 5083 390 5169 adiiciam,
407 5103 447 5157 ut
461 5102 628 5179 appareat
646 5090 707 5157 illa
722 5090 815 5161 dicta
838 5112 1051 5180 congruere,
1067 5105 1102 5161 et
1133 5122 1136 5127 ·
1153 5092 1320 5163 rabulum
1338 5090 1419 5160 iidei
1435 5103 1530 5160 recte
1543 5087 1786 5176 intelligerent
1802 5085 2014 5169 adversarii,
2040 5084 2146 5152 facile

101 5177 399 5280 ωῑσύμφωνα·
1153 5191 1209 5263 his
1233 5192 1335 5262 dictis
1351 5190 1455 5262 Pauli
1479 5190 1752 5261 assentirentur:
1779 5186 1963 5258 luctificati
1987 5187 2056 5254 hde
2083 5208 2146 5273 pa-

209 5286 253 5358 lu
277 5284 409 5359 Genesi
434 5290 585 5361 dicitur:
617 5289 777 5363 Credidit
799 5289 982 5363 Abraham
1008 5295 1112 5381 Deo,¹
1153 5292 1427 5366 cemhabemus.
1463 5291 1532 5365 Sed
1551 5292 1636 5386 qnia
1653 5292 1895 5381 imaginantur
1918 5290 1986 5357 lide
2006 5300 2146 5378 tantum

96 5405 135 5465 et
148 5392 370 5484 imputatum
390 5393 556 5491 esteiad
574 5394 762 5475 iusticiam.
810 5394 1006 5467 Nouenim
1031 5393 1100 5467 hoc
1152 5398 1341 5488 significari
1364 5396 1532 5467 noticiam
1550 5391 1737 5479 historiae,
1761 5395 1900 5487 qualem
1920 5399 2056 5460 constat
2073 5405 2148 5457 esse
