4538 5754
124 238 201 322 iii
417 282 422 293 ·
556 278 601 285 ··
758 244 822 324 Ν,
862 241 1137 322 naumann
1188 237 1561 320 autuonsom-
2069 246 2154 330 ldd
2202 316 2207 321 .

123 440 215 508 opns
230 417 463 511 eritperiects
479 438 603 487 eorum
617 416 832 508 cognitione.
877 420 1012 489 Verum
1028 418 1112 512 quia
1158 414 1248 505 gici,
1272 415 1335 508 qni
1349 415 1421 484 sint
1437 406 1687 505 philosophici.
1736 410 1789 486 Ac
1804 410 2042 511 philosophici
2057 444 2148 515 pos--

123 519 163 587 in
178 519 349 590 civilibus
373 519 530 610 negociis
555 541 658 611 saepe
679 521 836 594 existunt
855 521 1112 614 disputationes
1158 532 1242 588 sunt
1256 519 1326 608 peti
1341 540 1384 586 ex
1406 516 1565 606 partibus
1585 512 1758 598 hominis,
1781 518 1893 603 ratio,
1915 533 2026 603 artes,
2052 548 2142 616 peu.

121 621 402 706 desirantibus,
429 625 474 691 de
496 620 613 701 vitiis,
639 624 684 692 de
703 623 870 708 iortnna,
896 625 941 692 de
962 622 1112 711 legibus,
1158 620 1296 698 dentis,
1339 617 1472 701 virtus,
1515 614 1680 702 affectus,
1722 623 1960 707 consuetudo,
2001 648 2140 718 corpus,
2246 704 2250 721 ἢ

122 725 169 791 de
184 724 459 798 consuetudine.
510 724 596 793 ldeo
617 718 778 796 rhetores
799 720 928 795 honam
951 725 1111 795 locorum
1158 721 1291 804 forma,
1316 731 1422 804 aetas,
1448 719 1602 802 fortuna,
1626 716 1784 800 divitiae,
1809 726 2028 812 oeconomia,
2053 750 2141 798 con-

124 825 295 916 precipue
314 825 531 895 mentionem
553 825 709 910 iaciunt,
747 827 809 920 qui
843 838 961 897 tamen
994 846 1111 919 neque
1159 821 1314 911 logium,
1345 820 1506 890 educatio
1532 819 1748 905 liberorum,
1779 822 1921 912 politia,
1953 828 2140 917 magistra-

124 926 279 1016 perfecte
295 927 466 1016 intelligi,
492 948 608 1018 neque
623 928 764 1018 copiose
785 952 825 998 ac
848 929 945 997 varie
968 925 1110 996 tractari
1158 936 1232 1002 tus,
1258 921 1333 1011 lex,
1361 921 1514 1009 bellum,
1536 943 1611 1013 pas.
1664 918 1782 992 Facile
1795 937 1847 993 est
1868 939 1984 996 autem
2011 953 2140 1019 genera

124 1041 284 1116 possunt,
310 1028 382 1096 nisi
399 1027 550 1117 cognitis
564 1028 637 1098 illis
652 1030 807 1115 artibus,
830 1029 869 1097 in
887 1029 1018 1122 quilius
1031 1052 1111 1096 ven-
1159 1023 1299 1114 partiri,
1323 1034 1359 1090 et
1380 1023 1525 1107 videre,
1554 1045 1646 1114 quae
1666 1022 1882 1111 sententiae,
1907 1051 1998 1118 quae
2021 1055 2139 1101 exem·

125 1140 260 1200 santur.
314 1130 589 1218 Quarenecesse
607 1142 659 1200 est
674 1133 718 1201 ad
732 1132 822 1201 bene
837 1131 1028 1201 dicendum
1046 1130 1109 1199 ad·
1159 1125 1236 1214 pla,
1262 1147 1352 1217 quae
1368 1123 1640 1205 similitudines,
1666 1125 1706 1192 in
1720 1125 1879 1218 qualibet
1894 1131 2007 1217 specie
2028 1135 2142 1204 collo-

123 1232 207 1299 dere
231 1231 389 1301 studium
411 1232 571 1300 omnium
596 1232 829 1302 maximarum
852 1231 1003 1316 artium,
1028 1225 1109 1322 phi·
1158 1225 1231 1295 cari
1254 1227 1417 1297 debeant.
1474 1223 1529 1294 De
1554 1221 1619 1294 hac
1642 1227 1779 1296 ratione
1800 1232 2014 1316 annotandi,
2047 1249 2144 1306 extat·

122 1327 330 1420 losophiae,
364 1332 547 1401 doctrinae
573 1332 776 1422 religionis,
815 1333 907 1404 iuris
928 1348 961 1404 et
994 1328 1109 1402 histo·
1156 1321 1340 1417 Rodolphi
1357 1325 1544 1416 Agricolae
1559 1322 1739 1418 Epistola,
1763 1352 1870 1421 quam
1888 1329 1993 1400 velim
2017 1337 2141 1406 adole·

121 1433 269 1506 riarum.
1156 1429 1335 1499 scentibus
1348 1429 1501 1521 proponi
1516 1430 1560 1497 ad
1576 1429 1724 1498 verbum
1741 1429 1981 1508 ediscendum.

227 1531 376 1604 interim
395 1545 512 1602 tamen
535 1527 603 1603 hoc
626 1534 783 1604 studium
804 1534 993 1624 colligendi
1015 1533 1107 1602 dieta
1713 1603 1720 1618 ,

122 1635 357 1725 scriptorum,
384 1629 491 1705 habet
510 1636 664 1727 aliquam
680 1635 879 1721 utilitatem,
905 1635 1108 1726 praesertim
1493 1601 1554 1670 De
1582 1593 1800 1695 ⁰ff⁶⁰f⁸bi⁴¹⁸0

120 1736 426 1806 inadoleseentia.
477 1733 621 1806 Habent
636 1738 731 1805 enim
748 1738 859 1806 multa
878 1738 1013 1806 lumina
1029 1760 1109 1805 ver·
1258 1729 1308 1802 Ut
1320 1731 1388 1800 loci
1404 1755 1610 1801 communes
1635 1747 1851 1823 sparguntur
1870 1735 1909 1805 in
1931 1740 2167 1831 orationem„

121 1840 252 1907 Meum
276 1850 313 1907 et
343 1837 472 1906 multas
495 1837 642 1926 figuras,
678 1853 717 1908 ut
740 1838 879 1926 elegans
901 1831 1107 1930 metaphora
1157 1834 1203 1902 ita
1219 1833 1364 1904 affectus
1378 1846 1517 1924 oportet
1532 1856 1572 1902 ac
1585 1847 1703 1904 motus
1717 1839 1887 1928 quosdam
1904 1842 2058 1911 orationi
2076 1849 2141 1914 ad.

121 1951 175 2008 est
189 1937 230 2007 iu
247 1960 353 2007 versu
368 1939 412 2006 de
434 1939 662 2028 experientia.
712 1937 918 2035 Discipulos
938 1952 990 2009 est
1011 1939 1108 2030 prio·
1155 1939 1250 2006 dere.
1305 1933 1464 2005 Affectus
1484 1947 1601 2004 autem
1624 1935 1791 2008 oriuntur
1810 1963 1850 2007 ex
1872 1939 2138 2034 locisexpeten·

123 2041 176 2111 ris
190 2038 367 2130 posterior
384 2039 469 2107 dies.
510 2037 634 2132 Neque
650 2041 766 2110 solum
783 2055 927 2131 propter
943 2053 1108 2110 venusta·
1156 2039 1283 2105 dorum
1301 2059 1340 2105 ac
1362 2037 1632 2124 fugiendorum,
1657 2061 1746 2129 quos
1771 2039 1809 2106 in
1831 2061 1957 2128 genere
1978 2049 2138 2118 suasorio

122 2153 195 2210 tem
208 2140 390 2223 citantur,
411 2142 593 2208 sedetiam
613 2156 758 2232 propter
774 2142 1018 2226 autoritatem,
1044 2136 1109 2209 ha·
1155 2151 1188 2207 et
1204 2137 1481 2207 demonstrativo
1499 2138 1757 2222 recensuimus,
1782 2140 1945 2212 videlicet
1960 2168 2000 2214 ex
2024 2140 2139 2219 hone·

122 2242 208 2312 bent
222 2239 322 2310 enim
338 2240 436 2310 velut
451 2245 591 2332 pondus
606 2243 811 2326 testimonii,
834 2244 951 2335 quiaa
971 2243 1109 2332 magnis
1155 2253 1228 2322 sto,
1258 2239 1374 2329 turpi,
1404 2237 1485 2309 utili
1508 2252 1542 2309 et
1563 2238 1704 2324 inutili,
1736 2240 1826 2309 Nam
1858 2238 2003 2315 honesta
2032 2262 2141 2344 atque
2201 2302 2204 2314 .

121 2342 208 2412 viris
225 2340 388 2433 proditae
401 2355 503 2421 susat,
530 2343 620 2412 sicut
636 2341 811 2431 Virgilius
825 2338 1011 2414 Ennianos
1028 2367 1109 2413 ver·
1154 2340 1255 2409 utilia
1280 2355 1463 2410 merentur
1486 2362 1656 2415 amorem.
1721 2341 1876 2432 Turpia,
1909 2341 2139 2423 abhorrentia

122 2465 180 2514 sus
202 2456 270 2514 stto
290 2443 445 2533 poie'mati
466 2456 611 2534 propter
625 2445 831 2533 gravitatem
850 2446 1011 2520 inseruit.
1061 2443 1109 2515 Et
1154 2455 1293 2526 natura,
1319 2442 1464 2525 iniusta,
1491 2443 1674 2526 damnosa,
1699 2445 1852 2515 oderunt
1866 2440 2038 2519 homines.
2065 2449 2140 2520 Mi-

119 2543 246 2615 Cicero
269 2543 381 2613 multa
404 2544 507 2628 citat,
538 2557 579 2614 ut
608 2547 842 2640 quomobrem
872 2540 1110 2640 ἐπιχαρμείον
1154 2543 1380 2612 sericordiam
1397 2556 1514 2613 movet
1528 2543 1707 2612 calamitas
1731 2566 1792 2614 seu
1815 2548 1957 2617 fortuna
1980 2550 2140 2642 indigna,

120 2647 212 2715 illud
242 2657 363 2714 teneto
384 2668 514 2714 nervos
540 2659 645 2738 atque
670 2662 767 2718 artus
799 2673 873 2718 esse
906 2648 1109 2739 sapientiae,
1154 2658 1283 2730 aetate,
1308 2666 1453 2734 genere,
1479 2644 1621 2714 virtute.
1671 2642 1767 2714 ilinc
1781 2645 1932 2739 intelligi
1950 2667 2074 2740 potest,
2099 2655 2162 2725 in·

122 2770 197 2817 non
220 2758 354 2816 temere
380 2748 533 2815 credere.
593 2750 651 2818 Ad
683 2743 768 2817 haec
797 2750 987 2843 plaeraqne
1017 2750 1107 2818 dicta
1154 2745 1644 2838 qualibetorationeaffectus
1665 2747 1702 2813 in
1727 2749 1770 2816 iis
1794 2751 1953 2839 partibus
1977 2754 2138 2838 existere,
2249 2791 2253 2799 ·

120 2847 306 2919 continent
326 2847 530 2934 gravissima
552 2864 752 2939 praecepta,
778 2876 887 2944 quare
901 2876 975 2921 non
992 2851 1106 2920 solum
1154 2849 1191 2916 in
1210 2848 1341 2940 quibus
1355 2861 1552 2918 tractantur
1568 2847 1639 2918 loci
1654 2872 1859 2918 communes
1877 2855 1921 2920 de
1947 2853 2140 2928 virtutibus

121 2953 166 3019 ad
188 2950 415 3033 ornandum,
449 2951 511 3017 scd
534 2951 631 3020 velut
651 2951 744 3040 leges
767 2967 873 3045 atque
896 2953 1039 3022 oracula
1062 2953 1105 3020 ad
1154 2962 1189 3018 et
1211 2950 1318 3022 vitiis.
1357 2947 1428 3019 Sed
1452 2961 1572 3016 tamen
1594 2946 1650 3017 illi
1673 2948 1742 3040 ipsi
1762 2951 1849 3035 loci,
1876 2968 2138 3045 certumgenus

122 3049 405 3121 confirmandum
422 3051 674 3141 proferuntur,
698 3053 803 3145 quale
825 3054 914 3123 illud
940 3067 992 3123 est
1013 3054 1107 3144 apud
1155 3051 1344 3119 verborum
1364 3049 1564 3143 requirunt.
1616 3046 1706 3119 Nam
1729 3051 1791 3119 alii
1814 3053 1958 3122 affectus
1980 3070 2064 3126 sunt
2085 3059 2139 3128 le-

120 3151 285 3237 Livium,
309 3152 354 3219 de
376 3175 449 3220 non
474 3154 643 3223 mutanda
668 3153 781 3222 forma
807 3155 1040 3247 reipublicae,
1073 3167 1108 3223 et
1154 3152 1273 3220 nioces
1281 3203 1295 3240 ,
1320 3152 1384 3244 qui
1399 3161 1571 3220 vocantur
1590 3146 1669 3244 ἤθη
1677 3202 1691 3239 ,
1719 3153 1781 3246 qui
1796 3153 1937 3223 blandis
1954 3158 2070 3226 verbis
2087 3160 2139 3228 ei-

120 3255 219 3348 quod
248 3254 446 3343 praesentia
482 3254 708 3324 incommoda
739 3257 995 3326 dissimulanda
1025 3256 1108 3340 sint,
1154 3255 1335 3337 seruntur,
1361 3275 1451 3344 quae
1468 3252 1760 3340 significationem
1780 3249 2009 3326 humanitatis
2031 3273 2140 3353 atque

120 3355 204 3448 quia
220 3354 372 3424 mutatio
387 3355 520 3424 maiora
539 3357 630 3424 mala
646 3357 802 3447 paritura
818 3360 876 3432 sit.
907 3357 999 3428 Nota
1016 3357 1106 3426 mala
1154 3355 1260 3423 officii
1284 3350 1490 3447 praebent,
1509 3354 1613 3446 quale
1638 3348 1706 3423 hoc
1735 3368 1787 3424 est
1808 3358 1902 3447 apud
1930 3356 2138 3448 Virgilium:

119 3455 243 3549 inquit
263 3455 418 3546 optima,
450 3459 547 3547 quod
570 3482 589 3526 a
611 3456 740 3526 Plauto
762 3474 942 3550 sumptum
967 3474 1038 3541 est,
1073 3470 1114 3531 ct,
1155 3451 1285 3525 Omnis
1303 3457 1340 3524 in
1358 3452 1511 3525 Ascanio
1527 3454 1599 3523 cari
1621 3468 1688 3525 stat
1704 3482 1785 3527 cura
1802 3460 1967 3548 parentis.
1996 3460 2143 3551 tam.

121 3556 253 3627 Graeci
271 3551 324 3649 μὴ
346 3558 463 3628 κινεῖν
486 3554 605 3631 κακὸν
627 3550 668 3629 εὖ
690 3553 872 3650 κείμενον.
924 3558 1106 3629 Interdum
1155 3558 1252 3625 liaris
1268 3570 1321 3626 est
1334 3558 1487 3625 exordiis
1504 3554 1733 3647 epistolarum
1752 3572 1786 3628 et
1804 3560 2017 3648 orationum,
2042 3588 2140 3636 com-

118 3660 227 3730 etiam
244 3660 353 3729 breve
373 3658 517 3751 aliquod
543 3661 698 3746 dictum,
724 3662 772 3731 ita
796 3685 871 3732 rem
898 3662 1041 3744 delinit,
1068 3674 1108 3729 ut
1155 3658 1362 3727 memoratio
1378 3658 1497 3742 officii,
1511 3657 1549 3725 in
1567 3681 1636 3751 qua
1649 3662 1746 3728 decet
1759 3683 1824 3729 nos
1839 3662 2040 3734 animorum
2058 3691 2139 3736 sen-

119 3761 232 3850 magis
248 3761 411 3829 ostendat
437 3785 532 3845 eam,
560 3786 665 3853 qsram
694 3762 830 3852 prolixe
852 3762 1107 3854 disputationes
1154 3784 1213 3829 sus
1236 3773 1340 3852 atque
1364 3759 1634 3842 inclinationes,
1660 3784 1748 3854 qnae
1763 3756 1842 3856 ἤθη
1860 3781 2052 3858 vocantur,
2077 3793 2138 3838 ex-

118 3857 444 3952 Pbilosophorum,
478 3876 519 3932 nt
548 3863 707 3933 definitio
741 3866 829 3953 legis
855 3867 948 3955 apud
973 3861 1105 3934 Demo·
1155 3885 1303 3953 ponere,
1328 3861 1427 3930 ut'ad
1443 3860 1655 3930 Lentulum:
1682 3860 1928 3933 periucundae
1947 3863 2035 3937 mihi
2061 3873 2138 3941 iue-

119 3959 297 4047 sthenem,
321 3961 443 4050 Quare
458 3960 544 4034 haec
560 3966 744 4052 diligentia
757 3967 948 4055 colligendi
965 3980 1107 4035 senten·
1155 3979 1238 4033 runt
1253 3963 1376 4032 literae
1390 3976 1489 4041 tuae,
1514 3985 1555 4029 ex
1572 3963 1701 4055 quibus
1715 3962 1872 4034 intellexi
1889 3980 1922 4036 te
1941 3973 2137 4060 perspicere

118 4065 206 4147 tias,
233 4089 308 4133 non
323 4064 438 4133 solum
458 4067 648 4134 verborum
666 4069 802 4157 copiam
828 4070 910 4158 alit,
936 4070 997 4137 sed
1013 4092 1106 4136 non·
1154 4089 1267 4134 meam
1283 4067 1321 4135 in
1339 4078 1373 4133 tc
1390 4065 1564 4153 pietatem.
1590 4063 1666 4131 Alii
1683 4079 1768 4135 sunt
1782 4067 1928 4137 affectus
1947 4068 2137 4141 veliemen-

116 4162 212 4235 nihil
227 4166 533 4236 etiamadrerum
548 4167 788 4253 cognitionem
803 4171 983 4240 conducit.
1035 4168 1104 4239 Sed
1153 4169 1283 4251 tiores,
1310 4158 1688 4259 qnidicunturnoidrp
1722 4166 1784 4236 ‘ln
1809 4165 1864 4238 his
1889 4173 2060 4240 utendum
2085 4189 2137 4245 est

117 4282 239 4338 tamen
256 4280 297 4336 ut
315 4266 456 4357 copiose
472 4292 512 4336 ac
527 4269 623 4336 varie
645 4271 786 4338 tractari
810 4270 877 4340 loci
901 4294 1106 4339 communes
1154 4269 1332 4338 atrocibus
1348 4282 1378 4338 et
1398 4268 1540 4356 tragicis
1561 4268 1691 4338 verbis.
1743 4266 1934 4340 Ducuntur
1954 4284 2069 4340 autem
2096 4299 2137 4344 ex

119 4370 277 4460 possint,
309 4372 472 4438 accedere
496 4381 633 4459 oportet
655 4394 696 4439 ex
722 4371 809 4460 ipsis
830 4373 967 4441 artibus
991 4373 1106 4461 perie—
1153 4371 1320 4440 omnibus
1342 4370 1429 4438 locis
1452 4369 1642 4438 dialecticis
1665 4370 1971 4459 amplificationes,
1998 4377 2042 4441 ad
2067 4375 2137 4443 im-

118 4485 211 4540 ctam
237 4469 445 4541 doctrinam.
506 4469 691 4540 Caeterum
716 4475 758 4540 ad
783 4472 1000 4562 colligendas
1024 4496 1104 4541 sen·
1148 4473 1336 4562 pellendos
1360 4471 1513 4553 animos,
1548 4484 1749 4559 exaggerata
1773 4473 1829 4538 vel
1855 4472 2044 4561 dignitate,
2078 4479 2135 4559 vel

117 4572 249 4642 tentiae
264 4571 370 4640 etiam
387 4568 589 4640 adhibenda
605 4586 656 4641 est
669 4574 759 4643 ratio
777 4578 961 4666 quaedam.
1013 4572 1103 4642 Nam
1153 4574 1374 4664 turpitudine
1392 4574 1462 4656 rei,
1486 4584 1525 4641 ut
1546 4573 1591 4640 ab
1607 4572 1765 4661 exemplo
1792 4570 1916 4642 Livius
1938 4575 1975 4641 in
2002 4572 2136 4647 Plemi-

117 4688 153 4744 et
168 4673 339 4742 memoria
354 4672 599 4762 adiuvabitur,
626 4698 705 4742 cum
728 4677 855 4744 ordine
880 4676 1105 4746 distribueri-
1152 4676 1263 4744 nium.
1297 4670 1369 4743 Nec
1386 4669 1545 4743 hominis
1561 4674 1754 4764 quidquam
1771 4688 1822 4744 est
1836 4689 1971 4765 praeter
1986 4678 2134 4767 figuram

116 4797 199 4846 mus
222 4797 281 4843 eas
301 4775 339 4842 in
364 4788 475 4843 certas
501 4774 643 4859 classes,
666 4789 701 4845 et
721 4771 808 4846 haec
824 4777 1031 4846 distributio
1047 4801 1102 4846 re·
1152 4789 1185 4845 et
1203 4777 1373 4866 speciem,
1400 4801 1515 4868 neque
1531 4773 1688 4842 Romani
1704 4774 1792 4844 civis
1813 4790 1951 4866 praeter
1972 4773 2135 4851 habitum

115 4898 200 4946 mm
224 4876 320 4944 inter
347 4897 384 4943 se
412 4876 575 4944 ordinem
601 4879 773 4950 ostendet.
831 4876 897 4948 Est
926 4893 1043 4948 autem
1068 4893 1104 4950 et
1152 4880 1406 4969 vestitumque,
1432 4892 1466 4945 et
1482 4898 1608 4945 sonum
1627 4874 1759 4944 latinae
1774 4877 1934 4967 linguae,
1967 4881 2074 4970 pestis
2095 4898 2136 4950 ¹ao

114 4973 205 5047 haee
224 4977 500 5069 quaedam-pars
523 4977 754 5064 eruditionis,
784 5002 903 5049 rerum
927 4980 1102 5064 ordinem,
1153 4980 1270 5048 bellna
1295 4977 1478 5061 immanis,
1512 4977 1652 5070 qualem
1676 4976 1805 5047 fretum
1829 4983 2029 5072 qnondam,
2062 5006 2135 5076 quo

114 5077 547 5168 initiaetprogressioncs
568 5077 701 5151 videre.
753 5075 899 5170 Optima
921 5095 1039 5152 autem
1064 5083 1102 5149 in
1151 5083 1196 5151 ab
1214 5079 1337 5151 Sicilia
1357 5080 1573 5161 dividimur,
1605 5079 1647 5146 ad
1672 5081 1864 5168 perniciem
1891 5081 2136 5171 navigantium

114 5179 369 5250 distribuendo
384 5178 589 5249 oeconomia
604 5179 689 5264 erit,
713 5181 744 5249 si
763 5205 952 5274 sequemur
970 5183 1101 5252 artium
1151 5181 1433 5266 circumsedisse,
1451 5180 1591 5248 fabulae
1606 5179 1739 5252 ierunt.
1791 5183 1862 5252 Sed
1879 5183 1915 5251 in
1934 5183 2137 5273 primissa-

114 5280 335 5351 discrimina.
384 5278 591 5350 Cavendum
610 5283 786 5367 estenim,
812 5309 858 5353 ne
877 5285 1100 5354 confundan—
1149 5286 1225 5353 lent
1239 5278 1495 5378 hypotyposes,
1517 5306 1597 5349 cum
1611 5282 1710 5369 signa
1725 5296 1760 5352 et
1781 5297 1898 5372 gestus
1921 5305 2137 5356 commemo-

112 5394 298 5475 turastes,
322 5383 385 5452 sed
399 5382 682 5466 observandum,
707 5383 770 5476 qui
784 5384 853 5455 lori
875 5381 1102 5458 sinttheolo·
1150 5398 1295 5470 rantur,
1322 5385 1611 5556 cumqupqispago
1633 5383 1751 5478 aliqua
1775 5386 1815 5454 in
1835 5384 1949 5455 oculis
1973 5384 2146 5468 incurrit,
