4538 5754
115 200 191 278 967
714 192 839 268 tull.
864 186 982 270 tm.
1008 188 1221 269 SCRIPTA
1247 188 1549 269 EXEGETlCd.
2073 198 2138 277 068

121 374 198 446 beri
234 370 366 450 voluit,
407 365 564 439 mirabili
601 379 636 439 et
674 365 908 437 inenarrabili
946 363 1107 436 consilio.
1157 367 1295 437 ciorum
1317 363 1552 457 permutatio:
1596 365 1654 440 vir
1673 368 1760 441 sciat
1787 390 1824 441 te
1848 370 1984 443 debere
2016 370 2141 444 labores

122 474 261 550 Deinde
277 476 362 543 bdes
385 466 610 564 hocquoque
626 480 775 549 statuat,
800 492 883 538 vere
905 490 972 538 nos
997 466 1107 559 recipi
1157 482 1271 539 certos
1294 467 1455 552 mulieri,
1487 468 1609 537 nevel
1631 471 1725 542 lame
1794 485 1888 557 reat,
1920 474 1979 541 vel
2004 472 2141 564 indigus

123 576 234 650 eDeo
251 588 394 667 propter
410 567 506 642 hunc
517 569 664 656 Filium,
686 584 721 641 et
735 592 856 661 preces
871 582 1010 640 nostres
1024 591 1109 660 pro·
1158 585 1281 642 contra
1297 567 1365 639 Dei
1380 569 1645 641 ordinationem
1660 573 1753 666 patia
1770 597 1826 648 ur.
1876 570 2058 647 Vicissim
2074 598 2142 647 mu·
2167 594 2170 599 ·

123 695 202 772 pter
216 703 296 748 eum
313 675 448 756 audiri,
472 675 563 745 sicut
578 671 748 764 scriptum
765 686 832 742 est:
857 670 1040 743 Habentes
1054 684 1109 740 ta·
1158 671 1228 743 liet
1260 673 1365 742 debet
1405 685 1540 761 partem
1581 673 1765 748 domestici
1795 675 1933 745 laboris
1965 674 2142 753 sustinere.

125 783 196 851 lem
226 779 447 871 pontificem,
475 775 681 845 accedamus
707 796 788 844 curn
809 771 950 848 fiducia.
1002 771 1109 843 ltem:
1159 773 1238 845 Hae
1252 772 1502 844 inclinationes
1518 789 1552 845 et
1568 797 1673 847 curae
1691 791 1775 851 sunt
1793 775 1834 846 in
1851 773 1922 847 hae
1945 775 2028 870 ipse
2048 799 2142 875 orop-

127 881 309 977 Quicquid
327 878 499 972 petieritis
514 891 648 969 patrem
665 876 705 945 in
720 875 866 945 nomine
888 899 984 959 meo,
1010 873 1110 943 dabit
1158 879 1227 975 γῇ,
1251 877 1297 946 de
1311 899 1382 968 qua
1396 874 1558 949 dicimus.

125 984 238 1057 vobis.
288 980 394 1071 Quod
420 979 516 1048 enim
547 978 615 1064 ait,
645 978 685 1047 in
706 977 853 1047 nomine
881 1001 979 1058 arceo,
1009 975 1109 1046 iubet
1262 975 1401 1047 llantur
1424 971 1519 1046 nihil
1543 987 1644 1048 curat
1664 971 1836 1070 Cyclops,
1862 980 1964 1052 solus
1987 979 2030 1050 in
2053 996 2142 1055 antro

127 1086 200 1180 peti
219 1084 346 1154 fiducia
361 1079 583 1155 Mediatoris.
633 1078 693 1150 Sic
708 1101 791 1169 ergo
807 1101 900 1148 ores:
1161 1080 1306 1162 sedens,
1331 1094 1367 1149 et
1381 1092 1539 1147 ventrem
1551 1076 1667 1171 epulis
1683 1100 1849 1155 onerans.
1897 1080 1987 1152 Non
2002 1083 2143 1157 allicitur

231 1187 386 1258 Aeterne
415 1180 529 1268 Deus,
582 1195 679 1273 pater
702 1179 851 1251 Domini
881 1178 996 1249 nostri
1030 1174 1110 1248 lesu
1161 1179 1410 1253 benevolentia
1425 1202 1504 1268 erga
1521 1192 1656 1270 patrem
1672 1181 1811 1268 generis
1823 1176 1980 1254 hnmani
1994 1184 2143 1277 alterare,

126 1286 283 1369 Christi,
308 1284 473 1357 conditor
494 1296 530 1354 et
544 1295 770 1354 conservator
793 1281 956 1351 omnium
977 1303 1111 1364 rerum,
1160 1307 1236 1353 non
1261 1281 1388 1353 tribuit
1410 1305 1452 1351 eo
1478 1277 1649 1351 honorem
1675 1296 1820 1375 propter
1840 1283 1958 1356 Deum
1990 1288 2143 1357 condito·

127 1382 293 1486 sapiens,
315 1390 427 1472 boue,
452 1384 666 1470 misericors,
690 1385 796 1454 iudex
810 1397 845 1453 et
858 1383 978 1464 fortis,
1003 1394 1038 1452 te
1053 1382 1111 1450 in·
1161 1409 1255 1470 rem,
1278 1396 1340 1453 aut
1358 1384 1637 1472 generationem:
1663 1404 1739 1452 non
1759 1384 1917 1472 laborat,
1942 1400 1986 1459 ut
2011 1389 2143 1478 coniugi

130 1518 240 1580 voco,
265 1487 516 1560 misereremei
538 1500 681 1578 propter
703 1483 817 1555 lesum
840 1480 1023 1555 Christum
1049 1480 1111 1552 Fi·
1162 1485 1295 1557 vidum
1310 1499 1429 1576 paret,
1454 1508 1528 1554 non
1545 1487 1662 1555 studet
1675 1505 1753 1554 earn
1769 1487 1981 1572 defendere,
2009 1489 2144 1583 nequid

128 1597 219 1668 lium
241 1609 361 1676 tuum,
386 1614 490 1685 quern
516 1612 580 1681 pro
608 1588 714 1657 nobis
739 1586 917 1656 victimam
950 1608 1024 1654 esse
1047 1609 1113 1654 vo·
1162 1585 1302 1677 indigni
1335 1585 1501 1678 patiatur.
1559 1583 1630 1658 Sed
1652 1585 1747 1676 ipse,
1779 1588 1809 1657 si
1829 1613 1900 1682 qua
1931 1589 1977 1660 sit
2009 1591 2145 1677 mio,

128 1698 246 1784 luisti,
272 1710 306 1767 et
318 1706 461 1783 propter
477 1713 581 1785 quem
597 1688 791 1782 promisisti
805 1688 909 1758 nobis
930 1686 1111 1756 remissio·
1162 1689 1249 1759 alias
1272 1687 1379 1758 aliam
1399 1689 1601 1779 opprimere
1629 1686 1743 1777 cupit,
1775 1712 1816 1760 ac
1835 1713 1962 1763 rursus
1986 1691 2145 1777 abiicere,

129 1824 212 1870 nem
245 1810 464 1890 peccatorum
495 1806 529 1862 et
552 1790 661 1864 vitam
689 1807 887 1874 aeternam,
924 1788 1113 1872 sanctifica,
1164 1814 1229 1861 nec
1244 1789 1396 1860 tolerare
1410 1789 1550 1861 labores
1566 1802 1630 1860 aut
1644 1790 1821 1861 molestias
1833 1815 1938 1863 sexus
1960 1806 2028 1864 ant
2049 1815 2145 1884 gene-

129 1902 300 1980 incende,
330 1918 411 1986 rege
437 1919 499 1965 cor
529 1916 646 1962 meum
670 1891 808 1983 Spiritu
837 1905 980 1973 sancto,
1012 1902 1054 1962 ut
1079 1903 1112 1960 tc
1164 1891 1313 1963 rationis
1326 1913 1443 1967 massa.
1495 1889 1573 1963 lloc
1585 1888 1694 1961 simul
1707 1904 1759 1962 est
1778 1905 1814 1962 et
1829 1895 2055 1966 contumelia
2079 1895 2146 1965 affi-

130 2004 410 2078 seminantem,
432 1996 498 2066 tibi
522 2019 604 2065 vere
618 1995 780 2065 obediam
794 2006 860 2065 etc.
1056 2016 1059 2025 ‘
1165 2017 1263 2078 cere,
1289 2005 1324 2063 et
1348 1994 1494 2081 perdere
1516 2014 1656 2074 serum,
1687 2016 1762 2061 non
1786 1994 1877 2063 velle
1906 2018 1992 2066 eum
2012 1997 2147 2082 ,lovere

230 2101 379 2175 Constat
395 2112 510 2168 autern
527 2120 670 2188 magnas
686 2096 849 2167 tenebras
862 2095 1024 2165 inductas
1039 2115 1112 2163 esse
1164 2094 1306 2180 iuvare,
1327 2092 1440 2178 tueri,
1466 2096 1564 2166 iusta
1582 2093 1845 2164 ordinationem
1868 2092 1957 2182 Dei,
1990 2100 2055 2168 ted
2075 2111 2147 2169 tan-

131 2204 214 2277 huic
228 2205 411 2275 doctrinae
424 2203 469 2269 de
486 2199 709 2269 invocatione
731 2197 770 2266 in
792 2195 878 2279 fide,
904 2209 938 2265 et
962 2198 1007 2264 de
1029 2219 1114 2286 pro-
1164 2211 1241 2268 tum
1263 2196 1355 2265 velle
1377 2219 1419 2266 eo
1439 2197 1560 2280 abuti,
1592 2208 1627 2266 et
1648 2208 1768 2286 postea
1793 2209 1962 2290 tanquam
1987 2198 2147 2271 inutilem

131 2308 312 2379 missione.
370 2300 517 2373 lnterim
546 2299 718 2392 propositi
749 2312 834 2369 sunt
854 2297 944 2368 ritus
963 2290 1128 2395 humani
1165 2312 1292 2370 testam
1310 2297 1481 2382 abiicere,
1506 2310 1541 2368 et
1558 2319 1632 2367 non
1649 2311 1819 2387 perpetuo
1833 2299 1938 2370 tueri.

131 2404 409 2484 monachorum,
441 2404 531 2472 sicut
557 2402 714 2472 mundus
737 2399 828 2470 solet
849 2399 965 2470 varias
989 2421 1114 2492 super·
1217 2446 1221 2455 ·
1266 2393 1322 2469 Ex
1345 2393 1411 2469 hac
1432 2397 1585 2488 irnagine
1608 2397 1760 2486 intelligi
1783 2412 1920 2490 potest,
1942 2400 2038 2496 quid
2060 2403 2149 2474 dicat

133 2511 294 2585 stitioues
310 2502 544 2577 comminisci.
927 2494 931 2501 ’
1165 2511 1296 2572 textus:
1329 2496 1412 2570 Non
1437 2500 1575 2571 curabit
1596 2494 1759 2597 στοργήν
1780 2502 1994 2590 mulierum,
2026 2503 2067 2574 id
2092 2517 2149 2589 est,

1166 2600 1389 2674 confirmabit
1421 2600 1654 2673 contumelias
1691 2623 1793 2672 sexus
1824 2596 2028 2679 muliebris.
2091 2601 2149 2676 Est

234 2710 357 2785 Altera
381 2721 485 2790 nota,
510 2707 567 2778 vel
587 2705 738 2776 maxime
760 2702 909 2775 illustris
928 2717 992 2775 est.
1035 2698 1114 2773 Etsi
1166 2716 1284 2774 antem
1307 2703 1523 2774 contumelia
1552 2703 1700 2796 duplex:
1735 2701 1856 2773 Altera
1884 2718 1941 2776 est
1969 2704 2149 2797 neglectio,

134 2804 230 2892 euim
242 2814 374 2885 multae
389 2824 509 2902 gentes
523 2808 735 2880 libidinibus
752 2796 972 2877 horribiliter
993 2804 1114 2897 pollu-
1167 2829 1274 2897 quam
1305 2805 1345 2873 in
1372 2805 1507 2876 coelibe
1537 2804 1617 2875 viro
1639 2818 1838 2898 sequuntur
1864 2807 2004 2878 multae
2035 2820 2148 2900 turpes

134 2930 337 2996 taesuutet
353 2915 515 2996 suerunt,
547 2924 665 2981 tamen
689 2906 865 3003 nusquam
886 2906 975 2977 alibi
995 2907 1115 2999 publi·
1167 2908 1330 2977 dammae
1343 2920 1378 2977 et
1393 2907 1461 2977 alis
1475 2907 1636 2998 graviora
1649 2919 1801 2998 peccata.
1843 2901 1967 2978 Altera
1984 2922 2051 2996 est,
2072 2930 2146 2979 cum

132 3050 172 3096 ca
188 3024 262 3113 lege
278 3028 446 3111 perpetuo
463 3008 683 3106 prohibitum
699 3027 751 3083 est
760 3033 883 3080 verum
898 3009 1116 3097 coniugium,
1166 3008 1314 3078 miserae
1338 3009 1499 3079 mulieris
1522 3032 1651 3100 corpus
1683 3022 1719 3080 et
1741 3008 1896 3078 animam
1920 3012 2147 3084 contaminas.

133 3147 261 3216 magno
276 3119 396 3191 ordini
415 3112 620 3198 hominum,
646 3113 716 3183 uisi
735 3113 774 3181 in
796 3133 904 3200 regno
922 3110 1113 3203 pontificio.
1166 3107 1257 3179 Nam
1273 3109 1390 3179 omnis
1412 3110 1622 3183 concubitus
1642 3123 1738 3182 extra
1764 3109 1972 3201 coniugium
1995 3126 2051 3184 est
2070 3134 2149 3183 ooo·

134 3224 226 3301 Cum
250 3238 365 3294 autem
390 3233 515 3289 natura
538 3211 725 3286 hominum
747 3214 796 3283 ita
819 3213 961 3285 condita
984 3214 1051 3294 sit,
1075 3224 1115 3281 ut
1168 3210 1313 3282 tumelia
1335 3234 1449 3287 sexus.
1497 3210 1581 3283 Non
1602 3213 1698 3282 enirn
1722 3211 1833 3282 uteris
1851 3209 2036 3285 iuquei
2057 3212 2147 3285 oedi-

134 3330 181 3403 sit
205 3325 398 3406 foecunda,
429 3333 463 3391 et
487 3316 669 3389 accesserit
692 3313 898 3399 infirmitas,
932 3327 972 3385 ut
997 3313 1116 3383 minus
1167 3312 1368 3399 nationem,
1399 3313 1473 3383 imo
1494 3312 1600 3384 etiarn
1621 3307 1798 3383 abstrahis
1820 3308 2007 3384 hominem
2030 3314 2147 3398 altu,
2184 3298 2189 3395 ἶ

133 3432 206 3502 sint
220 3426 373 3498 domitae
386 3420 637 3510 appetitiones,
656 3411 852 3507 prohibitio
867 3415 1023 3504 coniugii
1039 3439 1114 3483 ma·
1168 3439 1257 3510 quae
1274 3428 1327 3485 est
1341 3437 1477 3485 summa
1490 3415 1715 3487 contumelia.
1767 3412 1884 3485 David
1906 3415 2052 3507 rapiens
2071 3415 2147 3488 alie·
2185 3490 2189 3497 ,

132 3556 202 3625 gna
218 3529 346 3599 scelera
361 3522 473 3614 parit,
498 3543 587 3616 quae
609 3517 822 3589 comitantur
843 3511 1043 3586 horrendae
1066 3531 1116 3587 te·
1168 3541 1249 3587 narn
1266 3516 1471 3606 coniugem,
1496 3531 1669 3612 quantum
1686 3516 1724 3585 in
1741 3515 1818 3608 ipso
1832 3515 1922 3597 fuit,
1947 3541 2027 3588 uon
2041 3517 2147 3590 solnm
2182 3530 2190 3573 ἱ

135 3634 264 3705 nebrae
280 3643 315 3698 et
329 3625 443 3713 tristes
457 3643 592 3716 poenae
608 3620 787 3711 publicae,
811 3617 987 3711 privatae,
1014 3643 1116 3712 prae·
1168 3642 1241 3689 sese
1261 3619 1436 3710 perdidit,
1469 3621 1530 3689 sed
1561 3619 1666 3691 etiam
1700 3618 1800 3687 illam
1822 3618 2005 3689 miseriam
2036 3615 2147 3691 allso
2181 3682 2190 3689 .

135 3748 268 3813 sentes,
293 3741 475 3810 aeternae,
501 3722 698 3795 eversiones
723 3744 932 3814 regnorum,
965 3722 1117 3811 dissipa·
1168 3719 1316 3806 avulsit,
1348 3743 1438 3813 quae
1458 3734 1544 3792 tunc
1563 3720 1707 3814 quidem
1731 3743 1807 3790 non
1828 3717 1941 3806 vidit,
1975 3721 2148 3816 quomodo

135 3839 250 3912 tiones
280 3831 457 3922 gentium,
488 3825 651 3896 interitus
676 3818 861 3896 Ecclesiae.
920 3820 988 3893 llis
1009 3823 1118 3892 tantis
1169 3847 1209 3894 es
1225 3817 1293 3893 hoc
1309 3823 1438 3892 scelere
1453 3823 1646 3893 eluctatura
1662 3835 1762 3896 esset.

134 3938 238 4011 malis
253 3931 383 4004 mirum
398 3923 559 4002 estnihil
582 3926 673 3998 silici
695 3941 835 3997 autores
857 3927 932 3997 eius
955 3919 1118 4017 prohibi·
1272 3923 1457 3995 Accedunt
1487 3924 1618 3995 deinde
1648 3946 1783 4014 poenae
1810 3921 1995 4013 ingentes,
2028 3920 2147 4019 quibus

133 4041 254 4118 aionis,
1171 4020 1372 4117 plectuntur
1394 4025 1577 4117 impudici.
1628 4023 1675 4097 Ut
1696 4024 1911 4105 adulterium
1931 4022 2082 4097 Davidis
2099 4046 2148 4094 se-

237 4138 308 4214 Sed
330 4158 394 4208 eur
407 4144 524 4206 textus
540 4129 751 4200 nominatim
768 4127 872 4200 dicit:
906 4127 988 4200 Non
1010 4129 1116 4199 intel·
1169 4142 1248 4200 cata
1268 4141 1353 4198 sunt
1373 4127 1565 4199 domestica
1583 4127 1789 4218 parricidia,
1818 4126 1991 4212 exilium,
2017 4125 2148 4208 seditio,

136 4249 223 4339 liget
255 4237 484 4314 desiderium,
525 4232 561 4302 id
594 4244 664 4314 est,
709 4225 873 4330 στοργήν
902 4230 1119 4302 mulierum?
1169 4242 1291 4331 stupra
1322 4230 1534 4319 coniugum,
1572 4231 1695 4301 caedes
1723 4229 1867 4300 civium.
1933 4225 2036 4302 llaec
2063 4226 2148 4298 mala
2188 4302 2190 4317 ¹

135 4348 271 4422 Multas
303 4363 445 4431 magnas
474 4357 531 4406 res
554 4333 808 4425 complectitur.
864 4331 961 4405 Deus
985 4333 1118 4404 indidit
1169 4344 1271 4403 erant
1293 4347 1428 4403 atroces
1448 4332 1703 4414 contumeliae,
1727 4356 1819 4425 quae
1840 4325 1890 4401 ila
1907 4330 2150 4401 deformabant
2188 4348 2191 4357 ·

137 4464 295 4524 mutuam
313 4436 474 4540 στοργὴν
488 4436 630 4531 utrique
650 4435 759 4520 serui,
784 4450 824 4506 ut
837 4448 1042 4528 perpetuum
1057 4458 1117 4504 so-
1171 4434 1360 4519 Davidem,
1389 4447 1428 4504 ut
1459 4433 1609 4524 gloriam
1642 4432 1844 4524 ingentem,
1878 4456 1950 4526 qua
1977 4428 2151 4516 floruerat,
2186 4436 2191 4445 '

138 4553 296 4624 rietatem
320 4546 489 4623 efiiceret,
523 4537 776 4631 procreationis
802 4561 924 4623 causa,
958 4560 1028 4630 qua
1052 4562 1119 4605 vo·
1169 4537 1330 4608 amittere
1346 4558 1382 4605 se
1397 4536 1541 4606 sentiret
1557 4535 1643 4627 ipsc.

137 4652 206 4726 lnit
220 4651 287 4722 sibi
302 4646 399 4738 gigni
414 4658 592 4715 aeternam
606 4635 811 4710 Ecclesiam.
861 4637 958 4709 Haec
980 4635 1118 4736 στοργὴ
1271 4633 1312 4705 ln
1334 4633 1391 4707 his
1413 4638 1580 4729 exemplis
1600 4634 1812 4728 cogitemus,
1845 4635 1934 4731 quid
1957 4635 2008 4708 sit
2029 4648 2151 4709 matu·
2185 4580 2191 4671 l

139 4754 296 4850 primum
314 4764 364 4820 est
379 4742 625 4817 benevolentia
648 4755 790 4822 mutua,
816 4765 885 4834 qua
907 4764 987 4831 pars
1009 4741 1116 4812 altera
1168 4738 1273 4808 melia
1295 4762 1415 4810 sexum
1438 4738 1595 4822 afficere,
1617 4754 1651 4810 et
1674 4740 1851 4809 discamus
1877 4753 2086 4810 reverenter
2103 4730 2153 4809 uti

140 4855 316 4929 humanae
332 4862 478 4921 naturae
499 4846 645 4916 alteram
661 4844 921 4936 complectitur,
945 4856 979 4912 et
994 4856 1118 4911 mutuo
1169 4864 1264 4926 sexu,
1282 4843 1381 4913 iuxta
1394 4842 1656 4913 ordinationem
1675 4837 1761 4925 bei,
1777 4841 1959 4911 frenemus
1975 4841 2154 4919 tibtdines,

141 4955 277 5030 honore
305 4952 411 5023 allicit
434 4961 577 5041 propter
598 4961 745 5017 naturae
767 4944 1057 5027 similitudinem,
1084 4957 1118 5014 et
1170 4944 1320 5013 vitemus
1337 4968 1486 5035 poenas,
1501 4965 1705 5029 caveamus,
1725 4968 1772 5013 ue
1791 4945 1925 5030 polluta
1942 4938 2153 5014 conscientie
2189 4956 2191 4975 ¹

2184 4686 2191 4731 i

139 5060 340 5134 societatem
355 5053 448 5122 vitae
464 5060 642 5127 aeternae,
669 5048 823 5141 denique
847 5061 989 5138 propter
1000 5043 1116 5115 Deum
1168 5045 1404 5135 impediamus
1433 5046 1706 5116 invocationem.
1767 5046 1938 5140 Denique
1966 5044 2084 5135 legem
2104 5043 2154 5111 in·

138 5162 368 5236 conditorem.
419 5151 556 5223 Deinde
576 5162 626 5219 est
647 5162 681 5218 et
699 5149 869 5241 appetitio
890 5150 1011 5219 mutua
1035 5172 1118 5237 pro-
1169 5147 1317 5238 iustam,
1342 5172 1432 5243 quae
1453 5148 1611 5216 incendit
1636 5170 1739 5237 vagas
1764 5149 1954 5229 libidines,
1988 5163 2155 5241 tanquam

136 5281 216 5361 pter
230 5256 490 5354 generationem
512 5249 622 5322 aDeo
638 5251 857 5335 ordinatam,
883 5253 925 5319 ad
940 5247 1118 5321 Ecclesiae
1169 5249 1305 5320 diaboli
1326 5252 1492 5345 laqueum
1516 5250 1743 5322 excutiamus.
1801 5249 1892 5321 Nam
1918 5248 2057 5320 Paulus
2079 5270 2156 5341 peo-
2190 5334 2192 5339 Ι

136 5362 450 5440 conservationem.
485 5355 611 5428 Postea
627 5365 678 5423 est
694 5366 866 5425 etmutua
882 5376 963 5424 cura
978 5378 1018 5429 ee
1038 5353 1119 5422 osb·
1169 5349 1380 5423 bibitionem
1408 5352 1551 5442 coniugi
1574 5346 1733 5444 expresse
1765 5353 1929 5424 nominat
1957 5351 2157 5425 doctrinam
