4538 5754
20 285 23 292 ,
114 232 193 313 55⁶
338 166 570 303 '‘scnnm
595 222 676 298 nn.
702 220 824 339 nnn.
850 217 918 302 au
944 219 1912 335 atsnrnor.nrnnnos.srncmnn1n
2083 237 2200 323 sss.

121 405 272 503 gratiae,
298 413 445 494 propter
459 394 633 471 Ebraieae
646 399 791 489 linguae
806 394 1114 481 consuetudinem,

62 521 68 538 “
123 509 236 584 active
251 518 286 575 ει
304 502 441 594 passive
463 501 647 591 significat.
687 498 978 575 Fundamentum
994 510 1113 571 autem

123 608 257 684 favoris
282 619 334 677 εει
360 604 607 677 benevolentia
630 603 670 672 in
683 602 868 692 Augusto.
920 598 1116 671 Terminus.

126 729 179 787 εει
202 707 393 783 Mecoenas
420 706 574 798 placens.
626 703 725 774 lnter
746 698 833 775 haec
852 702 942 773 ordo
958 704 1115 777 benevo-

126 813 233 890 lentis
248 806 404 901 Auenti
422 810 467 877 ad
483 805 731 879 Mecoenatem
750 807 958 897 placentem,
984 803 1116 872 dicitur

126 920 241 991 favor.
281 908 458 994 Econtra,
477 909 751 980 fundamentum
768 908 919 997 gratiae,
941 917 981 977 nt
995 902 1116 975 Latini

127 1022 345 1112 loquuntur,
371 1012 410 1080 in
425 1010 653 1094 Mesorome,
679 1024 730 1081 est
746 1009 862 1100 ipsum
878 1007 1028 1100 placere,
1054 1029 1117 1077 seu

128 1117 322 1211 acceptatio
339 1113 489 1205 passiva.
533 1112 748 1197 Terminus,
773 1107 1024 1180 benevolentia
1038 1108 1117 1176 Au·

128 1220 231 1314 gusti.
287 1218 384 1288 lnter
409 1211 496 1286 haec
519 1215 643 1284 relatio
669 1229 721 1284 εει
741 1215 829 1284 ordo
846 1210 1019 1304 placentis
1036 1207 1119 1278 Με-

129 1321 285 1397 coenatis
310 1321 354 1389 ad
376 1318 591 1407 Augustum.
650 1314 709 1386 Sic
732 1329 866 1386 certum
893 1326 945 1383 est
961 1312 1117 1390 ,Latinos

130 1423 242 1518 loqui.
294 1419 367 1491 Nec
382 1420 421 1488 in
442 1415 601 1488 Ecclesia
623 1419 668 1488 de
690 1419 776 1488 solis
798 1412 981 1488 habitibus
1006 1412 1119 1504 gratia

3 1556 6 1562 ·
130 1525 369 1615 intelligatur,
402 1521 463 1590 sed
492 1521 600 1590 simul
629 1520 756 1591 relatio
785 1513 1118 1610 comprehendatur.

133 1627 260 1700 Gratia
285 1638 336 1697 est
357 1622 569 1713 acceptatio,
601 1646 671 1715 qua
693 1620 791 1692 Deus
818 1633 963 1712 propter
984 1616 1117 1687 Filium

132 1729 240 1823 gratis
263 1725 388 1817 recipit
410 1738 570 1814 agentem
596 1724 873 1814 poenitentiam,
908 1735 942 1791 et
961 1720 1118 1789 creden·

132 1849 224 1912 tem,
250 1853 332 1917 cum
348 1851 416 1921 qna
432 1827 672 1917 acceptatione
687 1826 876 1894 coniuncta
899 1836 952 1894 est
972 1820 1117 1893 donatio

133 1933 291 2026 Spiritus
314 1928 445 2014 sancti,
470 1923 673 2001 inchoantis
695 1928 734 1998 in
755 1927 860 1997 nobis
880 1948 1010 1999 novam
1032 1924 1119 1992 obe·

133 2035 307 2107 dientiam
321 2045 356 2103 et
374 2031 484 2105 vitem
496 2044 686 2101 aeternam.

443 2206 502 2275 En
520 2198 812 2297 quantitatibus.
840 2279 842 2283 ,

632 2318 770 2409 Impar,

629 2420 835 2513 Inaequale,

310 2311 424 2402 Par,

335 2420 516 2516 Aequale,

338 2522 548 2615 Propertio,

338 2624 490 2709 Totum,
628 2622 848 2705 Dimidium,

340 2723 519 2817 Duplum,
632 2724 818 2816 Triplum,
844 2734 908 2792 ειε.

240 2829 329 2903 Item
345 2829 491 2898 nomina
509 2826 746 2917 significantia
764 2821 948 2898 mensuras
975 2834 1009 2891 et
1031 2842 1122 2911 pon-

138 2939 241 3020 dera,
264 2946 305 3004 ut
321 2945 437 3025 partes
453 2931 561 3014 assis,
587 2926 767 3013 drachma,
791 2927 899 2999 mina.
952 2922 1040 3001 ltem
1055 2946 1122 2990 uo-

136 3038 234 3108 mina
257 3058 347 3130 quae
368 3033 575 3105 discernunt
599 3048 780 3126 tempora,
812 3049 948 3110 annus,
978 3024 1123 3108 mensis,

137 3140 196 3210 sed
228 3134 313 3210 hacc
342 3136 487 3229 proprie
517 3137 695 3226 pertinent
724 3135 768 3202 ad
797 3129 1123 3224 praedicamentum

136 3239 302 3329 Quando.

326 3476 396 3558 De
427 3421 606 3558 Actione
639 3480 681 3554 et
707 3470 931 3554 Passione.
991 3475 994 3480 “

465 3637 563 3727 Quid
589 3647 647 3712 est
672 3635 806 3711 Actio?

240 3758 346 3834 Actio
368 3776 418 3832 εει
438 3760 629 3854 applicatio
651 3761 787 3850 agentis
809 3760 855 3828 ad
872 3757 1028 3850 patiens,
1054 3777 1123 3848 qua

138 3869 177 3938 fit
191 3866 341 3935 mutatio
355 3865 473 3959 aliqua
494 3864 532 3931 in
549 3863 716 3954 patiente.
752 3861 894 3934 Rursus
912 3872 1029 3929 autem
1045 3882 1124 3926 mo-

137 3992 206 4039 neo
221 3968 406 4052 discentes,
427 3980 467 4038 ut
483 3968 644 4035 ordinem
663 3965 899 4034 considerent.
931 3959 1123 4051 Postquam

138 4070 334 4143 substantia
352 4083 403 4138 est
420 4068 544 4137 vestita
562 4067 769 4160 quantitate,
793 4078 827 4135 et
842 4064 972 4133 deinde
988 4073 1123 4132 armata

137 4173 326 4267 qualitate,
360 4193 457 4241 nunc
480 4170 519 4238 in
545 4169 655 4237 aciem
688 4167 851 4238 educitur
882 4167 924 4233 ad
956 4165 1123 4235 actiones.

137 4272 206 4345 Hic
223 4278 312 4346 ordo
329 4287 382 4345 est
396 4285 554 4344 naturae.
581 4269 688 4340 Nulla
706 4270 801 4338 enim
819 4292 876 4338 res
889 4270 1019 4338 frustra
1036 4290 1123 4335 con·

139 4379 213 4448 dita
244 4392 310 4462 εει,
343 4378 405 4445 sed
434 4397 573 4446 neeesse
606 4385 660 4441 est
689 4372 817 4442 deduci
841 4371 1054 4441 substantias
1078 4370 1122 4438 ad

138 4479 313 4561 actiones,
328 4492 363 4547 et
373 4476 653 4568 uniuscuiusque
671 4474 887 4544 substantiae
902 4473 1028 4542 ultima
1042 4494 1124 4562 per-

138 4579 243 4650 fectio
265 4603 327 4648 seu
354 4578 434 4647 finis
460 4592 512 4650 est
529 4578 674 4670 propria
690 4590 724 4645 et
740 4576 929 4667 praecipua
947 4575 1058 4656 actio,
1084 4586 1124 4642 ut

138 4681 220 4750 {inis
241 4679 336 4751 Solis
368 4693 420 4750 est
450 4703 591 4766 cursus,
624 4680 687 4773 qni
716 4679 792 4747 dies
815 4690 850 4747 et
872 4699 984 4745 annos
1007 4675 1121 4745 elficit.

138 4783 212 4853 Aut
227 4798 319 4855 certe
335 4781 520 4873 praecipua
535 4783 626 4853 actio
642 4794 709 4864 est,
737 4802 827 4874 quae
844 4777 1022 4848 obiectum
1036 4776 1123 4846 ulti-

1314 405 1620 492 conuentura
1643 405 1710 481 lete
1736 407 1999 483 collocantur?

1207 550 1209 554 ’
1238 565 1241 569 ·
1265 537 1386 611 Verba
1412 553 1447 611 ει
1470 543 1617 612 nomina
1641 543 1798 613 verbalia
1825 545 2060 634 significantia
2078 569 2157 616 mo·

1164 653 1234 711 tus.
1285 638 1486 718 Estantem
1508 657 1627 714 motus
1644 645 1790 735 agitatio
1806 647 2044 734 substantiae,
2067 673 2156 742 quae
2190 600 2200 753 ἱ

1165 742 1319 834 acquirit
1337 744 1493 837 aliquem
1511 747 1718 818 terminum.
2192 758 2200 889 q

1236 949 1331 1033 Quot
1347 959 1601 1022 numeruntur
1616 957 1925 1045 metaurenses
1940 953 2089 1028 motus?
2193 896 2200 1023 i

1498 1128 1502 1137 κ
1619 1084 1703 1156 Sex':

1349 1184 1564 1273 Generatio,
1772 1187 1985 1281 Corruptio,

1348 1288 1605 1378 Augmentatio
1668 1305 1702 1361 et
1774 1290 1997 1379 Dimiuutio,

1351 1386 1548 1475 Alteratio,
1780 1392 1905 1464 Motus
1921 1396 2057 1466 localis.
2178 1380 2182 1388 .

1272 1506 1346 1578 Nec
1362 1507 1542 1579 subtiliter
1558 1503 1618 1579 bic
1634 1510 1677 1579 de
1692 1509 1744 1580 eis
1763 1511 1973 1605 disputabo,
1996 1516 2058 1583 sed
2076 1516 2157 1584 bre-

1171 1608 1314 1681 vissime
1335 1611 1491 1683 recitabo
1514 1612 1678 1700 vulgares
1703 1613 1980 1705 descriptiones,
2007 1641 2157 1709 quarum

1170 1713 1306 1806 aliquas
1322 1735 1425 1783 nosse
1439 1713 1529 1783 utile
1545 1726 1609 1787 est.

1274 1831 1430 1903 Nomine
1444 1833 1686 1921 generationis
1701 1846 1737 1904 et
1752 1834 1991 1923 corntptionis
2012 1837 2163 1921 utimur,

1171 1934 1950 2027 cumdesubstantialimutationeloqnimur.
1976 1938 2161 2011 Neccausa

1176 2038 1377 2129 quaerenda
1393 2049 1462 2121 est,
1485 2038 1545 2107 sed
1564 2039 1782 2109 consuetudo
1800 2039 1849 2107 sic
1865 2038 1967 2131 loqui
1985 2042 2096 2114 docet.

1275 2153 1340 2227 Est
1362 2169 1479 2256 antem
1506 2157 1685 2246 generatio
1721 2171 1839 2227 motus
1867 2182 1886 2226 a
1911 2182 1986 2227 non
2015 2184 2091 2228 esse
2115 2164 2159 2229 ad

1174 2282 1256 2333 esse.

1276 2375 1469 2467 Corruptio
1486 2390 1537 2448 est
1551 2392 1669 2448 motus
1686 2377 1731 2446 ab
1748 2400 1820 2446 esse
1837 2380 1880 2446 ad
1896 2404 1970 2448 non
1987 2404 2069 2450 esse.

1276 2493 1430 2564 Nomine
1445 2496 1745 2585 augmentationis
1764 2509 1797 2566 ει
1813 2498 2067 2568 diminutionis
2088 2504 2160 2570 uti-

1175 2621 1257 2667 mur
1273 2598 1310 2664 in
1328 2597 1526 2668 mutatione
1544 2599 1794 2690 quantitatum.
1844 2594 1912 2668 Est
1936 2616 2053 2670 autem
2073 2627 2161 2692 aug-

1174 2699 1346 2770 mentatio
1362 2700 1526 2784 mutatio,
1545 2724 1614 2792 qua
1629 2700 1826 2792 acquiritur
1841 2701 1957 2771 maior
1969 2705 2160 2796 quantitas.

1175 2801 1367 2894 Quomodo
1396 2801 1433 2870 id
1458 2801 1535 2880 fiat,
1568 2825 1616 2870 an
1640 2803 1863 2894 appositione
1888 2806 2063 2894 partium,
2100 2821 2160 2875 aut

1174 2903 1255 2974 aliis
1270 2903 1404 2986 modis,
1431 2898 1579 2972 hicnon
1599 2903 1853 2994 disputandum
1870 2920 1931 2978 est.

1280 3019 1482 3093 Dimiuutio
1506 3037 1557 3118 est
1582 3024 1747 3108 mutatio,
1774 3047 1841 3115 qua
1859 3025 1897 3094 fit
1912 3026 2031 3095 minor
2045 3053 2159 3120 quan·

1176 3127 1267 3197 titas.

1278 3239 1433 3310 Nomine
1457 3242 1678 3312 alterationis
1700 3245 1743 3310 de
1768 3241 1998 3334 qualitatibus
2013 3246 2160 3316 utimur.

1176 3342 1240 3415 Est
1263 3357 1378 3413 autem
1404 3344 1565 3414 alteratio
1586 3358 1723 3426 motus,
1750 3368 1821 3437 qno
1845 3343 1913 3412 alia
1930 3347 2081 3439 qualitas
2103 3372 2161 3415 ac-

1121 3452 1125 3458 ’
1176 3447 1349 3540 quiritur,
1375 3459 1416 3516 ιιι
1431 3446 1622 3529 calefactio,
1648 3446 1854 3534 frigefactio,
1880 3447 2072 3533 dealbatio,
2097 3464 2161 3517 etc.

1279 3563 1359 3634 Huc
1384 3579 1419 3635 et
1440 3565 1585 3634 affectus
1608 3564 1716 3633 subiti
1739 3589 1860 3633 revera
1887 3566 2087 3656 pertinent,
2121 3582 2162 3638 ut

1176 3669 1299 3748 irasci,
1327 3663 1573 3758 expavescere,
1601 3667 1662 3759 qui
1680 3679 1764 3735 sunt
1779 3667 1875 3735 velut
1897 3669 2161 3738 verberationes

1176 3771 1304 3841 cordis.
1357 3767 1427 3838 Sed
1450 3792 1555 3858 snpra
1579 3791 1638 3837 eos
1663 3768 1699 3835 in
1726 3769 1959 3861 qualitatibus
1982 3774 2163 3839 recensui·

1177 3899 1274 3957 mus,
1301 3870 1410 3939 secuti
1426 3870 1664 3941 Aristotelem.

1278 3989 1402 4060 Motus
1424 3975 1545 4057 localis
1572 4002 1624 4059 est
1654 4004 1783 4074 motus,
1809 4015 1879 4082 quo
1894 3991 2047 4059 subinde
2062 3993 2162 4062 aliud

1175 4093 1333 4186 spacium
1349 4105 1553 4184 occupatur.

1280 4211 1403 4281 Postea
1428 4225 1627 4304 sequuntur
1660 4209 1809 4289 artium,
1842 4225 1875 4280 et
1900 4212 2094 4298 virtutum,
2128 4230 2162 4283 et

1176 4317 1346 4387 vitiorum
1362 4314 1536 4395 actiones,
1563 4325 1752 4404 quaesunt
1771 4314 1898 4400 partim
1926 4315 2163 4399 alterationes,

1176 4434 1209 4488 et
1228 4417 1357 4511 partim
1381 4429 1496 4484 motus
1523 4417 1664 4485 locales.
1719 4411 1802 4483 ldeo
1826 4429 1859 4483 et
1885 4414 1991 4486 aliam
2013 4418 2162 4486 divisio-

1175 4544 1255 4590 nem
1279 4517 1453 4589 adiiciam.

119 4909 236 4959 ,mum
259 4899 294 4955 et
319 4883 492 4974 optimum
513 4879 768 4976 apprehendit,
793 4882 890 4975 qnod
915 4892 968 4971 εει
989 4877 1123 4969 princi·
1225 4898 1229 4905 ’

138 4986 254 5078 pallor
269 4986 378 5071 finis,
395 4987 497 5059 utin
520 4981 668 5055 homine
689 4985 825 5074 agnitio
853 4997 888 5053 et
912 4982 1042 5050 ardens
1064 4979 1121 5049 di-

136 5089 242 5161 lectio
258 5086 340 5163 Dei.
661 5157 663 5161 Α

239 5189 359 5262 Passio
386 5204 438 5261 est
462 5212 594 5259 nomen
619 5188 869 5260 correlativum
893 5185 1064 5267 actionis,
1089 5197 1124 5254 et

137 5294 312 5385 significat
335 5293 574 5384 receptionem
597 5291 770 5376 actionis,
807 5303 842 5360 et
873 5289 1017 5359 effectus
1040 5286 1121 5357 nevi

137 5420 177 5465 an
192 5397 359 5488 patiente.
