4538 5754
120 214 191 294 487

119 376 405 462 Christianorum
426 416 547 478 causa,
585 391 722 465 etiamsi
752 417 832 464 cum
857 392 999 464 Licinio
1028 396 1103 464 foe-

118 493 199 561 dere
214 505 249 564 et
265 495 440 565 adfinitati
458 496 669 565 coniunctus
685 508 770 568 erat.

219 608 294 682 lam
312 614 382 684 loci
398 614 611 706 inspiciendi
628 627 729 699 sunt,
755 626 791 683 et
803 613 1014 698 videndum,
1041 614 1102 708 qui

117 715 330 785 conveniant
350 710 433 786 huic
451 739 585 786 causae.

500 889 534 958 A
557 895 710 958 notura.
746 854 749 859 ,

217 1018 260 1089 ln
276 1022 443 1091 omnibus
459 1023 630 1108 materiis,
645 1021 829 1116 inquibus
844 1024 888 1090 de
903 1021 980 1090 iure
994 1043 1102 1113 quae-

117 1121 226 1206 ritur,
252 1123 438 1215 praecipue
463 1124 519 1193 ius
541 1139 688 1194 naturae
711 1139 744 1196 ct
758 1123 813 1193 ius
831 1124 993 1192 divinum
1016 1146 1101 1189 con·

115 1224 334 1308 siderentur,
367 1238 402 1295 et
422 1225 462 1293 in
487 1219 550 1294 hac
574 1225 779 1319 quaestione
803 1249 823 1294 a
850 1236 927 1293 iure
955 1236 1102 1292 naturae

116 1325 258 1394 firmum
274 1338 308 1395 et
324 1326 461 1394 illustre
478 1341 725 1415 argumentum
743 1326 897 1396 ducitur.

218 1440 279 1511 lus
293 1446 454 1512 naturale
471 1457 541 1528 est,
565 1446 741 1535 suscipere
759 1445 998 1513 defensionem
1016 1464 1102 1510 con-

115 1557 166 1614 tra
183 1542 355 1614 iniustam
370 1546 627 1625 crudelitatem,
654 1547 859 1635 praesertim
879 1547 907 1613 si
924 1545 969 1613 sit
987 1543 1102 1610 mani-

114 1645 222 1730 festa,
248 1668 324 1729 seu,
349 1659 389 1715 ut
404 1662 541 1732 vocant,
568 1648 708 1718 notoria
727 1647 869 1716 iniuria.
897 1645 1023 1715 Talem
1040 1646 1101 1712 de-

114 1747 311 1816 fensionem
330 1748 474 1839 suscipit
489 1745 766 1832 Constantinus,
800 1757 883 1838 ergo
899 1761 992 1816 recte
1008 1746 1100 1816 fecit.

217 1861 287 1933 Hic
305 1865 530 1957 syllogismus
552 1865 820 1962 amplificandus
844 1878 895 1935 est
919 1886 1101 1953 exaggera·

115 1965 215 2033 tione
230 1966 370 2035 sceleris
389 1967 530 2036 Licinii.
585 1967 751 2038 Atrocius
767 1967 879 2036 scelus
899 1980 966 2044 est,
992 1965 1101 2035 truci·

117 2069 199 2134 dare
212 2068 410 2136 sacerdotes
427 2081 461 2137 et
480 2068 569 2136 alios
583 2068 677 2158 pios,
693 2083 810 2161 'quam
833 2068 970 2159 reliqua
992 2066 1101 2136 latro-

116 2167 219 2240 cinia.
272 2166 417 2238 Sevitur
431 2169 526 2237 enim
543 2169 581 2236 in
598 2165 763 2238 homines
783 2168 1010 2259 peculiariter
1024 2163 1099 2237 Deo

116 2281 348 2338 consecratos.
401 2266 449 2338 Et
464 2270 597 2338 accedit
615 2264 700 2339 haec
716 2269 900 2360 impietas,
927 2270 1024 2362 quod
1046 2283 1100 2361 ty·

115 2371 221 2438 ranni
234 2394 308 2439 non
326 2383 462 2438 tantum
485 2366 551 2438 hos
565 2370 713 2440 miseros
729 2366 890 2440 homines
913 2371 1063 2459 cupiunt
1084 2394 1102 2436 e

115 2471 232 2539 medio
248 2471 384 2554 tollere,
412 2475 470 2539 sed
486 2495 630 2561 prorsus
647 2496 778 2542 nomen
795 2469 881 2549 Dei,
910 2496 1029 2538 veram
1046 2494 1102 2538 re-

113 2573 283 2660 ligionem
313 2573 358 2640 ad
384 2574 583 2642 doctrinam
609 2573 727 2642 delere
752 2586 787 2643 et
809 2573 1032 2662 extinguere,
1064 2595 1102 2640 ac

114 2675 256 2763 penitus
272 2674 423 2743 obruere
439 2675 588 2763 gloriam
609 2670 688 2745 Dei.

174 2843 177 2848 .
216 2789 397 2858 Adversus
413 2786 500 2859 haec
520 2802 617 2860 touta
641 2789 770 2857 scelera
792 2790 980 2881 praecipue
1005 2813 1101 2858 arma

114 2914 238 2981 capere
263 2893 393 2959 debent
415 2915 514 2980 reges
539 2904 573 2961 et
588 2891 785 2981 principes,
807 2891 888 2982 qui,
915 2905 954 2958 ut
971 2889 1102 2960 Paulus

115 2994 180 3076 ait,
207 3007 336 3082 gerunt
354 2993 532 3081 gladium,
557 3006 597 3061 ut
613 2993 807 3062 defendant
823 2993 956 3076 bonos,
983 3005 1018 3062 et
1037 3015 1101 3081 pu-

115 3095 215 3166 niant
231 3095 396 3168 iniustos.

442 3265 476 3332 A
501 3264 583 3355 lege
609 3265 767 3352 scriptu.

215 3397 327 3487 Leges
352 3397 495 3466 divinae
519 3409 554 3465 et
577 3390 753 3463 hnmanae
774 3395 994 3485 praecipiunt
1011 3393 1102 3482 regi-

116 3503 180 3570 bus
198 3513 233 3569 et
247 3500 415 3568 omnibus
431 3497 711 3587 magistratibus,
735 3510 775 3564 ut
791 3499 982 3566 defendant
997 3496 1103 3563 inno-

116 3615 252 3685 centes,
280 3624 319 3670 ac
342 3602 495 3668 maxime
520 3591 599 3679 eos,
629 3597 692 3689 qui
715 3613 860 3690 propter
879 3598 1102 3687 relligionem

115 3705 346 3791 adfliguntur.

218 3820 287 3889 llic
304 3820 498 3890 sententiae
515 3842 556 3886 ex
570 3820 756 3910 scripturis
780 3817 998 3906 colligendae
1020 3829 1103 3885 sunt

115 3927 157 3992 de
173 3923 291 3993 officio
310 3923 589 4011 magistratuum,
607 3920 728 4013 quales
743 3932 827 3989 sunt
841 3920 935 4010 apud
945 3915 1102 3987 Esaiam:

116 4024 508 4114 Subveniteoppresso,
536 4022 688 4090 iudicate
705 4021 855 4113 pupillo.
890 4017 938 4089 Et
955 4018 1102 4088 inPsal·

115 4150 189 4195 mo:
217 4123 358 4216 Eripite
371 4124 553 4193 adflictum
569 4124 612 4192 de
631 4146 738 4191 manu
757 4121 960 4213 peccatoris.

390 4268 392 4271 ⁵
478 4291 533 4366 Ab
561 4294 755 4384 coemptis.

214 4427 414 4499 Pertinent'
439 4427 483 4494 ad
516 4426 712 4494 iudicatum
754 4422 912 4512 exempla
943 4423 1102 4514 probata.

117 4529 315 4600 lionestum
345 4528 415 4597 fuit
437 4523 736 4608 Atheniensibus,
775 4525 951 4613 suscipere
980 4525 1100 4593 defen-

118 4634 253 4702 sionem·
276 4633 471 4698 liberorum
497 4627 663 4696 Herculis
692 4629 859 4695 adversus
883 4621 1103 4720 Eurysthea,

117 4747 248 4825 quanto
280 4728 466 4800 honestius
497 4743 547 4798 est
570 4729 778 4820 imperatori
806 4727 887 4818 pio,
927 4729 1102 4817 suscipere

118 4835 357 4904 defensionem
371 4832 605 4900 sacerdotum.

218 4954 401 5023 Accedant
421 4948 712 5040 amplificationes
736 4971 756 5015 a
787 4944 1102 5039 poenis-idolatra-

122 5075 214 5138 mm,
239 5051 337 5122 Deus
362 5040 553 5121 detestatur
571 5063 604 5118 et
619 5049 694 5119 odit
708 5048 888 5120 idolatras.
942 5045 1025 5116 ideo
1041 5050 1102 5116 de-

123 5155 275 5222 fensores
300 5152 493 5245 impiorum
518 5153 697 5234 cultuum,
736 5144 922 5219 habebunt
953 5149 1103 5236 tragicos

127 5256 245 5323 esitus.
277 5250 374 5324 Sicut
405 5256 442 5322 in
471 5254 586 5343 primo
618 5266 802 5351 praecepto
830 5249 986 5319 minatur
1006 5247 1103 5320 Deus

129 5353 302 5434 idolatris,
328 5351 543 5427 e'thistoriae
559 5346 787 5445 suppeditant
799 5351 911 5424 multa
931 5350 1100 5442 exempla.

748 221 811 301 ιν.
862 219 1139 297 acaunum
1166 178 1501 298 aaarorucrs.

2065 224 2141 306 488

1254 391 1495 462 Tractandum
1524 405 1558 462 et
1579 386 1646 462 hoc
1670 405 1741 478 est,
1775 393 1877 486 quod
1895 399 1938 466 ad
1963 400 2139 494 principes

1154 492 1327 582 pertineat
1345 517 1430 562 cura
1445 493 1651 562 retinendae
1673 499 1775 564 verae
1796 497 2015 589 relligionis,
2041 503 2138 575 iuxta

1152 597 1347 663 secundnm
1373 609 1613 686 praeceptum:
1638 594 1719 663 Non
1744 592 1897 668 assumes
1924 623 2054 671 nomen
2072 601 2139 673 Dei

1152 717 1253 767 vane.
1305 694 1385 764 Hoc
1407 710 1632 786 praeceptum
1664 708 1759 769 vetat
1788 699 1939 774 tolerare
1971 699 2137 796 blaspbe-

1151 795 1240 863 mias
1264 809 1300 865 et
1316 796 1446 888 impios
1463 796 1590 872 cultus,

1527 978 1760 1074 Confutatio.

1253 1113 1365 1206 Saepe
1381 1115 1576 1186 confutatio
1600 1117 1680 1207 plus
1700 1119 1901 1209 suppeditat
1920 1134 1956 1193 et
1976 1124 2136 1217 disputa·

1151 1215 1288 1287 tionum
1304 1231 1338 1286 et
1355 1218 1680 1315 amplificationum,
1697 1234 1736 1289 ut
1753 1219 1792 1287 in
1810 1215 1875 1290 hac
1891 1216 2005 1294 caiisa·
2036 1227 2136 1299 Mul·

1151 1329 1185 1388 ta
1201 1319 1296 1387 enim
1317 1319 1545 1393 obiiciuntur.

1253 1418 1415 1489 Primum
1440 1420 1547 1488 obiici
1577 1432 1709 1511 potest,
1751 1424 1846 1514 quod
1876 1422 1915 1490 in
1939 1421 2136 1519 Evangelio

1151 1515 1363 1611 prohibetur
1377 1521 1545 1594 vindicta.
1598 1521 1640 1590 ld
1657 1523 1903 1613 explicandum
1919 1539 1981 1601 est.
2014 1525 2137 1601 Evan-

1151 1622 1282 1710 gelium
1307 1623 1492 1692 confirmat
1517 1635 1552 1692 et
1586 1627 1760 1714 approbat
1791 1648 1922 1695 munus
1952 1631 2136 1718 magistra.

1151 1738 1263 1793 tuum.
1313 1720 1410 1812 Ergo
1433 1723 1675 1794 defensionem
1699 1749 1789 1817 quae
1809 1726 1848 1794 iit
1869 1749 1931 1816 per
1953 1732 2138 1820 magistra-

1151 1839 1226 1909 tus,
1253 1825 1438 1915 pcaecipit.
1489 1824 1562 1894 Nec
1577 1825 1695 1895 abolet
1713 1828 1769 1896 ius
1791 1840 1959 1915 naturae,
1989 1835 2050 1902 sed
2074 1859 2137 1927 ap·

1152 1926 1287 2016 probat.
1329 1924 1487 1995 Tantum
1504 1926 1612 2014 igitur
1631 1926 1805 2017 privatam
1819 1927 2013 2002 vindictam
2028 1949 2063 2006 et
2080 1959 2137 2006 se-

1151 2027 1303 2096 ditiones
1320 2021 1496 2117 prohibet.

1253 2127 1418 2198 Secundo
1433 2127 1540 2197 obiici
1557 2141 1669 2219 potest
1684 2130 1728 2197 de
1745 2129 1821 2199 iure
1839 2129 2033 2214 foederum,

1256 2227 1314 2297 An
1332 2229 1473 2298 licuerit
1486 2230 1735 2300 confoederato
1752 2230 1885 2301 bellum
1901 2233 2043 2313 inferre.
2078 2236 2137 2311 Ad

1152 2330 1189 2398 id
1207 2333 1494 2418 respondendum
1510 2348 1573 2405 est.
1616 2329 1658 2400 ln
1676 2331 1844 2401 omnibus
1862 2333 2064 2410 foederibus
2077 2367 2144 2412 er«

1152 2446 1287 2522 ceptam
1304 2454 1377 2499 esse
1391 2431 1632 2501 defensionem
1649 2434 1817 2502 adversus
1839 2438 2015 2508 notoriam
2040 2443 2138 2514 iniu-

1152 2533 1254 2602 riam.
1288 2531 1426 2602 Fuisset
1441 2533 1608 2619 scelerata
1624 2534 1770 2604 societas
1784 2531 2011 2619 Constantini
2026 2557 2062 2613 et
2076 2543 2140 2615 Li-
2198 2603 2200 2608 .

1152 2634 1249 2705 cinii.
1285 2633 1325 2704 st
1340 2630 1598 2703 Constantinus
1625 2652 1769 2726 propter
1789 2637 1935 2728 foedus,
1958 2644 2059 2735 quasi
2077 2668 2141 2734 pa.

1153 2736 1270 2805 ctione
1299 2738 1453 2827 quadam
1485 2738 1681 2825 obligatus,
1716 2759 1837 2827 passus
1872 2756 1961 2813 esset
1990 2747 2141 2833 grassari
2212 2761 2225 2772 “

1152 2837 1321 2925 collegam
1338 2850 1372 2906 et
1388 2837 1563 2907 infinitam
1578 2836 1746 2927 seviciam
1768 2862 1938 2914 exercere.
2116 2832 2133 2918 i

1253 2949 1368 3022 Erant
1391 2955 1477 3022 socii
1492 2954 1832 3024 Lacedemoniorum
1848 2952 2034 3046 Thebani,
2059 2987 2139 3033 cum

1153 3052 1403 3122 Lacedemonii
1419 3049 1580 3123 Athenas
1604 3055 1787 3146 cepissent.
1840 3053 1889 3128 Et
1910 3074 2026 3130 tamen
2042 3061 2142 3133 Tbe-

1153 3155 1238 3223 bani
1268 3155 1483 3225 adiuverunt
1513 3151 1798 3251 Thrasybulum,
1833 3172 2048 3251 repetentem
2078 3187 2142 3255 pa·

1153 3258 1257 3326 triam
1273 3257 1399 3337 armis,
1428 3271 1552 3326 contra
1566 3256 1855 3328 Lacedemonios.

1255 3371 1342 3444 Erat
1358 3376 1452 3444 enim
1467 3376 1653 3444 manifesta
1675 3375 1865 3447 crudelitas
1890 3378 2056 3468 praesidii
2071 3380 2147 3452 La?

1155 3476 1282 3546 conici.
1326 3474 1379 3545 lta
1395 3489 1429 3546 et
1446 3475 1702 3549 Constantinus
1717 3479 1927 3568 abrumpere
1942 3481 2142 3553 societatem

1154 3601 1341 3670 quaecum
1356 3576 1499 3647 Licinio
1515 3579 1652 3659 fuerat,
1678 3579 1874 3648 necessario
1893 3582 2028 3652 debuit.

1255 3688 1398 3766 Cedunt
1420 3699 1490 3767 iuri
1511 3712 1660 3769 naturae
1675 3712 1810 3769 caetera
1825 3715 1942 3789 pacta,
1963 3717 2002 3774 ut
2018 3706 2143 3775 subdi·
2248 3694 2251 3700 ¹

1154 3813 1189 3869 to
1215 3799 1382 3867 adversus
1411 3799 1597 3869 dominum
1620 3824 1781 3870 concessa
1807 3815 1859 3872 est
1879 3804 2061 3894 defensio,
2095 3810 2140 3877 ad

1154 3900 1400 3990 depellendam
1417 3900 1587 3969 iniustam
1604 3903 1870 3988 crudelitatem,
1895 3905 1925 3973 si
1943 3906 1988 3977 sit
2008 3909 2141 3978 iniuria

1156 4003 1305 4073 notoria.
1521 4020 1526 4025 ’

1257 4117 1381 4188 Tertio
1396 4119 1502 4188 obiici
1521 4131 1645 4208 potest.
1670 4116 1719 4190 At
1735 4117 1992 4193 Constantinus
2007 4125 2141 4196 alienos
2242 4125 2244 4128 ⁴

1154 4221 1329 4305 defendit,
1354 4222 1515 4290 subditos
1528 4219 1680 4296 Licinio.
1713 4220 1811 4309 Quid
1827 4225 1870 4292 ad
1889 4246 1968 4292 eum
1983 4227 2141 4315 pertine-

1154 4325 1279 4406 nebat,
1305 4325 1485 4414 quomodo
1502 4323 1562 4390 illc
1585 4319 1684 4393 suam
1707 4325 1879 4393 ditionem
1904 4326 2140 4412 gubernaret?

1153 4422 1385 4515 Respondeo:
1419 4420 1537 4492 Etiam
1561 4424 1731 4503 subditis,
1766 4423 1795 4491 si
1816 4423 1861 4494 sit
1879 4426 2063 4499 manifesta
2084 4456 2140 4501 se-

1154 4524 1265 4609 vicia,
1298 4524 1382 4594 licet
1406 4524 1481 4593 lieri
1507 4526 1698 4616 supplices,
1725 4525 1917 4615 implorare
1940 4531 2072 4600 auxilia
2092 4535 2138 4605 ab

1153 4628 1251 4708 aliis,
1279 4639 1312 4696 et
1334 4626 1511 4717 suscipere
1535 4650 1658 4694 eornm
1685 4625 1925 4697 defensionem
1948 4631 2028 4702 allis
2044 4636 2139 4726 regi·
2215 4634 2240 4676 ·,

1153 4731 1220 4799 bus
1244 4729 1344 4813 licet,
1377 4740 1416 4796 ut
1441 4722 1676 4796 Athenienses
1709 4745 1938 4820 susceperunt
1958 4733 2137 4807 defensio·

1153 4853 1233 4899 nem
1251 4831 1447 4900 liberorum
1464 4826 1639 4901 Herculis.

1253 4945 1393 5016 Deinde
1415 4969 1488 5014 non
1510 4957 1592 5014 sunt
1616 4944 1744 5030 alieni,
1769 4949 1830 5042 qui
1854 4950 1959 5021 nobis
1972 4953 2137 5028 societate

1152 5045 1331 5120 Ecclesiae
1348 5047 1527 5116 coniuncti
1543 5060 1637 5120 sunt.
1688 5045 1923 5142 Praecipuum
1936 5078 2069 5128 munus
2084 5073 2137 5130 est

1153 5171 1371 5220 summomm
1387 5169 1508 5237 regum
1524 5172 1563 5216 ac
1580 5149 1799 5242 principum,
1823 5153 1917 5225 tueri
1930 5151 2136 5246 Ecclesiam,

1153 5275 1259 5346 quam
1278 5252 1325 5320 ob
1340 5273 1479 5319 causam
1496 5245 1619 5320 Esaias
1634 5266 1734 5323 vocat
1747 5277 1856 5344 reges,
1873 5250 2051 5329 Ecclesiae
2067 5284 2136 5332 nu-

1155 5353 1314 5437 tritores,
1340 5351 1377 5419 id
1396 5364 1457 5434 est,
1474 5351 1686 5425 defensores.

1559 5507 1561 5511 ψ
1660 5454 1738 5527 28*
