4538 5754
121 224 225 308 sess
723 225 787 302 uc.
838 189 1206 301 couunuranu
1234 224 1285 299 ιε
1308 185 1578 301 essenos(
2066 234 2165 309 asos

113 380 384 475 Dominus-in
415 393 627 470 latitudine.
671 394 714 467 ln
744 398 955 480 latitudine,
987 400 1023 470 id
1053 411 1115 480 εει,
1169 413 1354 488 ponuntur
1384 397 1524 489 anguli,
1557 398 1594 468 id
1624 411 1676 469 est
1706 400 1838 470 diversi
1865 399 2034 492 parietes,
2068 405 2159 477 sicut

78 588 83 595 .
114 506 292 599 patefacto
311 504 419 574 exitu.
471 496 668 596 Impulsus
687 507 826 571 sumat
841 494 1025 582 caderem,
1051 493 1137 567 sed·
1168 496 1310 573 Christo
1334 500 1532 591 imponitur
1545 495 1703 571 Ecclesia
1721 502 1866 572 collecta
1883 527 1924 572 ex
1939 501 2047 578 lsrael
2066 521 2158 578 etex

113 602 312 679 Dominus
337 598 483 676 adiuvit
506 623 573 676 me.
627 600 725 673 Haec
748 604 841 674 dicta
863 604 1059 674 recitantur
1074 616 1116 673 ut
1166 603 1342 692 gentibus.
1395 599 1621 691 Intelligatur
1645 615 1771 674 autem
1785 604 2057 676 fundamentum
2083 633 2158 680 non
2209 659 2212 665 -

113 709 192 783 sint
218 706 423 781 testimonia
455 709 500 777 de
529 703 693 797 passione
716 720 751 778 et
772 704 997 780 liberatione.
1056 701 1116 774 Fit
1166 706 1281 774 solum
1297 706 1343 774 de
1361 703 1541 788 doctrina,
1567 705 1629 773 sed
1645 705 1751 774 etiam
1767 705 1811 774 de
1826 705 2045 777 redemtione
2064 712 2158 781 etde

116 812 226 885 ctiam
248 812 382 882 mentio
410 807 648 879 invocationis
675 803 762 892 Dei,
794 821 836 878 nt
863 807 1017 878 sciamus
1048 830 1114 876 nos
1167 807 1331 876 efficacia.
1381 802 1544 874 Primum
1567 800 1635 875 boc
1659 806 1767 875 modo
1788 808 2064 879 fundamentum
2093 826 2190 896 est„

115 936 262 1008 quoque
287 911 435 982 liberari
460 922 671 1004 quaerentes
691 908 864 979 auxilium
887 907 1114 979 invocatione
1166 908 1249 1000 (pria
1279 931 1388 978 unam
1418 905 1605 996 Evangelii
1635 931 1757 977 vocem
1787 908 1950 992 tradidit,
1982 934 2050 1003 qua
2074 913 2158 983 uni-

114 1010 207 1101 Dei,
233 1027 269 1084 et
290 1013 434 1107 quidem
458 1010 620 1082 exaudiri
638 1033 704 1080 nos
722 1023 866 1103 propter
882 1005 978 1081 bunc
995 1011 1113 1103 ipsum

91 1114 311 1203 Messium,
337 1114 400 1209 qui
419 1109 480 1184 hic
502 1113 689 1205 profitetur
711 1134 750 1184 se
771 1112 1004 1185 constitutum
1027 1135 1112 1199 esse,

115 1230 158 1291 nt
181 1215 227 1288 sit
250 1211 356 1309 caput
377 1215 521 1307 anguli,
544 1214 583 1284 id
606 1227 677 1300 est,
700 1227 741 1288 ut
760 1209 888 1287 habeat
904 1209 1113 1302 Ecclesiam,

72 1381 77 1393 .
115 1342 228 1415 quam
243 1341 320 1388 non
336 1317 431 1389 sinat
446 1317 606 1388 interire.
1010 1339 1014 1345 ’

222 1450 400 1545 Sequatur
429 1465 545 1520 autem
574 1448 824 1520 liberationem
851 1449 1024 1519 confessio
1047 1451 1112 1518 do-

117 1552 255 1624 ctrinae
268 1567 303 1624 et
320 1552 514 1642 gratiarum
530 1550 635 1636 actio,
660 1551 752 1622 sicut
765 1546 824 1620 hic
838 1549 903 1621 ait:
929 1543 1021 1622 Non
1035 1572 1112 1619 mo-

117 1652 203 1724 riar
224 1647 293 1723 sed
313 1652 451 1734 vivam,
486 1659 518 1721 et
540 1650 707 1723 narrabo
734 1674 844 1748 opera
866 1648 1046 1738 Domini,
1073 1653 1111 1721 id

118 1768 190 1843 εει,
214 1755 395 1826 reviviscit
411 1753 578 1836 Messias,
605 1767 645 1824 ut
660 1755 707 1824 sit
721 1754 820 1825 testis
834 1757 878 1825 de
892 1753 988 1840 Deo,
1015 1755 1109 1848 quod

117 1855 319 1931 mornado
342 1870 377 1927 et
401 1857 516 1946 ipsum
537 1857 749 1940 servaverit,
775 1869 810 1926 et
833 1859 929 1950 quod
951 1881 1014 1947 per
1029 1880 1109 1926 eum

115 1958 363 2032 resuscitatum
380 1958 467 2029 velit
484 1971 663 2028 aeternam
675 1956 870 2026 Ecclesiam
885 1957 1063 2046 colligere,
1078 1976 1111 2029 et

115 2062 269 2134 reddere
290 2059 324 2130 ei
346 2059 522 2130 iusticiam
547 2072 582 2128 et
602 2059 723 2130 vitam.
776 2059 836 2129 Sic
854 2059 1054 2129 liberantur
1070 2081 1109 2128 er

115 2162 237 2235 media
255 2176 369 2234 morte
387 2159 572 2245 Ieremias,
596 2158 745 2246 Daniel,
772 2157 955 2250 Apostoli,
980 2175 1020 2232 ut
1038 2162 1110 2231 sint

116 2276 224 2339 testes
239 2265 283 2334 de
297 2262 494 2357 praesentia
509 2262 576 2334 Dei
593 2277 627 2334 et
642 2274 718 2333 tota
737 2263 911 2336 doctrina.

220 2393 367 2497 Aperite
387 2397 481 2470 miti
495 2405 625 2494 portas
642 2395 809 2466 iusticiue
824 2410 889 2469 etc.
942 2394 1109 2487 Compel-

117 2503 206 2575 latio
229 2516 281 2572 εει
302 2503 347 2572 ad
365 2501 581 2586 Ecclesiam,
608 2500 708 2592 quasi
731 2500 839 2569 dicat:
863 2493 941 2587 Ego
958 2498 1110 2567 resusci-

116 2616 213 2675 tatus
233 2604 395 2675 accedam
418 2606 460 2671 ad
486 2625 568 2681 vos,
594 2602 630 2669 id
654 2615 721 2687 est,
748 2601 787 2669 in
809 2624 924 2669 arcem
941 2598 1109 2684 iustitiae,

116 2706 250 2798 inqua
274 2719 325 2775 est
348 2704 505 2788 iusticia,
538 2704 574 2771 id
598 2716 668 2786 est,
704 2727 785 2771 vera
809 2701 874 2772 Dei
894 2700 1049 2791 agnitio,
1075 2713 1109 2770 et

116 2805 319 2889 invocatio,
353 2818 387 2875 et
416 2804 646 2875 sanctificatio
678 2796 741 2896 per
770 2828 892 2873 vocem
922 2799 1108 2892 Evangelii

117 2921 153 2980 et
168 2931 235 3000 per
247 2904 421 2997 Spiritum
438 2919 613 2976 sanctum.
646 2901 697 2974 In
715 2898 814 2975 lianc
830 2927 966 2988 arcem,
993 2904 1030 2972 id
1047 2918 1108 2990 est,

120 3008 161 3077 in
182 3000 283 3077 hunc
305 3016 441 3077 coetum
466 3000 678 3100 ingrediar,
706 3009 833 3095 idest,
865 3007 918 3077 ibi
940 3009 1108 3096 regnabo,

118 3110 171 3183 ibi
188 3111 323 3181 sonabo
342 3113 462 3178 vocem
479 3106 677 3197 Evangelii.
728 3105 832 3177 Haec
850 3117 902 3176 εει
914 3116 1044 3205 porta,
1070 3109 1107 3179 id

119 3226 192 3292 εει,
217 3233 293 3280 arx
308 3206 486 3290 Domini,
515 3207 709 3279 intrabunt
732 3209 772 3278 in
795 3234 875 3279 eam
897 3207 996 3285 iusti.
1032 3208 1106 3280 To-

118 3328 177 3386 tus
201 3308 404 3389 bicversus
425 3311 615 3402 descriptio
633 3326 684 3382 est
700 3337 801 3383 verae
815 3311 1012 3393 Ecclesiae,
1039 3311 1107 3382 Ec-

119 3414 225 3486 clesia
242 3428 294 3484 est
309 3427 411 3505 porta
427 3411 593 3497 Domini,
619 3414 656 3483 id
673 3429 743 3495 est,
770 3414 943 3506 templum
966 3415 1022 3485 vel
1046 3439 1107 3486 arx

119 3513 209 3605 Dei,
245 3515 282 3585 id
315 3530 385 3599 est,
420 3530 540 3586 coetus
563 3514 639 3586 Deo
663 3517 805 3609 placens
830 3516 869 3584 in
890 3541 962 3610 quo
984 3531 1107 3607 regnat

101 3616 235 3688 >Filius
249 3618 318 3686 Dei
342 3619 532 3688 ostendens
556 3631 708 3709 patrem,
734 3633 769 3690 et
789 3626 873 3689 sunt
893 3618 946 3689 ibi
961 3621 1106 3689 creden·

117 3732 173 3801 tes
195 3714 391 3808 Evangelio
416 3720 477 3811 qui
502 3732 585 3789 sunt
604 3720 708 3804 iusti,
733 3723 866 3806 idest,
891 3744 953 3812 per
972 3719 1105 3792 Filium

119 3835 154 3892 et
178 3833 322 3911 propter
335 3819 470 3890 Filium
485 3821 553 3890 fide
568 3824 716 3913 recepti,
744 3836 779 3893 et
795 3846 857 3914 per
872 3846 953 3895 eum
970 3821 1107 3915 Spiritu

118 3934 244 3992 sancto
260 3923 464 3993 sanctificati
481 3925 526 3991 ad
544 3923 652 3991 vitam
668 3937 860 3994 aeternam.
913 3923 1009 3996 llaec
1024 3950 1107 4016 por-

119 4039 175 4108 ta,
199 4018 287 4094 haec
300 4047 361 4093 arx
377 4038 428 4094 est
444 4036 563 4093 coetus
577 4024 615 4091 in
633 4049 703 4116 quo
716 4023 812 4096 Deus
830 4026 868 4094 in
883 4028 982 4096 omni
996 4042 1106 4098 aeter-

119 4126 233 4197 nitate
253 4147 289 4194 se
310 4128 489 4210 ostendet,
515 4138 550 4195 et
572 4127 847 4198 communicabit
871 4129 921 4198 'eis
938 4152 1036 4201 suam
1052 4154 1108 4199 sa-

119 4227 295 4319 pientiam
317 4241 350 4298 ct
367 4228 581 4311 bonitatem,
608 4229 722 4299 eterit
738 4229 859 4298 omnia
875 4229 913 4298 in
929 4231 1108 4306 omnibus.

120 4328 200 4400 Alii
229 4351 350 4398 ornnes
380 4343 475 4399 extra
501 4325 592 4398 hanc
619 4346 757 4422 portam
788 4354 851 4401 seu
882 4355 997 4401 arcem
1025 4348 1109 4402 sunt

120 4430 302 4510 damnati,
341 4444 375 4501 et
405 4427 523 4500 hostes
551 4429 637 4512 Dei,
669 4434 760 4503 sicut
789 4429 940 4503 loannes
973 4433 1108 4523 inquit:

121 4533 198 4622 Qui
215 4556 289 4601 non
313 4533 422 4602 credit
438 4534 555 4617 Filio,
580 4557 654 4604 non
671 4535 805 4606 videbit
823 4536 952 4620 vitam,
979 4538 1039 4605 sed
1056 4536 1108 4606 ira

119 4635 192 4706 Dei
210 4648 330 4706 manet
344 4658 450 4728 snper
466 4658 558 4708 eum.

224 4769 369 4842 Dictum
392 4786 443 4842 est
463 4785 564 4840 antea
589 4773 631 4840 de
658 4795 777 4840 versu:
804 4765 990 4869 Lapidem
1005 4797 1109 4870 quem

1166 1031 1265 1078 versa
1283 1007 1442 1080 Ecclesia
1464 1008 1549 1076 inde
1570 1033 1684 1102 usque
1704 1010 1749 1079 ab
1764 1008 1867 1079 initio
1882 1011 1927 1079 ad
1944 1007 2052 1081 finem
2068 1038 2156 1085 con-

1166 1111 1338 1195 sociatur,
1364 1111 1459 1181 iuxta
1476 1110 1629 1180 dictum:
1656 1106 1944 1182 Fundamentum
1956 1114 2054 1186 aliud
2070 1118 2156 1205 poni

1166 1236 1240 1281 non
1264 1225 1380 1302 potest
1403 1225 1542 1302 praeter
1567 1212 1626 1299 id,
1662 1215 1758 1305 quod
1784 1213 1937 1302 positum
1960 1228 2029 1299 est,
2057 1219 2155 1311 quod

1165 1329 1216 1384 est
1239 1309 1402 1384 Christus
1424 1310 1533 1382 lesus.
1593 1311 1759 1384 Secundo
1781 1311 1929 1387 Messias
1953 1330 2003 1386 est
2025 1319 2154 1390 funda·

1165 1429 1324 1486 mentum
1349 1438 1422 1485 non
1444 1415 1551 1484 modo
1569 1428 1715 1506 propter
1730 1415 1947 1494 doctrinam,
1972 1420 2153 1490 sedetiam

1165 1531 1309 1609 propter
1323 1517 1579 1587 redemtionem
1596 1530 1629 1586 et
1644 1515 1846 1619 efficaciam.
1899 1514 1992 1604 Quia
2010 1536 2154 1612 propter

1165 1642 1246 1689 eum
1277 1632 1412 1690 caetera
1441 1618 1516 1688 eius
1549 1618 1708 1688 membra
1741 1618 1849 1689 electa
1874 1632 1974 1700 sunt,
2008 1639 2154 1714 propter

1164 1721 1276 1812 ipsius
1307 1719 1590 1812 deprecationem
1622 1733 1657 1790 et
1685 1720 1906 1812 passionem,
1940 1736 1973 1792 et
2003 1723 2078 1813 ipse
2101 1740 2153 1795 est

1164 1820 1286 1892 efficax
1307 1823 1351 1891 in,
1369 1822 1438 1905 eis,
1464 1821 1613 1892 remittit
1626 1820 1767 1912 peccata
1782 1822 2007 1894 credentibus
2021 1827 2153 1899 sancti·

1163 1925 1242 1994 ficat
1263 1949 1322 1994 eos
1337 1923 1474 2014 Spiritu
1496 1938 1561 1993 suo¹
1583 1938 1720 2008 sancto,
1747 1926 1888 1994 exaudit
1909 1947 1985 2005 eos,
2013 1929 2101 2017 regit
2119 1942 2152 1998 et

1165 2026 1315 2117 protegit
1330 2049 1389 2095 cos
1405 2026 1442 2094 in
1458 2024 1760 2116 variispericulis,
1786 2025 1932 2113 depellit
1947 2028 1992 2095 ab
2008 2029 2057 2098 eis
2071 2031 2151 2098 dia·
2225 2085 2236 2102 .

1162 2129 1284 2212 bolos,
1308 2129 1369 2198 dat
1384 2127 1435 2196 εἰε
1451 2129 1559 2198 vitam
1576 2141 1766 2203 aeternam.
1819 2125 1914 2196 Haec
1932 2129 2071 2203 assidua
2088 2133 2150 2201 he-

1163 2230 1291 2299 neficia
1314 2229 1472 2319 impertit
1505 2253 1607 2298 verae
1628 2225 1816 2302 Ecclesiae.
1855 2227 1926 2297 Nec
1958 2231 2150 2318 cogitemus

1162 2332 1319 2402 ociosum
1337 2329 1551 2415 Dominum,
1577 2345 1637 2401 aut
1653 2331 1806 2402 ociosam
1824 2330 1952 2399 molem
1971 2348 2062 2416 esse,
2088 2337 2149 2404 sed

1162 2457 1243 2502 vere
1262 2456 1325 2502 sua
1348 2434 1505 2522 potentia
1531 2456 1596 2503 nos
1619 2446 1750 2523 gestat,
1776 2446 1810 2504 et
1833 2433 1909 2502 vult
1933 2428 2017 2502 haec
2040 2436 2149 2505 henc-

1161 2534 1239 2605 licia
1267 2536 1430 2622 agnosci,
1464 2549 1499 2606 et
1525 2534 1594 2604 fide
1620 2534 1708 2624 peti,
1741 2535 1819 2605 vult
1843 2534 1949 2603 etiam
1975 2535 2057 2604 sciri
2083 2532 2148 2606 hos

1162 2660 1234 2705 esse
1267 2659 1423 2707 summos
1451 2637 1567 2707 cultus
1591 2635 1659 2706 Dei
1687 2637 1726 2704 iu
1748 2631 1928 2719 Ecclesia,
1962 2659 2148 2725 agnoscere

1161 2733 1246 2806 baec
1268 2739 1455 2821 beneficia,
1481 2738 1549 2806 fide
1574 2762 1611 2806 ea
1638 2750 1771 2826 petere,
1798 2738 1992 2820 celebrare,
2015 2753 2049 2811 et
2068 2762 2147 2828 gra-

1161 2839 1228 2909 tias
1248 2861 1367 2927 agere,
1392 2839 1483 2908 sicut
1505 2839 1542 2907 iu
1567 2833 1634 2907 boc
1649 2839 1727 2928 ipso
1743 2836 1883 2907 Psalmo
1899 2835 2075 2910 Dominus
2092 2841 2148 2909 in·

1160 2941 1254 3035 quit:
1293 2935 1355 3007 De
1381 2935 1623 3009 tribulatione
1656 2937 1823 3008 invocavi
1851 2934 2079 3022 Dominum,
2113 2958 2148 3015 ει

1160 3056 1243 3113 sunt
1261 3041 1411 3112 insertae
1428 3041 1692 3122 invocationes,
1717 3036 1753 3109 O
1769 3038 1921 3113 Domine
1936 3041 2030 3110 salva
2050 3058 2112 3114 etc.

1262 3141 1385 3243 Sciant
1405 3143 1563 3214 iuniores
1587 3138 1671 3212 hinc
1688 3155 1843 3211 sumtum
1859 3165 1931 3213 esse
1946 3145 2146 3213 membrum

1161 3245 1328 3348 nptttttit'r't
1349 3246 1445 3315 salva
1468 3268 1616 3339 quaeso,
1643 3268 1734 3312 uam·
1748 3257 1782 3314 et
1804 3243 1878 3332 ipse
1892 3242 2042 3313 Messias
2060 3247 2147 3335 petit

1161 3372 1225 3440 pro
1249 3371 1286 3417 se
1307 3362 1342 3418 et
1365 3371 1428 3438 pro
1451 3361 1523 3417 ιοιε
1537 3344 1696 3417 Ecclesia
1717 3344 1969 3416 liberationem
1985 3359 2017 3415 et
2032 3348 2146 3423 salva,

1161 3450 1311 3529 tionem,
1337 3449 1428 3520 sicut
1450 3451 1494 3519 de
1509 3447 1695 3540 seiuquit:
1732 3443 1838 3517 Pater
1853 3446 2008 3536 glorifica
2032 3449 2144 3521 filium

1160 3576 1200 3621 ea
1221 3550 1351 3642 gloria,
1377 3576 1483 3644 quam
1505 3546 1631 3622 babuit
1654 3549 1749 3641 apud
1770 3561 1804 3618 te
1826 3563 1908 3620 ante
1922 3549 2146 3623 constitutio-
2220 3621 2223 3625 .

1161 3678 1241 3723 nem
1265 3654 1403 3724 mundi.
1457 3652 1503 3724 Et
1524 3665 1661 3744 postca:
1689 3650 1793 3723 Pater
1808 3675 1906 3722 serva
1922 3675 1982 3722 eos
1998 3655 2037 3723 in
2055 3657 2146 3723 veri-

1161 3771 1229 3828 tate
1247 3771 1316 3828 lua.

1261 3853 1482 3928 Benedictus
1511 3856 1579 3955 qui
1609 3857 1703 3927 venit
1733 3855 1772 3929 in
1802 3857 1948 3938 nomine
1974 3854 2146 3944 Domini,

1160 3963 1333 4031 referatur
1355 3963 1397 4031 ad
1415 3962 1704 4053 promissionem:
1741 3958 1783 4029 ln
1799 3962 1933 4033 semine
1958 3975 2020 4031 tuo
2036 3964 2144 4031 bene·

1161 4064 1324 4134 dicentur
1344 4086 1468 4133 omnes
1482 4077 1612 4153 gentes.
1665 4062 1756 4132 Nam
1773 4056 1831 4131 bic
1848 4062 2062 4133 benedictus
2070 4088 2144 4132 nou

1161 4178 1297 4236 tantum
1321 4165 1533 4254 generaliter
1555 4165 1774 4254 intelligatur
1796 4165 1840 4232 de
1857 4188 1897 4233 eo
1915 4163 1974 4255 qui
1992 4162 2037 4234 sit
2050 4164 2146 4248 felix,

1161 4269 1224 4361 qui
1244 4266 1432 4335 adiuvetur
1453 4292 1472 4335 a
1496 4265 1593 4352 Deo,
1620 4267 1710 4336 sicut
1733 4265 1895 4357 Moyses,
1923 4261 2044 4348 losue,
2072 4262 2146 4335 Ge-

1161 4372 1272 4449 deon,
1299 4369 1444 4439 fuerunt
1463 4369 1600 4453 felices,
1627 4370 1687 4438 sed
1704 4365 1916 4446 nominatim
1932 4368 1976 4434 de
1993 4366 2055 4434 illo
2071 4365 2145 4448 Do-

1162 4471 1259 4539 mino
1275 4484 1420 4561 propter
1434 4494 1538 4562 quem
1557 4469 1726 4561 promissa
1744 4480 1794 4537 est
1809 4467 2009 4539 benedictio
2024 4472 2146 4556 generi
2259 4489 2263 4495 ’

1162 4568 1338 4652 humano,
1365 4571 1528 4642 videlicet
1550 4570 1726 4641 restitutio
1749 4569 1905 4664 iustitiae
1930 4582 1962 4638 et
1979 4570 2071 4640 vitae
2088 4597 2145 4641 ae-

1162 4688 1300 4758 ternae,
1333 4673 1469 4742 snblata
1493 4673 1758 4749 maledictione,
1792 4672 1922 4753 idest,
1948 4686 2087 4760 peccato
2113 4689 2147 4743 et

1164 4793 1276 4845 morte
1301 4791 1332 4844 et
1357 4776 1408 4843 ira
1425 4773 1509 4857 Dei,
1535 4789 1568 4844 et
1588 4775 1626 4843 in
1644 4773 1792 4862 singulis
1809 4772 1990 4862 particulis
2006 4782 2056 4842 est
2073 4799 2147 4843 ern-

114 4862 422 4968 ιεερνοικιεεειινιι,
458 4869 518 4941 itia
541 4872 673 4971 factus
699 4880 749 4942 est
772 4873 812 4942 in
835 4884 943 4971 caput
965 4872 1111 4968 unguii.
1162 4873 1280 4969 phasis
1306 4872 1545 4956 Benedictus,
1572 4878 1606 4946 id
1632 4890 1698 4959 est,
1724 4875 1861 4967 primus
1886 4888 1921 4943 et
1944 4875 2146 4945 immediate

118 4973 336 5049 Recitantur
355 4991 389 5049 et
405 4977 443 5044 in
459 4973 526 5045 hoc
542 5000 645 5045 versu
661 4978 773 5065 passio
791 4991 824 5047 et
839 4978 1024 5061 liberatio,
1050 4980 1110 5047 sed
1163 4980 1370 5049 benedictus
1391 4980 1436 5046 ab
1457 4993 1598 5049 aeterno
1614 4990 1738 5070 patre,
1758 4990 1791 5047 et
1810 4977 2019 5046 benedicens
2035 4991 2148 5047 caete·

121 5078 270 5148 additur
290 5101 393 5147 causa
417 5079 552 5160 finalis,
579 5090 619 5147 ut
634 5072 693 5146 hic
709 5078 824 5149 Filius
838 5078 905 5149 Dei
922 5082 967 5151 sit
981 5081 1111 5150 sunda·
1164 5082 1230 5165 ris,
1256 5074 1334 5176 Qui
1358 5078 1451 5150 venit
1473 5080 1512 5149 in
1531 5079 1677 5149 nomine
1693 5074 1870 5158 Domini,
1896 5079 2018 5161 idest,
2044 5103 2149 5168 pecu·

120 5193 284 5250 mentum
309 5204 350 5248 ex
371 5205 442 5273 quo
460 5191 640 5252 extruetur
654 5175 823 5252 Ecclesia.
876 5180 1112 5254 Considerent
1163 5185 1301 5253 liariter
1316 5184 1444 5251 missus
1460 5179 1613 5253 acl‘hanc
1632 5184 1743 5272 ipsam
1760 5182 2014 5249 redemtionem
2032 5194 2066 5250 et
2081 5181 2150 5249 sal·

119 5295 238 5353 autem
264 5281 421 5362 iuniores
441 5282 604 5371 figuram:
632 5272 756 5378 Caput
778 5279 915 5376 anguli
933 5281 1112 5381 sculapi-
1164 5286 1343 5355 rationem
1371 5284 1507 5374 generis
1538 5282 1699 5356 humani.
1751 5275 2017 5354 Benediximus
2049 5278 2150 5349 vobis

125 5377 206 5454 dem
222 5379 446 5477 angularem
474 5383 637 5453 nominat
664 5384 949 5473 fundamentum,
969 5387 1026 5458 cui
1042 5388 1111 5457 im·
1164 5382 1208 5457 de
1238 5382 1346 5458 domo
1370 5383 1548 5469 Domini,
1581 5388 1650 5458 iam
1675 5380 1840 5458 Christus
1863 5396 1897 5453 et
1918 5405 2040 5452 omnes
2064 5380 2153 5451 Pro-

1632 5485 1681 5559 75

177 5488 358 5555 Mensura.
388 5491 491 5555 Orsa.
520 5489 603 5553 Voc.
623 5488 720 5556 XIII.
