4538 5754
56 286 131 362 661

60 482 179 542 autem
194 476 229 534 et
244 456 303 531 bic
317 458 442 531 titulus
459 454 497 522 in
515 444 826 545 praedicamentis,
851 443 934 537 quia
957 434 1044 511 haec

60 561 326 642 circumstantia
340 579 478 650 semper
492 577 640 645 corpora
659 549 858 630 comitatur,
879 557 913 614 et
931 543 1044 612 inter·

61 677 151 744 dum
175 662 376 738 observatio
399 656 594 729 necessaria
621 666 689 737 est,
724 673 795 744 quo
824 661 940 740 partes
966 668 1046 735 spe-

59 787 176 857 ctent,
202 783 243 840 ut
258 788 337 836 cum
355 761 578 856 quaerimus,
605 779 675 850 quo
700 751 864 845 spectarit
880 747 1046 820 Comatae

57 899 183 947 mucro
200 894 263 941 seu
277 867 400 936 cauda.

423 1094 485 1176 lle
518 1086 688 1173 Habitu.

179 1265 276 1354 Quid
289 1268 349 1337 eat
362 1257 719 1355 praedicamentum
731 1242 919 1323 astituat

165 1399 321 1471 Habitus
334 1394 506 1486 significat
520 1386 589 1460 hoc
602 1388 681 1455 loco
696 1385 876 1455 vestitum.
914 1370 963 1446 Et
977 1368 1049 1442 buc

61 1506 216 1576 vestium
233 1516 268 1573 ει
281 1499 433 1570 aliorum
461 1501 745 1583 tegumentorum
769 1483 915 1554 nomina
937 1475 1050 1547 collo·

62 1608 179 1679 canda
202 1615 303 1687 sunt,
335 1613 375 1671 ut
395 1595 536 1679 tunica,
569 1586 714 1674 thorax,
742 1586 898 1668 calceus,
923 1579 1049 1671 pileus,

62 1710 183 1801 galea,
209 1706 366 1800 clypeus.
416 1695 551 1789 Estque
575 1688 666 1761 ratio
688 1687 863 1759 vestiendi
886 1680 1050 1754 conside-

64 1813 191 1893 randa,
219 1830 294 1876 non
308 1801 454 1873 materia
473 1808 535 1867 aut
549 1795 671 1884 figura.
694 1787 880 1860 Hactenus
891 1788 934 1855 de
950 1804 1051 1874 prae-

63 1909 276 1982 dicamentis
292 1906 375 1978 satis
391 1903 526 1971 dictum
541 1909 604 1971 εει.Ι
642 1893 786 1967 Utilitas
802 1904 917 1981 autem
934 1884 972 1953 in
989 1884 1053 1954 de-

63 2011 290 2082 finitionibus
305 2021 341 2113 et
356 2000 594 2076 divisionibus
608 1993 868 2088 conspicietur,
892 2002 1052 2078 utsupra

63 2114 200 2186 monui.

272 2342 340 2424 De
370 2326 836 2444 Postpraedicamentis.

181 2524 282 2616 Quid
300 2527 484 2597 vocarunt
506 2504 935 2609 Poatproedicomentol

172 2660 361 2730 Vincimur
377 2652 645 2735 consuetudine,
666 2662 709 2720 ut
725 2646 898 2718 vocabulo
913 2655 1056 2714 utamur

67 2763 249 2836 inerudite
280 2759 487 2848 excogitato.
538 2752 611 2824 Nec
632 2753 781 2821 obscura
810 2746 973 2819 doctrina
1004 2754 1056 2812 εει

67 2865 179 2938 huius
194 2863 313 2957 partis.
346 2859 538 2951 Postquam
551 2868 733 2946 utcunque
754 2849 908 2943 exposita
924 2858 975 2915 est
990 2845 1056 2915 do·

67 2968 184 3040 ctrina
201 2967 246 3037 de
261 2957 574 3056 praedicamentis,
598 2956 732 3026 adiecta
749 2966 801 3024 εει
816 2946 1056 3021 commoneta-

66 3073 139 3143 ctio
156 3071 201 3140 de
216 3064 336 3160 paucis
351 3062 566 3157 quibusdam
580 3055 763 3128 vocabulis
775 3050 961 3142 ambiguis,
976 3071 1055 3120 cum

67 3173 186 3244 multo
202 3169 305 3261 plura
319 3162 494 3234 recenseri
508 3159 716 3252 potuissent.
758 3154 959 3226 Nominant
974 3173 1055 3240 ergo

69 3269 435 3368 postpraedicamenta
453 3261 706 3332 vocabulorum
721 3259 858 3352 aliquot
872 3255 1058 3344 ambiguo-

68 3400 150 3446 rum
167 3369 450 3448 enarrationem,
477 3364 660 3446 videlicet,
685 3357 952 3454 Oppositionis,
975 3378 1058 3449 par-

677 269 740 348 lv,
791 259 1117 344 ERO'I'EMA'I'A
1140 254 1476 337 DIALEGTIGES.

1891 215 2171 342 ἰεει

1095 438 1293 557 significant
1308 448 1447 508 tantum
1463 436 1681 523 nuditatem,
1706 460 1768 509 scu
1781 438 1976 511 absentiam
1997 443 2077 512 for·
2163 424 2166 429 ⁵

1095 564 1191 626 mae,
1217 561 1274 610 cur
1296 539 1508 630 opponitur,
1533 560 1624 632 quae
1645 551 1762 610 tamen
1783 543 1903 611 adesse
1926 556 2074 633 poterat.

1095 640 1245 714 Etcum
1272 641 1426 734 privatio
1451 641 1679 726 nominatur,
1713 642 1820 713 simul
1843 645 1930 736 poni
1955 645 2074 716 subie-

1095 758 1190 816 ctum
1206 742 1357 837 aliquod
1369 766 1509 813 necesse
1523 756 1594 828 est,
1618 755 1685 812 uta
1702 741 1856 815 Caecitas
1880 759 1932 815 est
1947 748 2074 818 absen·
2167 758 2170 767 ’
2192 796 2194 799 .

1095 848 1143 917 tia
1167 846 1263 916 visus
1288 846 1326 914 in
1347 845 1506 916 subiecto
1532 846 1677 936 proprio
1704 844 1820 932 visus,
1846 848 2010 919 videlicet
2037 853 2076 920 in

1095 948 1219 1020 oculis.
1270 945 1343 1017 Nec
1356 947 1525 1032 dicimus,
1550 947 1706 1038 lapidem
1724 969 1798 1017 esse
1815 971 1966 1036 caecum,
1992 954 2076 1046 quia

1096 1051 1173 1121 eius
1195 1062 1322 1121 natura
1346 1073 1421 1119 non
1445 1062 1496 1119 est
1512 1073 1619 1141 capax
1634 1049 1740 1118 visus.
1790 1047 1864 1121 Res
1878 1065 2016 1139 autem,
2037 1069 2077 1126 ut

1096 1153 1212 1237 visus,
1244 1152 1324 1242 luc,
1358 1146 1426 1221 hoc
1451 1151 1532 1221 loco
1551 1151 1655 1221 etiarn
1682 1150 1890 1223 nominatur
1914 1150 2077 1241 Habitus,

1096 1254 1179 1348 quia
1196 1266 1279 1323 sunt
1299 1268 1526 1338 ornamenta,
1551 1276 1642 1347 quae
1664 1251 1901 1343 possidentur.
1953 1254 2076 1329 Caete-

1097 1381 1177 1426 rum
1200 1367 1338 1427 constat
1360 1355 1399 1424 in
1421 1355 1590 1442 gradibus
1614 1356 1865 1426 excellentibus
1887 1378 1961 1426 non
1976 1383 2086 1451 posse·

1097 1459 1204 1529 simul
1220 1458 1257 1526 in
1275 1459 1398 1527 eodem
1417 1457 1574 1528 subiecto
1600 1479 1673 1526 esse
1700 1458 1816 1527 lucem
1847 1471 1882 1529 ει
1904 1461 2080 1534 tenebras:

1097 1558 1158 1631 Sic
1182 1561 1226 1631 de
1250 1560 1330 1630 aliis
1352 1559 1584 1630 iudicandum
1606 1572 1675 1644 εει,
1695 1573 1735 1630 ut
1758 1560 1797 1629 in
1821 1559 1908 1631 locis
1931 1562 2079 1643 dicetur.

1098 1659 1254 1751 Quartus
1277 1662 1403 1732 modus
1424 1675 1571 1732 vocatur
1591 1656 1857 1742 Contradictio,
1895 1686 1985 1756 quae
2006 1691 2080 1738 non

1100 1777 1149 1835 εει
1164 1764 1386 1853 singularum
1402 1787 1522 1835 rerum
1538 1774 1600 1835 aut
1617 1762 1870 1835 vocabulorum
1892 1769 2106 1858 oppositio,·

1101 1869 1159 1939 sed
1174 1881 1311 1953 tantum
1328 1866 1559 1958 repugnantia
1576 1865 1879 1957 propositionum,
1904 1892 1992 1960 quas
2013 1872 2082 1941 im-

1102 1969 1267 2061 possibile
1292 1982 1346 2041 εει
1367 1968 1473 2039 simul
1495 1989 1595 2039 veras
1617 1982 1679 2038 aut
1699 1968 1806 2038 salsas
1821 1991 1912 2055 esse,
1938 1984 1991 2043 ut:
2017 1972 2081 2044 Sol
2104 2024 2107 2030 -

1104 2087 1280 2158 movetur,
1305 2072 1358 2143 sol
1382 2093 1457 2141 non
1475 2080 1648 2141 movetur.
1700 2068 1769 2140 Hic
1790 2072 1898 2150 ordo,
1924 2094 1968 2141 ne
1990 2075 2082 2145 duae

1104 2171 1394 2245 contradictoriae
1411 2172 1519 2242 simul
1537 2195 1640 2245 verae
1654 2171 1737 2253 sint,
1763 2172 1946 2243 autsimul
1963 2175 2082 2263 salsae,

1037 2285 1040 2291 '
1104 2288 1151 2346 εει
1165 2277 1285 2367 regula
1302 2276 1449 2346 immota
1466 2286 1501 2344 et
1516 2274 1961 2356 aeteruamentisdivinae,
1978 2300 2083 2349 mon.

1103 2391 1205 2450 strata
1222 2374 1428 2448 hominibus
1443 2376 1481 2445 in
1501 2368 1570 2445 boc
1587 2375 1781 2469 principio:
1808 2373 2005 2465 Quodlibet
2020 2397 2084 2468 est,

1104 2496 1160 2554 aut
1175 2505 1250 2553 non
1265 2492 1328 2555 εει.
1368 2475 1416 2550 Et
1433 2472 1530 2548 hunc
1543 2477 1708 2549 ordinem
1728 2479 1870 2563 tollere,
1896 2493 1948 2551 εει
1963 2485 2084 2554 omnia

1104 2585 1212 2656 lacere
1228 2584 1380 2667 incerta,
1405 2595 1440 2652 et
1455 2592 1565 2652 totam
1579 2602 1699 2651 rerum
1716 2581 1982 2652 universitatem
1999 2609 2084 2655 con·
2113 2560 2119 2572 ’

1102 2687 1262 2772 fundere,
1286 2698 1327 2757 ut
1341 2684 1373 2754 si
1386 2683 1467 2777 quis
1480 2681 1586 2767 dicat,
1610 2683 1743 2775 pariter
1761 2705 1861 2753 veras
1875 2706 1966 2771 esse,
1992 2686 2085 2776 ignis

1103 2791 1193 2876 urit,
1218 2789 1310 2879 ignis
1325 2809 1398 2855 uon
1415 2783 1499 2859 urit.
1551 2781 1623 2855 Sed
1639 2780 1707 2856 hae
1728 2787 2086 2861 commonefactioues

1104 2891 1288 2985 aliquoties
1302 2887 1394 2958 infra
1407 2898 1621 2978 repetentur.
1689 2899 1691 2903 '
1746 2972 1764 3005 ι

1178 3066 1281 3150 Quae
1302 3068 1358 3134 εει
1382 3057 1610 3158 αειόἱφειιαε
1628 3065 1847 3153 particulae
1867 3061 2008 3137 Prius?

1202 3195 1308 3267 Prius
1340 3194 1522 3266 interdum
1552 3195 1726 3284 siguificat
1749 3197 1919 3290 quiddam
1944 3211 2085 3269 antece-

1106 3298 1191 3369 dens
1213 3312 1394 3390 tempore,
1433 3311 1489 3369 ut:
1505 3316 1507 3321 ’
1524 3291 1646 3368 Arbor
1678 3300 1874 3369 necessario
1903 3300 2005 3392 prior
2033 3315 2085 3373 est

1107 3423 1222 3491 pomo,
1246 3398 1424 3472 Romulus
1439 3400 1538 3491 prior
1552 3401 1726 3489 Augusto.
1778 3399 1962 3471 Interdum
1980 3399 2084 3473 Prius

69 3479 262 3593 ticularuna
279 3471 404 3556 P¹¹⁰⁸s
429 3465 567 3552 s¹¹¹¹¹¹¹a
591 3466 691 3536 ΨΜ
708 3460 861 3534 Habere·
1000 3560 1004 3565 ,
1107 3497 1277 3591 significat
1314 3502 1486 3596 quiddam
1517 3502 1648 3572 ordine
1681 3517 1829 3577 naturae
1864 3506 2088 3590 antecedens,

247 3664 344 3746 Qu„
357 3652 480 3730 mogi,
497 3656 674 3748 oppom
689 3643 894 3725 dicmurp
1109 3604 1242 3722 etiamsi
1257 3616 1414 3695 tempore
1433 3605 1619 3724 simplest,
1637 3618 1693 3675 ut:
1718 3605 1966 3677 universaliter
1983 3630 2086 3677 causa

1109 3729 1209 3799 prror
1226 3719 1275 3777 εει
1287 3706 1415 3777 effectu
1430 3708 1557 3777 ordme
1572 3719 1738 3792 naturae,
1764 3707 1869 3778 etiam
1887 3732 1967 3778 cum
1991 3721 2086 3780 tem·
2192 3744 2193 3747 =

146 3901 154 3917 .
176 3798 290 3887 Saepe
305 3820 344 3864 ¹¹¹
353 3794 556 3910 D¹¹l¹⁰¹¹f¹⁸
568 3790 740 3910 ¹¹P²¹¹¹¹¹¹
756 3784 842 3906 {¹³⁰⁰
855 3803 1059 3903 ⁶⁰¹9¹¹¹⁰¹¹f⁶
1109 3831 1195 3900 pore
1212 3805 1314 3878 simul
1330 3821 1382 3878 est
1399 3808 1554 3893 effectus,
1580 3821 1636 3878 ut:
1651 3805 1714 3878 Sol
1729 3823 1761 3879 ει
1777 3832 1940 3901 spargere
1955 3810 2088 3881 radids·

71 3896 621 4019 factio,·(·2uatuormodlsd1c·t
643 3905 823 4009 ⁰t¹t{⁰¹¹¹³s
839 3900 882 4006 ‚¹¹
903 3885 996 3954 ¹¹¹f¹³
1020 3907 1059 3951 ¹¹¹
1109 3905 1178 3980 hoc
1195 3921 1265 3996 εει,
1287 3910 1508 4003 impossibile
1524 3924 1576 3981 εει
1598 3933 1736 3980 causam
1761 3912 1990 4003 posteriorem
2014 3866 2089 3983 essd

71 4005 331 4083 l⁰c¹⁵¹³¹¹¹¹¹¹¹²
356 3989 1061 4116 q¹¹⁰¹¹¹⁰¹¹⁰³⁸¹⁰8⁰¹¹⁵¹⁰⁰d¹5P⁰⁶³⁰²⁰¹
1110 4012 1248 4083 effectu.
1298 4011 1351 4087 lta
1368 4014 1488 4085 unitas
1509 4013 1636 4083 ordine
1658 4013 1758 4105 prior
1782 4028 1834 4085 εει
1857 4015 1997 4084 binario
2042 3987 2088 4084 til

72 4117 302 4193 ³¹b⁰m⁰¹¹¹³³
336 4102 432 4218 ‘1¹¹¹{d
450 4123 495 4217 ‚¹¹¹
519 4096 699 4214 ⁶⁰¹¹¹¹¹¹¹¹¹¹ff
723 4109 796 4163 ¹¹¹³
817 4115 899 4211 ΜΡ
921 4111 1060 4159 necem
1110 4139 1197 4185 neae
1219 4115 1347 4205 figuris.
1405 4114 1448 4186 In
1478 4115 1682 4210 syllogismo
1714 4116 1925 4208 praemissae
1953 4069 2088 4204 priores

73 4223 137 4278 est·
191 4205 296 4339 Ntlsst
313 4204 518 4272 b¹¹V¹³¹¹¹¹¹¹
534 4199 788 4290 ³990¹¹³¹¹⁰¹¹⁰¹
803 4193 971 4266 secum·
1111 4231 1194 4289 sunt
1209 4217 1447 4305 conclusione,
1473 4218 1612 4288 tametsi
1630 4210 1759 4308 positis'
1771 4233 1805 4287 et
1831 4231 1923 4287 recte
1948 4217 2088 4287 intelle-

170 4320 464 4443 Prvmusrnodus
479 4331 547 4387 est:
574 4316 763 4385 Contrarie
779 4314 942 4407 opposita
965 4331 1072 4402 sunt,
1111 4320 1176 4391 ctis
1198 4320 1414 4409 praemissis,
1451 4320 1559 4393 simul
1590 4345 1673 4390 mox
1703 4320 1799 4388 cerni
1824 4318 2088 4390 conclusionem

72 4444 115 4499 ut
130 4439 258 4545 visitate
272 4424 464 4516 loquamur,
491 4421 580 4488 duae
596 4420 794 4512 qualitates,
821 4442 971 4511 quarum
987 4440 1057 4489 una
1110 4444 1249 4490 necesse
1261 4434 1323 4492 εει.
1376 4414 1561 4495 Interdum
1578 4418 1682 4492 Prius
1701 4420 1849 4506 dicitur,
1875 4422 2088 4514 quodante-

74 4531 177 4623 pellst
192 4528 350 4644 alteram,
375 4538 432 4594 ut:
457 4522 616 4640 caliditas
631 4535 665 4589 et
681 4520 867 4610 frigiditas,
893 4545 953 4589 seu
969 4534 1068 4614 quae
1110 4523 1204 4594 cellit
1218 4524 1406 4614 dignitate,
1432 4540 1488 4598 ut:
1516 4523 1652 4594 Consul
1668 4523 1766 4611 prior
1782 4536 1834 4593 εει
1850 4538 2022 4595 senatore.
2126 4544 2128 4548 ·

74 4637 114 4702 in
138 4630 307 4745 gradibus
333 4626 586 4696 excellentibus
610 4646 684 4690 non
708 4634 855 4712 possunt
884 4623 990 4691 simul
1020 4625 1059 4692 in
1211 4625 1271 4697 Sic
1286 4627 1324 4696 in
1339 4625 1634 4720 particulaSimul
1651 4624 1861 4716 ambiguitas
1877 4642 1940 4700 εει.
1966 4602 2086 4700 Prima

74 4739 199 4850 eodem
229 4731 389 4848 subvecto
422 4749 514 4844 εεεε..
565 4723 679 4815 Supra
710 4725 804 4792 enim
835 4724 969 4794 dictum
999 4741 1058 4811 est,
1110 4729 1291 4799 notissima
1316 4745 1365 4799 est
1388 4727 1556 4820 temporis
1578 4726 1807 4815 significatio,
1839 4743 1895 4800 ut:
1928 4744 2087 4822 tempore

75 4832 344 4949 qualitatisdrcs
360 4842 567 4946 contrarias,
591 4829 673 4918 quia
688 4822 815 4895 harum
831 4827 923 4915 actio
940 4828 1057 4921 aliqua
1109 4831 1214 4903 simul
1242 4845 1326 4902 sunt
1353 4833 1506 4900 efficiens
1534 4829 1711 4916 natur'ale,
1734 4813 1991 4926 'propinquum
2048 4859 2087 4903 ac

73 4962 137 5055 seu
153 4935 291 5035 effertsp
307 4946 370 5006 est.
401 4927 482 5049 ‚Res
498 4952 650 5012 οειοεεε,
677 4941 717 4998 ut
733 4928 957 5020 quantitates,
984 4955 1056 5000 non
1106 4934 1264 5026 patiens,
1300 4934 1399 5002 saber
1431 4947 1464 5003 et
1495 4932 1691 5002 fabricatio.
1748 4931 1881 5004 Totum
1912 4948 1946 5003 et
1972 4889 2087 5027 pdrtes

73 5046 240 5158 (tacentur
258 5049 466 5152 contrariae.
507 5029 1056 5122 Relativeoppositasuntrela-
1106 5035 1331 5127 principales.
1382 5032 1505 5105 Altera
1526 5034 1734 5124 significatio
1758 5036 1877 5106 minus
1898 5039 2088 5129 conspicua

74 5157 189 5210 tivum
203 5149 239 5207 et
253 5136 521 5254 correlatrvum,
547 5147 603 5204 ut:
632 5132 736 5202 Pater
756 5146 790 5203 ει
805 5133 910 5203 filius.
961 5134 1057 5206 Haec
1107 5152 1168 5221 est,
1195 5139 1254 5207 sed
1272 5151 1391 5209 tamen
1410 5127 1534 5209 utilem
1551 5136 1748 5207 doctrinam
1766 5139 1943 5209 continet:
1971 5140 2088 5211 Simul

76 5267 151 5360 non
168 5250 316 5332 possunt
331 5262 414 5356 uns,
440 5249 597 5324 respectu
615 5236 794 5320 eiusdem,
821 5236 942 5310 tribui.
977 5235 1058 5307 Pri·
1108 5253 1188 5311 stant
1215 5239 1423 5312 correlativa
1448 5239 1587 5324 omnia,
1613 5239 1748 5308 etiamsi
1770 5241 1920 5310 alterum
1941 5259 2090 5313 nonest

76 5359 221 5413 vatione
244 5354 406 5432 opposita
431 5352 513 5407 sunt
537 5360 591 5405 res
614 5349 649 5407 et
668 5339 840 5428 privatio,
865 5351 920 5408 ut:
948 5339 1009 5409 lux
1025 5355 1059 5412 ει
1107 5365 1206 5412 εειιεε
1222 5341 1385 5428 alterius,
1411 5356 1451 5414 ut
1466 5342 1598 5427 maius,
1625 5341 1757 5412 minus.
1799 5323 1902 5411 Talia
1920 5345 2091 5413 dicuntuc

75 5445 253 5518 tenebrae.
290 5440 381 5510 Nam
396 5440 564 5511 tenebrae
576 5460 651 5508 non
666 5439 863 5529 significant
879 5432 972 5527 rem,
997 5446 1058 5515 sed
1108 5456 1230 5515 natura
1255 5444 1385 5534 simul,
1418 5447 1502 5544 quia
1531 5443 1792 5515 antvecsatvtei
1811 5442 1975 5510 relativo
1998 5440 2125 5505 extan-

121 5550 301 5617 lllcnarru.
321 5546 425 5614 Orsa.
447 5545 529 5610 Vos.
547 5543 640 5615 Xlll.
1544 5549 1601 5623 bit
