4538 5754
17 3712 25 3720 ·
111 3675 113 3681 ’
229 3680 516 3766 inperpetuum.

116 246 216 324 ties
710 236 837 313 Plllli.
863 234 982 316 MEL.
1007 233 1215 313 SCRIPTA
1239 231 1542 311 axncnrtcn.
2054 238 2131 316 mi

114 417 306 511 gratiarum
327 413 515 485 actionem.
566 407 665 479 llaec
689 410 735 479 de
753 423 963 499 argumento
985 423 1021 479 et
1047 434 1106 480 ac·
1156 407 1317 479 Psalmos
1330 403 1492 477 hortetur
1507 419 1541 477 et
1558 401 1785 479 nosadltaec
1811 407 2008 502 praecipua
2029 426 2129 502 opert

117 518 400 591 commodatione
416 517 459 585 ad
477 537 563 599 nos,
588 511 745 584 breviter
757 512 909 605 praefari
927 513 1036 587 volui.
1158 509 1422 581 invocationem
1437 523 1470 580 et
1486 509 1678 599 gratiaram
1696 510 1886 586 actionem.

1259 643 1444 729 Secundo,
1469 639 1564 714 lllud
1579 656 1633 715 eit
1646 643 1907 732 dulcissimum,
1935 646 2032 739 quod
2051 645 2129 717 aitte

1158 749 1195 818 in
1212 746 1364 818 concilio
1381 759 1415 816 et
1432 758 1535 816 coetu
1550 745 1742 834 iustorum,
1767 746 1805 817 id
1830 762 1903 830 est,
1932 748 1973 818 in
1996 743 2130 818 Ecclaiii

1157 846 1220 920 lias
1236 850 1359 918 laudes
1375 849 1573 920 decantare.
1627 846 1744 937 Quam
1759 850 1808 920 ob
1831 874 1981 921 cauum
1998 843 2065 919 boc
2084 851 2130 919 id

438 963 646 1038 Psalmui
670 959 779 1034 CXl.
1157 951 1280 1024 ditur?
1303 972 1426 1020 causae
1446 961 1517 1020 tres
1533 962 1628 1021 suut.

711 1145 718 1161 ⁸
1259 1065 1390 1138 Prima.
1440 1064 1484 1139 In
1506 1065 1607 1135 omni
1626 1064 1789 1138 oratione
1815 1067 1995 1140 debemus
2016 1067 2128 1139 intueri

99 1263 101 1267 Ι
146 1151 174 1229 l·
198 1155 355 1225 &⁰5⁰⁸
385 1171 492 1246 (ΨΜ
516 1143 585 1219 llll
607 1146 767 1216 ”mne
790 1163 840 1213 ‘x
869 1152 947 1217 ¹⁰¹⁰
978 1141 1105 1234 eorde,
1157 1170 1408 1263 promissiones
1423 1164 1601 1238 Ecclesiae
1615 1170 1722 1239 lactas
1738 1183 1773 1241 et
1789 1165 1856 1239 hac
1874 1173 1951 1240 fide
1970 1171 2128 1252 invocare,

217 1260 261 1327 ln
277 1254 431 1324 comlllo
447 1260 486 1320 el
502 1257 609 1321 0⁰0l¹⁴
626 1251 822 1318 mmmm·
1158 1272 1252 1364 quod
1270 1283 1414 1363 propter
1430 1271 1508 1338 illas
1525 1271 1775 1361 promissiones
1789 1274 2042 1344 exaudiamur.
2067 1268 2129 1341 lilii

145 1386 194 1463 tt.
225 1391 368 1482 Magna
402 1393 491 1455 sunt
523 1403 637 1473 opera
670 1381 846 1469 Domini,
894 1377 1105 1452 scrutanda
1158 1397 1261 1463 saepe
1285 1373 1367 1442 lacit
1392 1373 1609 1440 mentionem
1631 1364 1829 1457 Ecclesiae,
1853 1389 1896 1444 ut
1920 1373 2131 1464 significetis

219 1497 375 1581 propiet·
391 1490 518 1558 omniu
536 1478 809 1555 desiderabilia
831 1504 912 1553 suti·
1159 1475 1226 1544 uiti
1249 1473 1563 1564 promissionibus,
1599 1497 1689 1566 quae
1716 1476 1819 1544 datae
1848 1490 1940 1547 sunt
1962 1474 2132 1558 Ecclesiae,

146 1620 213 1698 111·
240 1621 449 1693 mmmm
469 1626 507 1688 ει
529 1611 770 1713 mmmmm
803 1624 862 1688 m
888 1639 979 1708 θρίω
1009 1618 1107 1704 eim,
1159 1577 1259 1696 puisi
1281 1576 1390 1646 dicat:
1419 1574 1460 1643 ln
1482 1571 1639 1644 Ecclesia
1666 1575 1838 1646 invocabo
1857 1578 2002 1658 Deum,
2029 1577 2132 1658 idest,

221 1732 261 1795 et
277 1726 431 1793 iusticia
448 1726 532 1792 eim
550 1719 664 1790 dum
681 1723 722 1788 in
734 1728 971 1811 perpetuum·
1160 1690 1330 1748 intereos
1346 1678 1538 1760 invocabo,
1564 1676 1694 1768 quibus
1709 1678 1858 1749 tradidit
1875 1678 2131 1772 promissiones,

390 1858 398 1876 ,
553 1858 561 1873 ,
638 1858 645 1874 ,
721 1857 758 1872 Η
1160 1793 1195 1850 et
1212 1773 1340 1847 harum
1356 1778 1486 1847 fiducia
1504 1779 1642 1846 invocor

147 1855 211 1929 Ν
238 1859 465 1977 Memmi*
478 1849 825 1975 fellmmffllmm
839 1873 1009 1940 mmm’
1032 1852 1107 1921 ἅθ’
1243 1894 1558 1967 Deindedisccrnit
1567 1888 1649 1964 baec
1657 1893 1827 1987 particula
1839 1888 1923 1987 pios
1931 1898 1979 1967 ab
1987 1898 2134 1967 omnibus

220 1980 329 2030 mens
345 1969 383 2029 et
401 1978 618 2028 misericors
634 1958 829 2026 Dominus.

453 2094 461 2108 ‚
525 2093 532 2108 ,
1072 2088 1081 2104 ·
1160 1997 1273 2084 sectis,
1293 2013 1329 2069 et
1344 1997 1534 2087 impiorum
1545 1995 1704 2066 cultuum
1717 2011 1751 2067 et
1766 1998 2011 2070 traditionum
2026 1998 2134 2069 ineen-

149 2093 193 2162 V·
221 2095 355 2161 &mm
373 2088 478 2160 delli
499 2086 718 2160 ”mellum
739 2109 796 2176 ⁸02
824 2088 966 2157 Mem?
987 2094 1046 2156 0⁸l
1066 2107 1108 2155 Μ
1162 2102 1318 2184 toribus,
1343 2115 1378 2171 et
1401 2122 1466 2167 uos
1491 2109 1612 2166 monet
1637 2121 1682 2165 ue
1703 2099 1931 2169 discedamus
1952 2099 2136 2172 eviratis·

226 2203 427 2265 aeternum
439 2197 541 2284 pacti
557 2195 629 2262 sui.
1161 2202 1285 2281 clesia,
1319 2224 1407 2269 neve
1430 2198 1588 2269 exaridiri
1613 2211 1774 2288 putemus
1795 2200 1949 2291 impios,
1974 2202 2039 2296 qui
2056 2213 2135 2272 extri

148 2328 213 2401 Vl,
249 2329 434 2400 Virtutem
455 2347 608 2417 operum
630 2345 779 2394 &sonim
806 2322 1015 2391 annunciat
1040 2341 1109 2410 po.
1162 2300 1354 2373 Ecclesiam
1377 2302 1553 2370 invocant.
1607 2299 1707 2370 Sicut
1721 2298 1863 2371 Psalmo
1881 2304 2134 2397 decimoquinto

220 2429 306 2522 puio
331 2451 417 2517 ηρ,
457 2437 502 2498 ui
521 2427 587 2497 det
615 2427 693 2496 ειη,
707 2422 986 2494 haereditatem
1010 2424 1109 2493 Gen.
1162 2404 1321 2500 inquuit:
1348 2400 1430 2472 Nou
1447 2401 1614 2492 recipiam
1637 2424 1910 2472 uomeneorum
1928 2427 2039 2497 super
2057 2402 2133 2474 labit

222 2535 330 2603 litem.
1162 2530 1250 2575 mea.
1300 2505 1400 2575 Haec
1424 2501 1654 2572 comminatio
1686 2497 1849 2575 hortetur
1879 2507 1927 2574 ad
1958 2529 2029 2576 nos
2050 2524 2134 2576 verae

1162 2603 1339 2677 Ecclesiae
1354 2605 1526 2676 unitatem
1548 2617 1582 2675 et
1602 2605 1826 2673 concordiam
1844 2608 2023 2679 tuendam
2044 2620 2076 2678 et
2092 2629 2134 2675 re·

1163 2709 1366 2790 sinendam,
1392 2720 1427 2777 et
1442 2708 1618 2775 deterreat
1631 2728 1716 2792 nos,
1741 2729 1786 2775 ne
1800 2708 2067 2799 coniungimur
2083 2727 2133 2776 nos

527 2897 535 2913 .
887 2897 895 2913 ·
1025 2839 1032 2854 ·
1163 2833 1242 2882 cum
1268 2807 1406 2899 impiis,
1432 2807 1495 2909 qui
1517 2806 1728 2877 traditiones
1747 2820 1807 2876 aut
1830 2809 2003 2899 dogmata
2032 2819 2133 2880 serunt

150 2896 253 2975 Vlll·
288 2901 389 2966 Μία
410 2903 497 2966 ml
521 2917 562 2965 m
583 2895 752 2965 ⁸0⁰“lllm
774 2895 914 2984 'milli
947 2888 1044 2990 illml
1071 2901 1110 2964 el
1163 2924 1285 2981 contra
1298 2909 1446 2978 verbum
1463 2905 1542 2981 Dei.
1593 2903 1684 2977 Nam
1700 2907 1881 2979 invocatio
1906 2911 1947 2979 in
1963 2910 2030 2982 tali
2052 2923 2132 2981 coetu

223 3009 312 3072 wll
328 3021 416 3069 vem
434 3008 471 3068 el
485 3004 606 3067 ''ecla-
1164 3025 1215 3082 est
1231 3005 1467 3103 blasphemia,
1492 3009 1583 3078 sicut
1599 3007 1758 3079 Psalmus
1772 3009 1912 3103 iuquit:
1935 3009 2022 3084 Fiat
2037 3010 2132 3083 oratio

146 3132 211 3208 IX.
238 3131 524 3205 Redemtionem
546 3132 653 3201 misit
670 3129 803 3221 populo
826 3149 914 3216 suo,
948 3125 1111 3197 manda·
1163 3113 1445 3203 ciuspeccatum.
1498 3107 1604 3179 Tales
1619 3123 1701 3181 sunt
1715 3110 1830 3181 cultus
1851 3127 1888 3183 et
1903 3136 2034 3183 omnes
2052 3113 2134 3182 inso-

223 3239 278 3307 νει
295 3241 761 3323 aeternumeeeepactum
775 3251 899 3302 mum,
925 3232 1111 3301 sanctum
1164 3214 1318 3287 cationes
1333 3212 1517 3295 omnium,
1550 3215 1611 3303 qui
1629 3211 2134 3306 persequunturEvangelium

225 3346 265 3409 εἰ
278 3334 521 3408 metuendum
537 3356 671 3406 nomen
686 3336 782 3409 eius,
1163 3313 1313 3405 Qtloiles
1327 3313 1436 3402 igliur
1451 3310 1584 3380 Psalmi
1602 3313 1726 3383 hibeni
1740 3313 1779 3381 ln
1794 3308 1959 3385 Ecclesia
1983 3313 2134 3396 lnva,

147 3469 194 3540 X.
218 3475 378 3543 Initium
405 3472 621 3560 sapientiae
652 3470 764 3537 timor
789 3457 967 3551 Domini,
999 3464 1112 3535 intel·
1163 3418 1219 3536 ³⁸l
1236 3416 1381 3507 ΜΨ
1408 3427 1555 3483 'men'
1570 3437 1616 3481 ¹¹⁶
1631 3415 1865 3505 ³dl¹¹¹¹⁸⁸m¹¹⁸
1881 3440 1950 3486 ¹¹⁰⁸
1964 3416 2136 3510 smil*

226 3576 347 3644 iectus
360 3571 473 3642 bonite
484 3566 655 3663 facienti
671 3570 759 3657 illo,
783 3568 870 3638 iniis
893 3569 978 3636 eins
994 3565 1111 3637 duras
1163 3533 1249 3636 ‘uf’
1276 3532 1310 3588 οἱ
1329 3515 1620 3633 lme‘lu‘nfib‘l‘
1633 3516 1781 3585 “dmm
1792 3511 1880 3602 Μ’
1907 3520 1978 3637 ⁸²⁴¹.
1991 3531 2136 3637 ΨΜ

1163 3632 1336 3690 unitatem
1352 3641 1455 3687 verae
1466 3613 1642 3685 Ecclesiae
1657 3631 1692 3687 et
1707 3612 1800 3687 hanc
1811 3621 1979 3690 exaudiri
1996 3639 2136 3700 semmai,

1164 3721 1317 3816 reliquas
1334 3744 1406 3789 esse
1422 3717 1635 3788 maledictas.

217 681 320 755 Nunc
336 680 515 753 Psalmum
532 676 647 770 ipsum
663 675 861 751 audiamus.

149 2663 233 2736 Vll.
260 2656 382 2753 Operis
396 2680 575 2730 manuum
595 2663 679 2730 eius
692 2662 835 2729 veritos
852 2665 890 2727 ei
911 2655 1110 2747 iudicium,

223 2761 335 2862 firma
353 2771 443 2832 sunt
460 2765 586 2832 omnin
603 2759 793 2831 mandata
808 2762 905 2830 eine.

225 3853 368 3924 Primus
383 3877 505 3924 versus
524 3865 576 3923 est
592 3850 789 3943 propositio
805 3848 1022 3940 principalis,
1044 3873 1110 3946 ago
1266 3853 1387 3924 Tertia
1404 3866 1592 3938 causaest,
1618 3876 1728 3948 quare
1742 3853 1854 3923 oratio
1880 3854 2012 3930 debeat
2034 3855 2070 3926 in
2082 3844 2137 3927 Ei·

99 4018 103 4027 .
125 3953 255 4050 gratias
269 3957 356 4027 Deo.
387 3954 434 4027 Et
450 3957 533 4048 quia
549 3953 710 4023 Psalmus
726 3964 778 4021 est
800 3953 844 4019 ad
860 3972 965 4019 usum
990 3951 1110 4040 publi·
1163 3957 1267 4028 clesia
1289 3956 1383 4045 lieri,
1410 3969 1449 4025 ui
1473 3955 1604 4025 scilicet
1618 3956 1724 4024 simul
1748 3954 2014 4044 iitconfessio,
2039 3953 2136 4030 ethic

124 4084 205 4134 cum
226 4060 361 4144 factus,
384 4058 546 4127 additur:
573 4054 617 4122 In
639 4052 792 4123 concilio
816 4065 851 4120 et
874 4062 975 4120 coetu
998 4051 1111 4123 iusto·
1164 4073 1283 4130 nostra
1298 4058 1516 4128 confessione
1530 4056 1619 4126 alios
1640 4054 1911 4141 confirmemus,
1936 4074 2003 4131 aut
2023 4060 2138 4130 invite·

124 4187 226 4248 rum,
252 4162 384 4247 idest,
408 4160 449 4229 in
471 4154 642 4228 Ecclesia.
691 4152 852 4223 Primum
875 4166 993 4223 autem
1009 4157 1111 4225 docet
1163 4185 1241 4231 mus
1263 4162 1308 4231 ad
1331 4161 1547 4230 credendum
1570 4172 1603 4227 et
1627 4159 1889 4242 invocandum,
1917 4159 2014 4233 sicut
2038 4157 2138 4254 inquit

124 4288 192 4335 nos
213 4265 258 4333 de
280 4263 393 4347 reris,
420 4260 573 4353 propriis
587 4273 621 4330 et
636 4255 835 4349 praecipuis
849 4255 1003 4326 cultibus
1017 4255 1106 4328 San·
1163 4259 1342 4333 Christus:
1364 4260 1496 4331 Luceat
1512 4259 1573 4330 lux
1588 4271 1703 4330 vestra
1721 4275 1845 4330 coram·
1857 4254 2088 4342 bominibus,
2108 4272 2139 4330 ut

125 4381 285 4446 morum,
319 4366 472 4449 scilicet,
515 4364 560 4431 de
594 4360 818 4430 invocatione
852 4371 888 4428 et
917 4360 1109 4447 gratiarum
1163 4364 1359 4454 glorificent
1375 4376 1508 4453 patrem
1524 4373 1700 4446 vestrum,
1725 4361 1838 4455 quiin
1853 4363 2045 4440 coeliseat.
2088 4358 2143 4433 Eti

125 4469 276 4540 actione.
327 4466 448 4557 Quare
463 4479 584 4535 monet
601 4461 781 4545 Psalmus,
807 4473 848 4531 ut
864 4459 903 4526 in
927 4454 984 4529 liis
1005 4463 1111 4533 culti·
1163 4466 1257 4536 enim
1274 4459 1333 4533 hic
1349 4464 1465 4535 cultus
1478 4463 1706 4547 necessarius,
1721 4461 1882 4532 confiteri
1898 4476 1940 4534 ut
1956 4467 2142 4557 exemplum

127 4571 195 4639 bus
217 4570 323 4639 fidem
349 4589 582 4639 exerceamus.
634 4562 693 4635 Sic
718 4564 813 4632 euim
835 4584 918 4630 vere
940 4563 1112 4634 tribuitur
1163 4579 1324 4636 nostrum
1342 4565 1422 4634 aliis
1438 4565 1560 4657 prosit.
1610 4561 1659 4634 Et
1674 4563 1805 4634 Paulus
1821 4567 1981 4637 secrtnda
1995 4558 2143 4640 Corinth.

127 4668 205 4738 Deo
232 4665 363 4753 honos,
388 4673 484 4762 quod
508 4691 580 4736 uon
595 4663 809 4748 sitociosus,
835 4663 931 4755 quod
958 4664 1003 4733 sit
1028 4689 1111 4755 pro-
1164 4667 1299 4760 primo,
1316 4667 1558 4738 iubetmultos
1577 4688 1830 4758 promotore,
1848 4679 1881 4737 ct
1906 4667 2044 4741 multos
2058 4688 2145 4760 agere

127 4769 261 4862 pictus,
286 4774 382 4863 quod
406 4795 488 4841 vere
514 4768 677 4861 respiciat
698 4790 781 4847 nos,
807 4777 842 4835 et
858 4765 943 4834 velit
964 4789 1028 4836 nos
1051 4790 1112 4836 ex·
1164 4770 1310 4863 gratias,
1344 4783 1377 4838 et
1400 4783 1441 4839 ut
1463 4769 1575 4859 magis
1597 4768 1741 4839 credant
1757 4766 1833 4839 Deo
1855 4767 2002 4859 placere
2023 4787 2144 4842 nostrat

128 4871 254 4943 audire
275 4886 309 4941 et
333 4873 473 4957 iuvare,
506 4883 651 4962 propter
677 4869 884 4961 promissam
912 4866 1131 4939 misericor·.
1165 4895 1303 4966 preces,
1330 4884 1364 4941 et
1384 4884 1515 4941 crescat
1538 4871 1577 4939 in
1603 4869 1654 4939 eis
1674 4870 1779 4955 fides,
1804 4880 1841 4940 et
1863 4882 1908 4940 ut
1923 4868 2027 4943 Dens
2047 4871 2144 4962 magii

129 4975 236 5045 diam.
289 4971 344 5042 De
361 4970 417 5044 bis
431 4973 587 5045 cultibus
601 4972 833 5040 concionatur
846 4980 881 5038 et
896 4966 1112 5040 Psalmis:
1137 4996 1140 5012 ·
1165 4972 1392 5063 glorificetur,
1444 4972 1561 5044 Simul
1578 4973 1688 5062 igitur
1704 4970 1982 5062 compleruscst
1999 4973 2146 5046 Psalmi

129 5072 262 5146 lneoca
288 5097 344 5143 me
369 5076 408 5145 in
424 5078 482 5145 die
500 5072 763 5152 tribulationis,
785 5083 819 5141 at
836 5070 984 5158 eripiam
1000 5086 1052 5155 te,
1078 5086 1114 5143 et
1166 5075 1205 5142 in
1224 5067 1291 5142 hac
1314 5074 1507 5158 sententia,
1534 5074 1732 5144 doctrinam
1748 5074 1793 5142 de
1808 5074 2036 5162 gravissimis
2056 5074 2144 5148 iocis:

130 5176 344 5270 glorificabis
359 5200 426 5246 me.
476 5173 524 5246 Et
539 5176 621 5269 quia
636 5177 680 5244 de
695 5175 746 5244 eis
759 5195 861 5263 saepe
876 5170 963 5241 alias
977 5174 1112 5244 dictum
1166 5171 1219 5244 De
1234 5175 1489 5265 promissione,
1507 5191 1548 5246 ut
1562 5177 1769 5244 invocantes
1784 5174 2000 5248 iutueamur
2012 5177 2147 5273 promit·

132 5293 202 5366 eit,
232 5292 267 5352 et
290 5278 381 5349 inira
413 5278 564 5348 subinde
590 5277 780 5346 dicendum
805 5274 892 5359 erit,
924 5298 1022 5344 nunc
1052 5298 1114 5345 ero
1167 5277 1301 5347 sionem
1316 5276 1493 5346 Ecclesiae
1505 5280 1654 5361 factam,
1679 5269 1809 5347 deinde
1825 5277 1869 5347 ile
1884 5277 2063 5354 intuenda
2078 5277 2145 5352 nni·

130 5382 286 5455 brevior.
345 5379 505 5454 Tantum
530 5379 731 5449 monendus
754 5376 824 5448 fuit
855 5375 987 5464 lector,
1017 5377 1114 5471 qnod
1166 5392 1237 5451 tate
1252 5374 1450 5465 Ecclesiae,
1482 5377 1608 5451 Tertio
1623 5380 1667 5449 de
1691 5380 1835 5472 publica
1848 5382 2096 5471 confessioin,
2114 5392 2146 5454 ιι
