4538 5754
195 208 266 298 155
344 164 348 179 Ι
434 209 645 288 SCRIPTA
671 212 747 288 PH.
774 208 893 288 MEL.
919 210 987 288 AD
1012 213 1980 304 fltsr.P1t0F.tt'r1>fltuos.spectaturus.
2150 232 2224 309 166
2258 164 2263 171 ⁴

196 389 303 461 corda
323 385 519 477 copulasset
542 386 696 477 Spiritus
728 401 870 459 sanctus
901 401 1044 458 aeterno
1061 386 1182 488 patri,
1234 388 1272 458 iu
1303 389 1369 476 iis,
1401 393 1462 485 qui
1494 417 1570 463 non
1599 396 1845 485 gubernantur
1869 401 1949 473 lnce
1969 397 2158 494 Evangelii
2188 419 2224 476 ct

197 505 320 560 mutuo
337 510 477 574 amore,
505 486 641 560 laeticia
669 502 705 560 et
731 490 886 559 motibus
905 490 1181 579 congruentibus
1233 489 1406 584 aSpiritu
1428 510 1561 568 sancto.

198 616 278 661 tum
302 601 428 660 natura
445 585 524 658 Dei.
583 587 683 659 Talis
710 592 835 660 luisset
857 590 1027 683 sapientia
1051 605 1084 661 et
1109 591 1181 659 vita
1395 581 1398 589 ’

199 690 373 773 bominis,
412 711 610 779 congruens
639 716 720 761 cum
751 693 924 783 sapientia
948 706 982 763 et
1005 693 1078 763 vita
1101 689 1181 762 Dei.

198 792 248 867 Et
271 788 355 860 baec
378 791 472 860 bona
495 791 620 860 amissa
643 794 682 862 in
705 794 826 884 lapsu,
861 817 923 884 per
945 790 1179 884 Evangelium

197 893 453 976 restituuntur,
486 907 526 962 ut
549 906 666 983 postea
696 895 824 969 dicam.
884 891 939 965 Ac
964 918 1086 966 rursus
1114 893 1182 964 erit

196 994 294 1066 Deus
309 993 430 1063 omnia
446 993 485 1061 iu
500 995 666 1065 omnibus
687 996 816 1087 beatis,
841 1012 882 1067 ut
904 996 998 1067 iufra
1021 999 1067 1066 de
1090 996 1181 1066 ima-

197 1098 280 1188 gine
298 1096 425 1165 dicam.
461 1092 598 1165 Fuisset
615 1097 725 1186 igitur
739 1095 839 1168 arnor
855 1098 1051 1168 ordinatus.
1086 1099 1182 1169 Ante

198 1198 318 1268 omnia
346 1197 540 1266 maximum
569 1197 777 1270 incendium
803 1199 933 1270 amoris
954 1200 1079 1271 luisset
1100 1221 1182 1289 erga

198 1284 334 1382 Deum,
364 1296 492 1367 deinde
515 1321 571 1368 res
592 1300 704 1369 bonas
728 1313 883 1371 coeteras
905 1324 1118 1371 amassemus
1139 1324 1181 1371 eo

198 1401 346 1481 ordine,
372 1423 477 1491 quern
504 1412 677 1471 monstrat
701 1402 824 1471 divina
848 1403 1041 1494 sapientia,
1068 1402 1181 1472 virtu·
1335 1398 1427 1474 Sunt
1450 1414 1567 1472 antem
1593 1399 1700 1474 huius
1720 1406 1969 1498 bonispecies.
2018 1408 2224 1487 Honestum

1333 639 1407 714 His'
1423 644 1532 734 igitur
1549 659 1591 718 ut
1610 643 1738 720 Catoni
1766 663 1828 722 aut
1849 648 2014 724 Ciceroni
2042 656 2222 731 obiectum

1233 756 1284 815 est
1299 745 1492 817 voluntatis
1511 748 1550 816 iu
1565 749 1775 840 adpetendo,
1801 754 1936 824 bonnm
1952 755 2107 839 linitum,
2131 784 2223 853 qua·

1232 856 1336 916 tenus
1366 847 1455 918 ratio
1480 863 1542 920 aut
1561 873 1684 921 seusus
1709 854 1884 942 decernit,
1915 855 1953 926 id
1983 880 2056 928 esse
2081 859 2222 931 bonum

1232 941 1409 1018 humanae
1438 963 1584 1021 naturae
1614 967 1674 1024 aut
1705 955 1873 1027 societati.
1933 953 2073 1030 Rursus
2098 960 2139 1031 in
2162 962 2223 1033 lu·

1232 1047 1381 1136 giendo,
1410 1052 1543 1121 malum
1567 1054 1786 1126 contrarium
1810 1056 1865 1125 illi
1891 1058 2006 1145 bono,
2038 1062 2221 1134 obiectum

1233 1149 1311 1225 crit.
1370 1148 1466 1221 Hinc
1494 1151 1643 1223 iudicari
1667 1169 1802 1244 potest,
1834 1182 2018 1254 quousque
2042 1157 2223 1236 humanae

1232 1252 1468 1344 adpetitiones
1481 1255 1558 1325 sine
1577 1254 1716 1349 Spiritu
1732 1272 1852 1330 sancto
1872 1263 2160 1357 progrediantur.

79 1524 82 1531 ¹
198 1517 269 1587 tes,
300 1501 442 1588 vitam,
464 1501 556 1573 vitae
579 1504 763 1573 commoda
782 1517 926 1596 propter
940 1502 1055 1574 Deum
1077 1527 1181 1596 expe·
1233 1502 1358 1587 civile,
1382 1503 1477 1573 bona
1491 1505 1612 1589 utilia,
1638 1507 1709 1577 vita
1725 1521 1758 1580 et
1775 1509 1868 1579 vitae
1884 1514 2084 1587 commoda.
2128 1514 2223 1588 Item

198 1604 396 1676 tivissemns
412 1616 447 1674 et
462 1603 661 1692 agnovisset
676 1599 802 1686 borno,
828 1628 865 1676 se
888 1607 926 1674 in
941 1629 1008 1675 usu
1023 1606 1181 1694 legitimo
1233 1604 1447 1689 iucundum,
1479 1618 1520 1676 ut
1543 1608 1760 1697 voluptates,
1792 1633 1880 1704 quas
1903 1625 1965 1685 aut
1985 1635 2125 1698 sensus,
2157 1631 2224 1689 aut

200 1700 328 1775 barum
346 1727 465 1774 rernm
491 1701 567 1775 Deo
591 1706 744 1797 servire,
771 1719 806 1777 et
821 1706 937 1779 Deum
960 1709 1182 1778 conditorem
1233 1705 1324 1776 ratio
1340 1707 1482 1798 expetit.
1534 1703 1734 1779 lutrahauc
1751 1711 1927 1783 bonorum
1943 1715 2121 1805 regionem
2138 1742 2224 1788 ver-

199 1807 417 1877 celebrasset.
1233 1807 1626 1899 santur-adpetitiones.
1685 1808 1753 1896 Ut,
1785 1814 1985 1885 doctrinam
2011 1817 2224 1910 expetimus,

300 1904 354 1977 Ac
367 1931 462 1978 nuuc
479 1932 558 1979 cum
575 1909 708 1980 similes
730 1932 852 1981 sumus
875 1909 930 1979 illi
953 1909 1082 1981 viatori
1103 1909 1182 1980 vul·
1233 1922 1285 1980 est
1298 1908 1393 1977 enim
1413 1911 1585 2002 quaedam
1601 1911 1730 1981 mentis
1746 1912 1912 2004 perfectio
1928 1929 1963 1987 et
1979 1917 2060 2002 lux,
2085 1931 2120 1988 et
2136 1945 2222 1991 cum

197 2022 322 2081 necato
339 2011 557 2103 etspoliato,
583 2024 617 2081 et
639 2012 677 2079 in
703 2024 819 2082 mente
834 2012 1117 2102 tenebraesunt,
1143 2012 1182 2080 id
1233 2011 1272 2079 in
1288 2006 1356 2080 hoc
1371 2022 1441 2080 tam
1458 2011 1621 2103 pulcrum
1637 2008 1812 2085 theatrum
1824 2017 1867 2086 ad
1883 2018 2224 2107 contemplationem

198 2126 280 2192 est,
298 2111 429 2182 multae
452 2112 569 2183 tristes
590 2112 831 2183 dubitationes
855 2115 898 2182 de
922 2109 1016 2197 Deo,
1051 2127 1086 2184 et
1107 2135 1182 2181 non
1233 2111 1334 2197 coeli,
1359 2112 1553 2198 stellarum,
1578 2127 1701 2194 terrae,
1727 2116 1945 2205 plantarum,
1969 2119 2223 2208 animantium,

198 2225 251 2283 est
273 2212 312 2281 in
336 2214 505 2285 cordibus
525 2236 627 2283 amor
649 2210 735 2298 Dei,
769 2213 934 2284 voluntas
956 2212 1025 2282 alia
1044 2215 1183 2285 obiecta
1233 2213 1396 2283 collocati
1411 2213 1540 2294 simus,
1566 2229 1600 2286 et
1618 2216 1690 2285 siut
1712 2214 1750 2286 in
1773 2218 1877 2286 nobis
1899 2220 2033 2290 semina
2050 2222 2222 2292 scientia.-

198 2315 354 2408 quaerit,
380 2339 453 2385 non
477 2311 611 2400 Deum,
637 2337 677 2384 ac
698 2309 828 2384 horum
852 2317 941 2384 ordo
965 2316 1071 2386 etiarn
1094 2338 1182 2385 con·
1232 2338 1332 2395 rum,
1359 2328 1485 2384 natura
1512 2315 1587 2405 ipsa
1613 2317 1805 2387 incitamur
1828 2321 1872 2387 ad
1899 2320 2223 2393 considerationem

197 2417 374 2488 turbatur.
426 2415 612 2486 Summum
626 2417 763 2486 bonurn
788 2439 861 2486 esse
882 2417 1080 2505 voluptates
1103 2440 1183 2485 cor·
1232 2428 1351 2485 tantae
1363 2416 1542 2486 varietatis
1557 2429 1592 2486 ct
1607 2417 1857 2507 pulcritudinis
1870 2443 2001 2495 rerum.
2039 2420 2224 2515 Expetunt

197 2517 314 2609 poris,
340 2539 414 2585 uon
430 2512 607 2608 Epicurus
622 2530 782 2601 tantum,
808 2520 868 2586 sed
884 2517 1035 2587 maxima
1058 2517 1184 2587 multi·
1233 2517 1345 2608 aliqui
1363 2516 1551 2606 virtutem,
1577 2517 1715 2587 etiamsi
1734 2521 1853 2592 fructu
1869 2526 2058 2592 carendum
2082 2538 2153 2610 est,
2177 2539 2224 2597 ut

197 2620 286 2689 tudo
301 2611 488 2688 homiuum
505 2619 690 2690 existimat.
724 2614 800 2689 Alii
815 2619 1045 2690 modestiores
1060 2619 1185 2690 dieunt
1233 2614 1373 2708 Scipio,
1407 2615 1550 2687 Fabius.
1606 2615 1816 2710 Erpetimus
1846 2622 2014 2712 gloriam,
2046 2638 2098 2696 est
2123 2622 2224 2696 enim

197 2720 366 2789 virtutem
381 2720 507 2789 melius
523 2721 692 2812 quiddam
709 2743 795 2792 esse.
830 2716 955 2790 Necbi
973 2733 1092 2789 tamen
1108 2719 1184 2788 vir·
1232 2740 1288 2787 res
1315 2719 1457 2810 pulcra,
1489 2720 1702 2812 praestantia
1737 2721 1896 2809 virtutis,
1928 2738 1962 2796 et
1986 2720 2079 2795 hauc
2106 2726 2224 2796 tribui

199 2834 310 2892 tutem
324 2832 470 2913 propter
485 2819 601 2890 Deum
618 2822 854 2911 adpetendain
869 2846 942 2892 esse
959 2822 1099 2892 docent.
1128 2819 1183 2890 lta
1233 2819 1338 2889 nobis
1360 2821 1527 2891 volumus
1546 2845 1608 2891 seu
1629 2845 1711 2890 vere
1731 2845 1791 2893 seu
1809 2824 1917 2909 falso,
1941 2839 2024 2897 suut
2038 2827 2134 2895 enim
2152 2822 2221 2898 ho-

199 2923 327 2992 amissa
343 2922 420 2993 luce
435 2924 581 3006 mentis,
608 2937 642 2994 et
659 2924 813 2996 extincto
836 2947 956 2993 amore
973 2919 1041 2992 Dei
1064 2923 1103 2992 in
1119 2946 1184 2990 vo·
1231 2921 1345 2991 mines
1360 2935 1485 2992 natura
1501 2922 1656 3013 superbi,
1682 2923 1717 2993 id
1734 2938 1803 3003 est,
1829 2925 1883 2994 sui
1900 2940 2069 3011 amantes,
2094 2939 2128 2997 et
2143 2950 2221 3001 sese

198 3026 353 3108 luntate,
378 3019 590 3117 Philosophi
610 3046 631 3096 a
649 3025 798 3097 veritate
820 3026 1006 3108 aberrant,
1033 3038 1074 3095 ιιι
1095 3023 1183 3092 alibi
1232 3023 1352 3114 magni
1376 3023 1454 3093 fieri
1477 3024 1669 3115 cupientes.
1721 3021 1861 3095 Deinde
1882 3028 2075 3116 expetimus
2096 3028 2222 3116 vitam,

199 3126 375 3218 copiosius
390 3125 532 3200 dicitur.
1232 3124 1325 3194 vitae
1347 3127 1539 3194 'commoda
1572 3138 1607 3197 et
1639 3125 1848 3217 voluptates.
1900 3126 2002 3200 Ultra
2032 3123 2119 3199 baec
2141 3153 2222 3201 nou

302 3225 350 3298 Ut
363 3239 478 3296 autem
495 3227 778 3311 consideremus,
805 3227 921 3320 qualis
941 3250 1037 3298 nuuc
1055 3225 1101 3296 sit
1117 3248 1183 3295 na·
1232 3223 1568 3315 progreditanato.
1618 3225 1701 3295 Non
1714 3242 1808 3297 amat
1820 3224 1956 3310 Deum,
1982 3227 2065 3322 qnia
2080 3228 2220 3302 etiamsi
2261 3227 2265 3345 l'

199 3340 278 3398 tura
300 3323 507 3411 bominum,
530 3341 567 3398 et
590 3353 679 3422 quae
702 3329 772 3399 siut
796 3327 1002 3399 discrimina
1016 3323 1184 3397 Philoso-
1232 3325 1355 3397 statuit
1374 3349 1448 3395 csse
1472 3325 1604 3411 Deum,
1637 3339 1756 3396 tamen
1781 3329 1940 3414 dubitat,
1965 3343 2086 3401 utrum
2108 3346 2222 3419 curet,

199 3424 305 3519 phiae
320 3442 354 3498 et
369 3424 574 3518 Evangelii,
598 3429 826 3500 recitabimus
843 3443 878 3500 et
892 3452 985 3522 qnae
999 3452 1096 3500 nnnc
1113 3430 1184 3498 siut
1232 3426 1395 3499 exaudiat
1427 3441 1460 3498 et
1484 3427 1628 3499 adiuvet
1658 3450 1741 3512 nos,
1772 3430 1926 3500 somniat
1952 3430 2111 3501 ociosum
2133 3455 2221 3515 esse,
2258 3400 2265 3511 .¹

203 3529 362 3609 obiecta,
389 3532 483 3599 etad
502 3554 592 3622 quae
607 3553 673 3599 nos
689 3527 845 3600 retrahat
864 3531 958 3600 filius
975 3528 1053 3602 Dei.
1232 3551 1298 3598 nec
1314 3528 1448 3598 bonum
1459 3550 1533 3598 esse
1548 3529 1669 3619 generi
1683 3525 1852 3615 humano,
1875 3545 1969 3605 certe
1984 3532 2022 3601 in
2039 3534 2221 3607 aerumnis
2260 3512 2265 3559 ¹

303 3628 465 3700 Primum
480 3645 597 3701 autem
614 3633 796 3724 perspicue
813 3632 935 3702 reiicio
963 3643 996 3701 et
1020 3631 1184 3722 improbo
1231 3654 1307 3700 uon
1329 3643 1439 3714 amat,
1472 3653 1558 3722 quas
1582 3630 1610 3698 si
1633 3653 1708 3699 uon
1731 3631 1946 3703 existimata
1969 3637 2115 3704 materia
2136 3648 2218 3706 tau·
2257 3621 2265 3664 ⁴

202 3732 346 3802 stultam
376 3731 583 3823 opinionem
622 3734 1088 3826 recentiumqunruudam,
1122 3733 1185 3825 qui
1233 3744 1309 3802 tum
1326 3731 1413 3800 oriri
1433 3752 1535 3811 casu,
1562 3733 1620 3800 sed
1641 3755 1771 3822 poenas
1792 3756 1864 3803 esse
1886 3733 2020 3804 iudicat
2034 3734 2219 3824 scelerum,
2261 3756 2265 3802 ι

201 3847 350 3922 negant,
376 3834 511 3904 bonum
528 3858 600 3904 esse
616 3837 794 3906 obiectum
811 3835 1003 3905 voluntatis
1023 3835 1062 3903 in
1077 3836 1185 3925 adpe-
1233 3845 1327 3902 certe
1348 3828 1464 3902 Deum
1490 3832 1696 3922 punientem
1720 3857 1795 3902 non
1818 3850 1924 3908 amat.
1973 3832 2069 3906 Hinc
2085 3837 2220 3909 multae
2255 3834 2265 3906 l

202 3936 331 4019 teudo,
366 3947 401 4005 et
424 3938 663 4022 contendunt,
696 3938 914 4009 voluntatem
944 3960 1025 4005 vere
1050 3950 1084 4007 et
1109 3937 1184 4004 sine
1233 3947 1317 4005 sunt
1333 3933 1371 4001 in
1387 3933 1499 4023 politis
1513 3933 1753 4003 dubitationes
1777 3936 1822 4004 de
1843 3934 2085 4025 providentia,
2109 3951 2144 4009 et
2158 3942 2263 4015 reat

202 4037 429 4108 simulatione
445 4038 535 4108 velle
549 4061 649 4128 posse
665 4040 797 4108 malurn
818 4037 917 4107 nulla
935 4037 1071 4106 ratione
1086 4037 1185 4109 boni.
1233 4029 1487 4126 prehensioues
1501 4033 1587 4115 Dei,
1612 4047 1653 4104 nt
1673 4035 1762 4106 illud
1780 4037 1875 4127 apud
1891 4033 2096 4125 Virgilium.
2147 4036 2220 4111 Fa·
2255 4034 2265 4109 l

202 4135 257 4208 Ac
279 4139 411 4209 multae
433 4152 518 4209 sunt
541 4164 643 4210 verae
666 4163 808 4225 causae,
843 4152 988 4230 propter
1008 4160 1095 4230 quas
1117 4133 1185 4207 bor
1231 4159 1396 4230 mamque
1415 4135 1575 4206 lavemus
1597 4136 1752 4212 inanem.
1810 4133 1864 4207 Ae
1885 4151 1927 4207 ut
1947 4138 1986 4207 in
2002 4153 2119 4210 mente
2134 4154 2220 4215 suut
2253 4158 2264 4214 t

201 4240 381 4313 somnium
402 4241 634 4311 reiiciendum
659 4256 727 4327 est,
760 4265 848 4335 quas
871 4240 1051 4309 brevitatis
1082 4262 1186 4310 causa
1232 4238 1419 4323 tenebrae,
1444 4239 1492 4310 ita
1513 4238 1628 4309 multo
1651 4238 1761 4326 magis
1785 4238 1951 4310 voluntas
1967 4263 1987 4309 a
2003 4235 2079 4310 Deo
2096 4264 2220 4328 aversq
2253 4251 2265 4316 t

202 4365 275 4409 non
291 4342 419 4426 recito,
444 4356 583 4416 tantum
606 4367 669 4412 oro
686 4343 860 4425 iuniores,
886 4356 926 4414 ιιι
948 4353 1186 4411 monstrosam
1234 4355 1304 4431 est,
1339 4352 1374 4410 et
1403 4339 1495 4410 sicut
1524 4340 1624 4408 navis
1653 4337 1692 4407 iu
1714 4336 1883 4434 Syrtibus
1913 4340 2041 4428 agitata
2066 4342 2218 4413 diversis
2253 4364 2265 4441 q

203 4442 302 4509 illam
314 4444 523 4531 opinionem
543 4445 774 4515 detestentur.
824 4440 903 4514 Etsi
923 4443 1018 4513 enim
1041 4455 1092 4513 est
1116 4443 1186 4513 ali·
1233 4441 1366 4526 ventis,
1398 4441 1495 4510 varie
1524 4440 1691 4531 iactatur,
1726 4440 1775 4513 ita
1810 4441 1975 4512 voluutas
2006 4442 2219 4532 vagabund'a
2251 4466 2265 4530 ι

148 4592 152 4599 -
201 4566 269 4636 qua
299 4545 491 4616 uoluntatis
521 4549 685 4628 libertas,
716 4559 835 4615 tamen
865 4545 914 4616 sic
938 4544 1101 4615 ordinata
1123 4555 1186 4630 est,
1234 4544 1310 4613 sine
1325 4541 1451 4612 ordine
1467 4541 1512 4612 ad
1527 4540 1595 4615 alia
1613 4538 1717 4636 atque
1732 4541 1867 4612 obiecta
1887 4544 1969 4613 ruit.
2022 4540 2222 4615 ldeoPau-.
2251 4584 2265 4628 ,ρ

199 4659 240 4715 ut
254 4643 342 4713 uelit
359 4645 504 4718 bouum.
556 4647 633 4719 Hoc
650 4649 680 4718 si
695 4648 775 4743 quis
790 4671 865 4718 nou
881 4646 1057 4730 admittit,
1083 4669 1184 4719 ever·
1233 4641 1436 4736 lusiuquit:
1473 4640 1546 4730 Qui
1569 4645 2036 4729 secundumcarnemsunt,
2061 4645 2265 4736 carnaliag

201 4758 251 4816 tet
268 4757 378 4815 totam
402 4749 574 4819 rationem
594 4751 736 4834 linium,
759 4773 826 4819 nec
846 4748 957 4837 magis
973 4768 1080 4818 causa
1107 4747 1185 4832 erit,
1234 4746 1394 4838 sapiunt,
1419 4744 1584 4817 videlicet
1600 4770 1689 4838 quae
1706 4745 1877 4818 recensui.
1929 4742 2016 4816 Cato
2035 4760 2129 4816 amat
2144 4746 2221 4819 vir-‚
2249 4766 2265 4836 g

198 4871 263 4917 cur
285 4847 450 4919 voluntas
474 4849 671 4942 acquiescat
701 4852 739 4920 iu
764 4847 861 4935 Deo,
888 4871 998 4943 quarn
1021 4848 1059 4916 in
1080 4861 1184 4919 tauro
1234 4861 1362 4928 tutem,
1389 4848 1540 4916 sednon
1557 4860 1701 4936 propter
1714 4844 1850 4936 Deum,
1877 4868 1941 4915 nec
1964 4846 2087 4918 statuit
2100 4870 2138 4917 se
2155 4872 2219 4918 cu·
2251 4856 2265 4940 ι

198 4944 412 5023 Phalaridis.
464 4948 573 5033 ltem,
599 4953 813 5024 sivoluntas
825 4976 901 5022 non
918 4963 1006 5020 esset
1021 4951 1184 5021 ordinata
1232 4971 1292 5019 rae
1306 4970 1379 5018 esse
1393 4945 1488 5032 Deo,
1513 4971 1578 5017 nec
1600 4949 1715 5037 diligit
1734 4944 1862 5016 Deum.
1914 4945 1984 5016 Hic
2006 4950 2136 5037 gradus
2151 4951 2219 5020 ob-

198 5049 242 5117 ad
261 5051 498 5139 adpetendum
514 5053 670 5144 bonum,
696 5079 772 5125 uon
788 5068 876 5125 asset
886 5073 1004 5134 causa,
1028 5074 1093 5121 cur
1108 5075 1186 5119 ma·
1226 5050 1425 5121 servandus
1440 5063 1505 5135 est,
1526 5062 1565 5118 ut
1582 5042 2036 5138 discrimenPhilosophiae
2052 5063 2085 5120 et
2094 5047 2219 5122 Evau-

195 5150 250 5240 gis
265 5152 431 5242 adpetere
446 5154 614 5223 virtutem
638 5156 800 5235 deberet,
826 5177 933 5249 quam
958 5153 1059 5223 vicia.
1111 5150 1183 5224 Sed
1232 5152 1315 5241 gelii
1343 5152 1403 5222 bat
1432 5151 1617 5228 illustrius.
1672 5149 1822 5221 Possent
1849 5163 1966 5220 autem
1990 5145 2077 5218 baec
2103 5152 2219 5221 multo

196 5253 322 5322 omitto
352 5254 652 5335 confutationem,
680 5270 714 5326 et
734 5257 889 5327 breviter
914 5254 1092 5325 constituo
1117 5255 1184 5324 ob-
1232 5252 1558 5345 copiosiusexponi,
1572 5253 1632 5321 scd
1648 5246 1739 5322 hanc
1752 5253 1894 5321 brevem
1904 5253 2223 5327 communclactio·¹
2250 5227 2265 5315 l

194 5353 325 5428 iectum
341 5376 489 5428 moveos
511 5359 730 5432 voluntatem
752 5359 791 5428 in
813 5353 879 5428 bac
901 5356 1126 5443 infirmitate,
1150 5369 1186 5428 et
1232 5379 1314 5427 nem
1331 5347 1414 5425 huic
1429 5354 1682 5426 commentario
1702 5353 1813 5444 magis
1826 5373 2022 5441 congruere
2035 5354 2169 5429 iudico.
2218 5357 2262 5417 ,ι

2250 5449 2265 5528 l
