4538 5754
109 197 210 271 1085

104 382 141 439 et
157 368 369 440 nominatim
391 371 581 461 deplorans
597 369 781 462 perfidiam
797 393 937 455 eorum,
962 367 1024 462 qui
1048 392 1089 437 ex

102 471 229 539 amicis
251 473 342 541 liunt
369 473 562 541 saevissimi
584 468 717 542 hostes:
759 484 800 541 ut
822 470 953 544 Davidi
976 472 1088 539 factus

103 585 157 642 est
176 568 288 642 hostis
303 568 540 664 Achitophel,
565 572 629 666 qui
651 587 752 642 antea
775 571 869 641 inter
886 570 1087 640 familiaris·

101 672 215 756 simos
239 675 370 743 amicos
398 675 524 747 fuerat.
583 671 827 763 intelligamus
847 686 963 742 autem
990 670 1109 739 Psoi-2

101 797 203 843 mum
222 775 258 842 in
275 798 401 864 genere
415 776 460 842 de
475 769 540 843 hac
555 775 683 845 usitata
705 771 853 864 perfidia
870 771 1087 852 concionari,

100 877 207 944 etad
233 877 393 945 omnium
419 889 617 965 temporum
641 875 798 972 exempla
827 872 1086 969 accommodari

102 998 217 1064 posse.
270 975 425 1046 Usitatae
449 977 543 1044 enim
567 992 651 1047 scrut
672 972 738 1045 hae
754 975 941 1067 querelae,
973 972 1110 1044 deseri

101 1099 171 1144 nos
193 1079 238 1145 ab
260 1077 383 1145 amicis
406 1077 444 1144 in
465 1080 572 1147 rebus
596 1077 770 1159 adversis,
797 1077 869 1144 imo
892 1076 997 1146 etiam
1023 1077 1085 1142 de·

101 1176 212 1265 spici,
246 1191 279 1246 et
303 1177 435 1246 multos
465 1202 506 1247 er
527 1179 649 1247 amicis
672 1179 748 1247 fieri
771 1178 930 1247 crudeles
959 1172 1086 1246 hostes.

100 1273 190 1345 ldeo
223 1277 284 1346 illa
308 1280 401 1349 dicta
433 1302 534 1370 saepe
555 1279 765 1350 recitantur:
805 1277 986 1370 Nusquam
1012 1289 1086 1346 tuta

99 1375 201 1446 fides.
251 1375 299 1448 Et
313 1402 394 1449 cum
406 1381 551 1451 fortuna
569 1394 706 1474 statque
722 1380 886 1472 caditque
900 1379 997 1448 fides.

206 1490 369 1583 Augetur
388 1511 505 1566 autem
525 1497 650 1580 dolor,
673 1520 753 1567 cum
779 1496 833 1564 illi
857 1497 921 1593 qsri
943 1496 1087 1565 fuerunt

101 1609 207 1664 antea
222 1595 325 1664 nobis
340 1598 461 1682 amici,
480 1612 513 1667 et
530 1599 661 1668 nostris
677 1599 788 1668 evecti
802 1597 947 1666 benefici
953 1597 981 1664 is
997 1594 1087 1663 liunt

102 1691 241 1780 hostes,
265 1710 306 1766 ut
322 1701 415 1787 apud
432 1695 644 1789 Sophoclem
660 1699 810 1767 diciturz·
832 1696 940 1784 Quod
955 1695 1085 1764 vulnus

102 1811 155 1866 est
177 1796 290 1864 amico
313 1798 428 1867 maius
450 1800 608 1890 perfido?
635 1798 686 1868 lta
709 1794 851 1868 Christo
875 1797 975 1867 filex
999 1793 1085 1864 luda

101 1896 281 1987 discipulo
297 1912 330 1967 et
348 1900 459 1967 amico
475 1899 740 1969 crudelissimus
756 1898 933 1970 inimicus.
965 1892 1013 1967 Et
1028 1919 1087 1964 ac-

101 1997 230 2066 cidunt
246 1999 375 2066 similia
402 2001 568 2070 omnibus
586 1999 709 2083 honis,
736 1999 939 2088 praesertim
959 1997 998 2064 in
1021 2019 1086 2085 gu-

99 2096 312 2167 bernatione
327 2101 495 2169 omnibus
507 2101 691 2170 aetatibus.
725 2098 771 2170 Ut
787 2122 882 2169 nunc
896 2120 975 2167 cum
989 2119 1087 2164 smn-

100 2206 168 2268 ma'
192 2199 301 2270 luerit
327 2201 485 2270 amicicia
511 2202 605 2272 inter
626 2202 873 2287 landgravium
894 2213 929 2268 et
951 2198 1086 2292 Lycao-

101 2322 207 2382 nem,
234 2313 352 2370 tamen
376 2308 496 2391 pbstea
513 2302 656 2396 Lycaon
671 2300 804 2371 oblstus
823 2299 949 2369 veteris
963 2299 1086 2367 antici·

100 2399 179 2469 ciac
192 2415 229 2471 ct
250 2404 479 2492 meritorum,
509 2417 656 2473 conatus
676 2415 727 2472 est
741 2399 949 2491 landgravio
959 2397 1084 2490 ,digni-

101 2513 234 2585 tatem,
258 2503 431 2572 ditionem
449 2517 483 2574 et
499 2503 607 2573 vitam
624 2503 771 2593 eripere.

204 2614 302 2686 Haec
324 2617 478 2707 pericula
499 2618 736 2707 intelligamus
756 2631 790 2687 et
806 2617 1009 2688 intueamur
1028 2611 1085 2686 bic

99 2718 321 2811 propositam
337 2720 574 2808 precationem
592 2733 626 2789 et
640 2720 928 2791 consolationem.
954 2713 1085 2809 Exem-

99 2819 205 2911 plum
233 2819 328 2887 enim
359 2815 418 2887 hic
442 2823 663 2909 propositum
692 2822 737 2890 nd
765 2842 888 2889 omnes
922 2818 1085 2908 pertinet,

99 2934 144 2992 nt
159 2919 278 2990 David
299 2933 423 3011 petens
445 2921 616 2989 auxilium
640 2922 828 2991 exauditur
848 2933 882 2989 et
904 2921 1085 3000 liberatur,

100 3018 152 3092 ita
175 3032 271 3091 certo
295 3043 361 3089 nos
382 3043 523 3114 quoque
545 3036 725 3109 precantes
747 3021 888 3090 exaudit
910 3017 1007 3088 Deus
1016 3025 1034 3102 ,‘
1051 3030 1086 3086 et

99 3119 241 3210 mitigat
262 3121 368 3213 nobis
391 3121 616 3191 calamitates.
668 3118 722 3191 Ac
747 3121 1004 3211 saepedictum
1033 3132 1084 3188 est

100 3215 160 3290 ltis
184 3219 352 3306 Psalmis,
385 3222 449 3291 ubi
476 3220 561 3292 talia
586 3224 743 3313 exempla
767 3234 801 3290 et
826 3219 1085 3290 consolationes

98 3335 375 3417 proponuntur,
399 3336 439 3393 ut
455 3321 558 3393 multi
574 3337 657 3409 sunt
671 3321 803 3392 Psalmi
822 3323 972 3404 similes,
994 3343 1085 3388 sem-

99 3444 166 3517 per
179 3423 439 3512 adiungendam
457 3447 529 3493 esse
544 3424 738 3494 doctrinam
762 3425 806 3492 de
828 3424 905 3496 fide.
957 3420 1085 3512 Adpli-

100 3545 222 3593 cemus
237 3525 340 3593 nubis
361 3524 631 3615 promissiones,
655 3522 922 3593 commonefacti
945 3518 1000 3590 his
1027 3545 1085 3590 er-

100 3623 249 3714 emplis,
281 3636 317 3694 et
338 3640 420 3695 'vere
449 3628 631 3695 credamus
656 3647 720 3694 nos
743 3624 907 3694 similiter
927 3622 1086 3691 exaudiri

100 3732 136 3799 el
151 3725 288 3810 iuvari,
313 3727 410 3818 quod
434 3726 463 3793 si
480 3728 666 3809 faciemus,
692 3727 912 3816 experiemur
924 3724 1086 3794 consola-

100 3824 241 3897 tionem
259 3850 332 3895 non
349 3827 512 3908 inanem,
535 3830 593 3896 sed
612 3829 785 3897 efficacem
804 3850 889 3897 esse.

113 4136 117 4143 ,
175 4128 178 4133 .
247 4063 582 4158 Argumentum
607 4084 659 4132 ac
684 4061 941 4153 dispositio

334 4260 336 4263 .
434 4195 592 4276 Psalmi
620 4192 761 4276 xblt.

106 4322 477 4441 l'Ouemadmodum
502 4355 697 4428 desiderat
726 4377 856 4427 cervus
886 4318 1086 4447 adfantes

108 4522 114 4535 ,
151 4480 357 4631 ppuarum,
397 4466 455 4532 ita
479 4457 673 4531 desideret
699 4463 829 4529 aniana
856 4480 942 4528 mea
968 4458 1019 4529 ed
1050 4466 1087 4529 te

192 4583 270 4631 eus.

201 4705 362 4780 Precatio
379 4721 449 4793 est,
465 4707 503 4777 in
520 4724 589 4800 qua
604 4707 816 4777 describitur
831 4727 921 4794 agon
937 4718 971 4775 et
988 4728 1086 4775 acer·

96 4806 233 4881 simum
248 4823 424 4880 certamen
440 4811 521 4878 fidei
533 4831 594 4880 seu
609 4808 704 4899 spei,
730 4807 895 4877 luctantis
918 4830 996 4875 cum
1021 4808 1085 4875 de-

96 4912 318 5003 mes-atione,
343 4924 378 4980 et
393 4910 582 4980 difficulter
602 4933 638 4978 se
655 4909 820 4999 erigentis
836 4909 929 4976 inter
945 4921 996 4977 tot
1012 4907 1082 4978 flu-

96 5008 177 5101 'nus
213 5011 274 5105 qui
306 5012 459 5081 subinde
482 5034 603 5080 rursus
624 5013 662 5079 in
686 5034 824 5100 aegram
850 5022 1005 5079 mentem
1032 5012 1082 5079 ir-

96 5125 221 5185 munt.
272 5107 320 5182 Et
335 5126 478 5205 apparet
496 5113 646 5181 describi
668 5114 764 5181 exilii
788 5112 927 5180 dolores
949 5124 984 5180 et
1007 5133 1083 5180 cer-

96 5213 260 5303 mina,
292 5214 354 5283 ubi
368 5236 491 5283 causae
510 5214 662 5304 ingentis
679 5213 879 5284 moestitiae
893 5211 1083 5301 diligenter

96 5313 376 5443 Pusiderandae
395 5327 489 5390 sunt.
539 5315 619 5386 Non
643 5315 787 5386 dolebat
808 5312 924 5385 David
949 5325 990 5384 ut
1011 5311 1081 5404 Ca·

705 197 773 273 sn
821 194 1186 273 conuuursnu
1213 196 1264 308 tn
1286 192 1529 272 rsanuos.
1643 147 1646 153 ’

2026 200 2124 272 1088

1139 367 1261 437 millus
1290 381 1351 438 aut
1376 362 1632 440 Themistocles
1654 369 1735 441 ideo
1764 384 1921 454 tantum,
1953 373 2049 464 quod
2077 371 2123 440 ab

1139 469 1286 559 ingratis
1309 469 1446 537 civibus
1469 470 1600 539 iniuria
1624 473 1779 542 adfectus
1805 478 1909 559 es'set,
1933 476 2030 565 quod
2052 465 2121 540 ho-

1140 595 1228 639 nore
1242 593 1347 662 quem
1363 571 1401 637 in
1417 572 1526 662 patria
1545 570 1714 643 habuerat
1729 574 1899 663 spoliatus
1913 587 2010 657 esset,
2024 575 2120 666 quod

1139 672 1386 754 facultatibus,
1411 672 1544 762 patria,
1570 675 1758 765 coniugum
1774 687 1808 744 et
1831 675 2025 744 liberorum
2041 698 2121 742 sua-

1140 775 1248 843 vitate
1259 783 1404 841 careret.
1455 770 1591 842 Harum
1608 798 1726 844 rerum
1741 774 1873 845 iactura
1894 799 1956 845 seu
1979 775 2121 844 amissio

1140 875 1203 941 etsi
1234 874 1338 943 etiam
1366 873 1516 942 fortibus
1538 876 1626 943 viris
1647 876 1805 944 dolorem
1834 877 1966 957 adfert,
2000 888 2118 944 tamen

1140 970 1247 1043 homo
1260 975 1415 1065 prudens
1431 975 1542 1043 lenire
1556 977 1780 1047 mediocriter
1794 972 1885 1046 hanc
1902 976 2119 1046 moesticiam

1139 1089 1273 1166 potest,
1299 1075 1359 1167 qui
1383 1075 1736 1167 videlicetintelligit
1755 1078 1928 1148 iusticiam
1952 1091 1986 1148 et
2010 1076 2122 1146 animi

1140 1174 1416 1271 moderationem
1432 1177 1653 1246 retinendam
1682 1202 1773 1264 esse,
1796 1181 1901 1248 ctiam
1924 1202 2003 1249 cum
2019 1179 2121 1259 =bona

1138 1277 1300 1345 fortunae
1321 1276 1552 1364 amittuntur,
1577 1279 1660 1372 quia
1684 1280 1798 1350 virtus
1820 1280 2046 1352 anteferenda
2069 1291 2122 1348 est

1140 1377 1305 1446 fortunae
1321 1376 1437 1449 bonis.

1240 1473 1354 1545 David
1372 1490 1488 1545 autem
1504 1476 1608 1566 longe
1624 1479 1774 1551 maiores
1796 1495 1830 1552 et
1844 1479 2016 1550 tristiores
2037 1502 2122 1548 cau-

1138 1599 1193 1663 sas
1209 1578 1344 1646 doloris
1359 1572 1475 1646 babet.
1529 1578 1656 1667 Multis
1679 1582 1815 1669 magnis
1836 1582 2042 1650 vulneribus
2065 1581 2120 1648 la·

1139 1693 1252 1747 cerata
1268 1693 1320 1748 est
1336 1678 1412 1747 eius
1426 1679 1650 1757 conscientia.
1703 1680 1874 1771 Agnoscit
1890 1705 1950 1750 sua
1967 1693 2120 1772 peccata,

1139 1803 1228 1871 quae
1245 1780 1355 1849 multa
1373 1791 1407 1848 et
1422 1780 1552 1849 atrocia
1571 1773 1687 1864 erant,
1716 1798 1859 1874 propter
1879 1805 1968 1874 quae
1993 1782 2121 1852 metuit

1139 1903 1175 1948 se
1195 1902 1335 1968 prorsus
1359 1902 1378 1946 a
1395 1877 1471 1948 Deo
1494 1881 1620 1969 abiici,
1647 1900 1680 1954 et
1696 1885 1792 1954 videt
1811 1907 1847 1953 se
1871 1895 2033 1952 ettotam
2049 1880 2121 1953 Dei

1139 1976 1331 2048 Ecclesiam
1350 1980 1418 2047 iam
1435 1982 1576 2069 puniri,
1604 1999 1640 2054 et
1653 1985 1752 2055 tirnet
1766 1986 1925 2054 futurum
1942 1999 1982 2054 ut
1998 1985 2120 2072 etipse

1139 2095 1172 2151 et
1191 2081 1342 2172 populus
1358 2081 1463 2168 longe
1477 2083 1671 2156 maioribus
1691 2086 1815 2175 poenis
1836 2085 1942 2155 etiam
1955 2085 2121 2174 deinceps

1138 2185 1322 2252 obruatur.
1376 2181 1422 2252 Sc
1445 2181 1540 2254 videt
1561 2207 1635 2254 non
1657 2187 1771 2255 solurn
1796 2208 1904 2274 regno
1934 2185 2118 2275 expulsum
2231 2186 2246 2252 .'

1139 2306 1213 2353 csse
1236 2307 1254 2351 a
1276 2281 1370 2362 filio,
1395 2283 1455 2351 sed
1480 2284 1584 2354 etiarn
1606 2300 1750 2355 exutum
1777 2287 1838 2355 illa
1858 2287 1993 2375 ingenti
2008 2285 2121 2373 gloria

1138 2382 1328 2474 sapientiae
1359 2395 1398 2456 et
1428 2383 1604 2470 iusticiae,
1656 2411 1762 2479 quam
1801 2401 1902 2456 antea
1937 2382 2121 2461 habuerat.
2231 2442 2233 2447 ⁴

1088 2494 1091 2506 “
1137 2483 1242 2553 Nunc
1256 2506 1330 2552 non
1345 2482 1460 2551 solum
1478 2484 1613 2553 inimici
1630 2487 1790 2558 iudicant
1804 2512 1883 2557 eum
1900 2509 1972 2557 esse
1989 2499 2120 2580 pestem

1139 2580 1430 2675 publicam,„sed
1462 2584 1572 2674 ipsius
1606 2589 1820 2659 conscientia
1858 2583 1927 2657 hoc
1954 2589 2122 2677 disputat,

1138 2685 1363 2753 considerans
1378 2685 1657 2772 magnitudinem
1673 2704 1893 2779 peccatorum
1911 2704 1944 2761 ct
1961 2685 2120 2758 iraeDei.
2234 2750 2238 2759 .

1136 2782 1234 2874 Ego,
1261 2784 1396 2876 inquit,
1420 2783 1459 2851 iu
1474 2787 1606 2875 populo
1618 2785 1686 2856 Dei
1702 2813 1763 2858 rex
1786 2804 1820 2860 et
1836 2804 1980 2860 vocatus
2000 2814 2019 2859 a
2043 2787 2121 2859 Deo

1138 2884 1311 2975 singulari
1334 2885 1461 2969 modo,
1495 2899 1530 2955 et
1553 2902 1698 2957 ornatus
1720 2888 1923 2979 ingentibus
1953 2890 2057 2959 donis
2086 2901 2123 2958 et

1139 2986 1314 3069 victoriis,
1347 2986 1460 3053 abieci
1492 2985 1751 3074 obedientiam,
1790 3005 1825 3061 et
1854 2986 1943 3058 mihi
1968 2990 2120 3059 indulsi:

1138 3088 1238 3178 rapui
1255 3086 1368 3154 sancti
1385 3086 1454 3152 viri
1474 3100 1628 3156 sanctam
1649 3091 1852 3179 coniugem:
1878 3091 1990 3178 pollui
2008 3091 2133 3180 ipsius·

1138 3204 1172 3258 et
1195 3212 1308 3256 meam
1333 3187 1603 3259 conscientiam:
1637 3191 1767 3260 deinde
1797 3190 1966 3262 maritum
1996 3191 2121 3261 fraude

1139 3289 1298 3358 interfeci
1322 3302 1356 3357 et
1380 3287 1540 3358 interfeci
1564 3290 1653 3359 alios
1672 3315 1759 3360 una:
1794 3294 1941 3383 praebui
1965 3292 2122 3362 occasio-

1139 3414 1219 3458 nem
1238 3383 1451 3478 blasphemis
1466 3384 1640 3476 hostibus,
1655 3406 1694 3463 ut
1708 3395 1876 3463 adversus
1887 3391 2000 3463 Deum
2012 3392 2121 3463 lsra'el

1138 3486 1398 3583 triumphantes
1413 3491 1570 3562 dicerent
1587 3494 1755 3562 convicia.

1240 3589 1325 3659 Post
1340 3586 1424 3658 haec
1439 3606 1576 3680 peccata
1593 3610 1730 3666 secutae
1747 3609 1829 3665 sunt
1852 3620 2004 3686 poenae,
2030 3615 2120 3687 quae

1138 3694 1364 3761 cumularunt
1380 3704 1534 3781 peccata:
1560 3693 1654 3762 filius
1670 3698 1844 3787 stupravit
1860 3721 2029 3779 sororem,
2045 3696 2122 3764 Ab·

1139 3793 1239 3862 salon
1266 3793 1410 3860 fratrem
1441 3792 1633 3864 interfecit:
1678 3810 1794 3884 postea
1825 3813 1919 3868 mota
1948 3797 2121 3868 seditione

1141 3896 1306 3963 adversus
1328 3907 1478 3980 patrem,
1503 3896 1677 3983 stupravit
1697 3900 1864 3988 coniuges
1887 3899 2015 3990 patris,
2048 3921 2120 3989 quo

1139 3997 1268 4065 scelere
1292 3994 1376 4062 vicit
1394 3992 1582 4082 impiarum
1604 3998 1762 4087 gentium
1782 4001 1930 4070 furores.
1982 3999 2121 4080 Deinde
2197 4034 2200 4039 ⁴

1141 4096 1178 4165 in
1203 4097 1375 4165 seditione
1398 4112 1607 4168 necesse'est
1629 4098 1765 4170 infinita
1789 4104 1918 4170 scelera
1935 4100 2120 4173 committi.

1139 4196 1332 4267 NecDavid
1350 4209 1431 4267 ante
1446 4199 1706 4269 restitutionem
1717 4203 1789 4270 ulla
1809 4199 1963 4271 humana
1980 4201 2119 4292 sapien-

1141 4300 1188 4369 tia
1210 4300 1315 4367 linem
1341 4298 1462 4367 videre
1489 4300 1646 4393 aliquem
1670 4303 1917 4370 confusionum
1940 4318 2119 4371 secutura·
2208 4382 2210 4390 Ι

1139 4423 1217 4469 rum
1239 4400 1365 4490 potuit.
1416 4397 1556 4470 Horum
1577 4415 1755 4471 tantorum
1772 4419 2013 4497 peccatorum,
2028 4415 2119 4470 'tan-

1138 4515 1254 4571 tarum
1283 4502 1521 4572 calamitatum
1548 4515 1583 4572 et
1611 4504 1857 4575 scandalorum
1883 4527 2021 4574 causam
2045 4526 2118 4573 esse

1140 4604 1271 4695 lapsus,
1296 4617 1336 4673 ut
1356 4617 1475 4688 erant,
1502 4603 1693 4675 iudicabat.
1786 4596 1793 4625 “

1238 4702 1404 4792 Quantus
1425 4720 1542 4776 autem
1568 4705 1672 4774 dolor
1695 4707 1740 4778 sit
1764 4707 1803 4774 in
1826 4705 1887 4776 tali
1911 4719 2117 4777 consterna·

1137 4805 1233 4875 tione
1248 4805 1358 4874 animi
1373 4806 1543 4876 intuentis
1561 4819 1596 4875 et
1613 4820 1749 4896 peccata
1764 4830 1845 4899 sua,
1865 4821 1899 4877 et
1922 4831 2053 4899 poenas
2075 4829 2116 4876 ac
2167 4855 2169 4860 s

1138 4908 1225 4976 iram
1242 4905 1327 4990 Dei,
1353 4931 1426 4976 non
1447 4919 1562 4998 potest
1579 4909 1801 4979 verbissatis
1816 4909 1992 4999 explicati.
2038 4906 2115 4978 Sed

1136 5009 1214 5098 piae
1235 5022 1387 5094 mentes,
1412 5032 1502 5102 quae
1517 5010 1792 5099 degustaverunt
1812 5011 1929 5103 aliqua
1953 5034 1993 5079 ex
2017 5023 2115 5099 parte

1135 5110 1221 5180 tales
1237 5111 1394 5190 dolores,
1421 5124 1602 5208 utcunque
1618 5106 1713 5180 hunc
1727 5133 1873 5201 agonem
1898 5110 2113 5201 intelligunt.
2145 5134 2147 5138 ⁴

1133 5208 1326 5295 Camillus,
1351 5207 1623 5298 Themistocles,
1648 5213 1823 5305 quianon
1845 5227 1998 5302 aguntur
2015 5210 2114 5296 cogi-

1133 5312 1264 5382 tatione
1285 5311 1409 5383 iudicii
1439 5313 1529 5400 Dei,
1572 5336 1649 5384 nou
1676 5314 1836 5387 sentiunt
1866 5309 1933 5384 hos
1960 5311 2111 5381 dolores.
