4538 5754
49 253 147 329 mi·
543 250 546 255 ·
605 232 720 313 ut
768 230 927 308 mnu
950 216 1245 306 nomnium
1268 220 1525 299 enxsrnxn
2010 236 2088 311 ese
2174 203 2176 207 ’

57 417 382 508 ιαιωςειίιιιιι,
404 407 569 505 aequales
589 421 704 479 essem
718 402 830 476 inlusi
844 404 1044 488 erbesduo,
1093 398 1204 467 iectus
1233 389 1365 465 borum
1386 390 1614 467 Plsnetrrum
1642 422 1725 469 eum
1747 400 1892 471 diverso
1916 404 2077 496 ipsorum

56 520 257 616 epicyclus,
280 530 317 589 et
332 512 428 587 buec
442 513 604 583 delereas
619 507 844 605 eccentricus.
1098 498 1170 569 situ
1185 497 1228 567 ad
1246 509 1374 566 turam
1388 496 1574 569 cmlerret

159 619 328 691 Diximus
341 629 458 687 autem
472 636 599 704 supra,
623 622 782 681 centrum
802 605 950 701 epicycli
972 604 1045 673 Ve-
1199 597 1343 670 Dictum
1360 612 1414 670 est
1428 612 1544 669 autem
1559 623 1683 692 supra,
1703 598 1833 674 borum
1848 601 2078 676 Plauetarum

59 723 161 795 neris
174 722 316 792 ratione
332 716 462 810 perigei
478 711 662 784 eccentrici
678 708 825 802 propius
841 707 916 777 fieri
927 721 1043 777 terrae
1097 723 1235 791 semper
1249 699 1402 769 mediam
1418 724 1582 772 esserum
1590 703 1675 774 Sole
1688 705 1990 789 coniunctionem,
2013 701 2083 777 boe

60 826 107 897 17
121 820 400 895 semidiametris
416 831 543 898 terrae,
568 812 740 884 Mercurii
755 824 870 903 autem
888 810 1045 902 quadra-
1097 816 1167 887 est,
1192 799 1334 885 Solem,
1361 799 1534 872 Venerem
1571 817 1605 874 et
1635 802 1859 877 Mercurium
1884 801 2017 876 babere
2038 808 2086 876 li-

59 928 159 1018 gints
175 925 263 994 tere.
320 921 391 992 Sed
415 914 473 987 hic
492 938 615 986 rursus
630 914 875 985 consideretur
894 908 1045 999 insignis
1096 925 1181 972 neas
1197 903 1396 994 aequalium
1411 919 1572 975 motuum
1598 921 1769 998 perpetuo
1793 908 1832 976 in
1856 908 1979 977 eodem
2001 909 2083 979 loco

61 1025 269 1108 diversitas,
295 1046 363 1114 qua
380 1016 419 1089 hi
433 1016 682 1088 duoPlanetae
698 1027 798 1084 motu
812 1010 1044 1101 suorumepi·
1096 1004 1243 1074 Zodiaci
1259 1005 1453 1074 secundum
1472 1007 1743 1095 longitudinem.
1784 1006 1890 1080 Unde
1911 1011 2083 1102 sequitur,

61 1127 242 1223 cyclorum
257 1123 453 1215 aliquando
467 1121 513 1188 ad
530 1131 660 1201 terram
676 1116 835 1208 proxime
849 1115 1044 1183 admoveu-
1099 1099 1166 1174 hos
1179 1103 1346 1174 Plsnetas
1366 1128 1441 1174 uon
1462 1130 1563 1198 posse
1585 1133 1604 1178 a
1621 1108 1705 1181 Sole
1728 1111 1867 1198 longius
1891 1110 2088 1196 discedere,-

60 1244 137 1314 tur,
160 1227 360 1318 aliquando
378 1220 501 1312 procul
518 1220 562 1290 ab
578 1243 617 1288 ea
642 1219 680 1286 in
703 1218 816 1287 altum
837 1210 1046 1285 subvehun·
1097 1230 1204 1299 quam
1221 1219 1353 1310 quanta
1367 1209 1574 1302 estepicycli
1591 1212 1863 1296 semidiameter,
1888 1213 1983 1302 quod
2000 1210 2083 1304 qui-

61 1344 130 1403 tur.
189 1325 285 1396 Nam
314 1325 451 1392 ratione
483 1321 631 1414 epicycli
660 1316 863 1388 Mercurius
891 1314 1044 1406 amplius
1097 1307 1235 1376 demin
1252 1304 1393 1378 Venere
1409 1323 1619 1400 perpetuum
1634 1326 1697 1398 est,
1721 1315 1822 1385 cuius
1841 1311 2084 1406 epicyclieen·

61 1424 312 1505 iddiemetris
330 1422 480 1494 terrenis
494 1421 640 1511 propior
659 1432 711 1489 est
726 1418 849 1503 nobis,
889 1441 970 1487 cum
993 1429 1046 1485 te·
1097 1424 1193 1479 trum
1208 1411 1467 1500 propemodum
1483 1434 1620 1503 semper
1635 1426 1687 1484 est
1702 1415 1740 1483 in
1755 1416 1849 1486 linea
1865 1414 1942 1482 veri
1965 1427 2084 1486 motus

62 1528 249 1601 retineam
265 1524 412 1619 epicycli
437 1522 616 1612 apsidem,
650 1544 755 1612 qnam
780 1544 859 1589 cum
885 1519 922 1586 in
948 1517 1046 1586 illius
1096 1509 1212 1596 Solis,
1236 1533 1327 1603 quae
1343 1513 1471 1582 transit
1486 1536 1691 1606 percorpus
1708 1515 1814 1589 Solis.
1867 1513 1976 1603 Quod
1986 1510 2092 1586 enim'

10 1642 12 1713 t
60 1652 201 1700 suman
223 1627 364 1714 fastigio
387 1636 559 1693 versatur.
616 1623 735 1714 Atque
756 1616 821 1690 has
846 1620 938 1690 vices
959 1641 1048 1709 pro„
1096 1634 1172 1681 non
1183 1612 1298 1682 adfert
1313 1613 1550 1685 differentiam
1564 1615 1674 1687 trium
1687 1619 1931 1708 minutorum,
1957 1617 1995 1686 id
2010 1612 2079 1689 hoc

10 1724 12 1747 '
61 1727 273 1823 pinquitetis
305 1740 341 1796 et
370 1724 574 1795 altitudinis
600 1722 639 1792 in
661 1722 817 1816 epicyclo
842 1719 1045 1790 Mercurius
1096 1712 1176 1783 loco
1191 1710 1386 1804 pronihilo
1402 1717 1635 1807 reputabitur.

61 1844 143 1923 pust
157 1830 265 1901 binos
279 1849 416 1917 semper
431 1847 569 1893 menses
586 1823 755 1908 alternat,
786 1837 827 1895 ut
844 1846 924 1892 cum
941 1821 1045 1893 initio
1201 1811 1250 1886 Ut
1263 1828 1381 1885 autem
1396 1815 1574 1906 intelligas
1588 1815 1679 1889 hanc
1693 1818 1952 1907 digressionum
1970 1818 2082 1891 ratio·

63 1929 220 2003 Ianuarii
233 1930 303 1998 fuit
318 1929 355 1995 in
371 1949 507 1996 summa
523 1925 656 2018 apside,
677 1939 756 2015 post
770 1925 793 1994 6
807 1918 1047 1994 hebdomades
1102 1938 1196 1997 nem,
1217 1915 1411 2005 imaginare
1422 1920 1510 1989 duas
1523 1920 1634 1992 lineas
1650 1921 1827 1993 abeodem
1842 1935 2091 1992 ειιιιιοιιιιιιιιιΙ

62 2034 152 2103 cirre
171 2029 321 2101 initium
337 2027 462 2097 Martii
484 2027 523 2097 fit
544 2027 583 2095 in
598 2027 668 2095 ima
686 2039 785 2115 parte
806 2025 972 2120 epicycli,
1011 2036 1046 2093 et
1096 2015 1135 2088 di
1152 2018 1312 2101 eductas,
1346 2040 1455 2088 unam
1476 2020 1619 2115 quidem
1645 2045 1708 2112 per
1737 2034 1897 2092 centrum
1927 2023 2022 2095 Solis
2046 2037 2081 2095 et

62 2146 140 2224 post
152 2131 249 2202 alios
264 2130 355 2198 dnos
374 2151 514 2198 meuses
528 2127 621 2198 circa
644 2126 789 2196 initium
806 2123 896 2193 lllaii
922 2146 1046 2195 rursus
1098 2119 1357 2210 propemodum
1370 2120 1476 2190 etiam
1493 2145 1556 2212 per
1569 2136 1731 2193 centrum
1755 2124 1903 2218 epicycli
1919 2123 2082 2211 Veneris,

63 2236 98 2302 in
119 2230 266 2320 fastigio
287 2229 456 2322 epicycli,
493 2229 543 2302 ita
557 2242 596 2299 ut
611 2227 770 2320 quolibet
794 2249 889 2296 anno
906 2238 961 2296 ter
976 2248 1045 2294 no-
1099 2220 1248 2289 alteram
1274 2244 1359 2290 vero
1373 2246 1436 2313 per
1448 2237 1608 2294 centrum
1625 2224 1744 2295 stellae
1759 2223 1909 2294 Veneris
1931 2227 1976 2295 ad
1999 2230 2080 2295 coe'·

62 2335 115 2404 bis
126 2333 190 2405 liet
206 2332 432 2424 propinquus
447 2331 585 2411 ratione
598 2328 759 2423 epicycli.
1102 2320 1180 2390 lum
1194 2344 1307 2413 usque
1323 2346 1523 2409 excurrere,
1555 2321 1619 2396 bas
1639 2327 1752 2415 cogita
1774 2326 1981 2408 coniunctas
2006 2348 2081 2396 esse

160 2432 288 2501 Venus
300 2442 418 2500 autem
434 2430 636 2526 quingentis
652 2443 689 2500 et
703 2427 923 2520 septuaginta
933 2441 1044 2499 terre-
1096 2435 1194 2507 tum,
1223 2445 1303 2491 cnm
1314 2421 1437 2494 Venus
1451 2443 1622 2518 apogeum
1638 2429 1695 2497 sui
1711 2427 1859 2521 epicycli
1874 2440 1980 2500 tenet.
2016 2425 2080 2496 ln-

63 2536 176 2607 nised
200 2555 272 2602 nos
291 2532 435 2602 accessit
457 2533 624 2622 propius,
664 2532 806 2623 quando
830 2531 938 2599 imum
961 2553 1045 2620 par-
1096 2525 1141 2592 de
1161 2546 1242 2594 cum
1270 2521 1390 2595 Venus
1410 2550 1431 2597 e
1454 2527 1540 2599 Sole
1566 2529 1727 2614 discedit,
1748 2530 1853 2599 etiam
1873 2529 1988 2599 lineae
2011 2524 2080 2598 hae
2150 2538 2174 2605 s

63 2650 129 2707 tem
144 2635 207 2707 sui
218 2633 371 2726 epicycli
394 2645 521 2717 tenet,
536 2630 734 2721 etntotidem
752 2631 931 2701 diametris
946 2633 1045 2700 abest
1096 2624 1280 2721 distabunt
1294 2627 1446 2697 subinde
1469 2631 1641 2721 ampliore
1661 2630 1868 2716 intervallo,
1898 2633 2010 2703 donec
2032 2631 2095 2700 li-·

63 2739 202 2827 bugius
216 2758 240 2818 a
256 2747 369 2817 terra,
395 2734 538 2826 quando
553 2735 598 2802 ad
619 2732 796 2819 fastigium
818 2732 874 2801 sni
896 2732 1044 2826 epicycli
1096 2749 1163 2795 nea
1180 2724 1330 2797 Veneris
1365 2751 1464 2798 oram
1485 2732 1633 2826 epicycli
1655 2733 1693 2801 in
1710 2733 1853 2802 sinistro
1869 2733 1977 2804 latere
1991 2756 2079 2803 con·

62 2852 177 2911 morta
209 2848 279 2907 est.
328 2832 402 2904 Has
430 2847 549 2905 autem
583 2834 674 2903 vices
701 2833 1044 2923 permutabdecimo
1094 2828 1207 2917 tinget
1220 2839 1374 2910 tantum,
1401 2843 1435 2900 et
1450 2854 1524 2901 non
1538 2833 1691 2918 secabit,
1713 2847 1754 2906 ut
1769 2834 1878 2923 prius.
1930 2830 2078 2906 Ettunc

63 2962 205 3033 qnoque
225 2957 365 3019 mense,
397 2947 438 3004 ut
452 2959 532 3004 cum
549 2935 726 3026 principio
744 2931 903 3005 lanuarii
922 2935 990 3004 luit
1005 2935 1044 3002 in
1096 2929 1163 2999 erit
1179 2928 1217 2996 in
1235 2929 1390 3000 termino
1415 2933 1640 3023 longissimae
1661 2935 1848 3004 distantiae
1873 2959 1893 3005 a
1915 2933 2017 3019 Sole,
2055 2958 2077 3005 a

61 3062 195 3110 sumena
218 3036 345 3127 apside
364 3035 420 3105 sui
446 3037 615 3130 epicycli,
653 3047 733 3126 post
753 3059 881 3104 novem
906 3057 1045 3104 menses
1097 3053 1169 3122 quo
1186 3042 1315 3119 puncto
1330 3045 1511 3103 contactus
1526 3035 1726 3105 discedente
1741 3034 1881 3105 Venere
1901 3038 1944 3105 ad
1968 3037 2076 3105 imam

63 3143 148 3212 circa
164 3138 329 3209 medium
350 3132 520 3207 Octobris
541 3138 615 3207 imo
636 3136 793 3230 epicyclo
809 3135 1046 3225 conspiciatur
1096 3145 1228 3221 partem
1246 3131 1301 3201 sni
1317 3132 1483 3228 epicycli,
1507 3131 1593 3207 baec
1616 3137 1711 3206 linea
1734 3136 1862 3207 iterum
1884 3139 1929 3206 ad
1955 3137 2076 3209 Solem

63 3267 80 3312 a
93 3240 205 3313 nobie
220 3252 258 3310 et
271 3238 385 3307 maior
401 3251 435 3307 et
448 3238 596 3323 clarior,
621 3252 745 3330 utpote
759 3260 800 3306 ex
816 3238 930 3308 multo
957 3262 1043 3328 pro·
1095 3232 1313 3319 regreditur,
1344 3245 1494 3327 cumque
1509 3239 1646 3308 venerit
1659 3240 1702 3307 ad
1718 3239 1899 3330 perigeum
1916 3237 2076 3332 epicycli,

66 3344 165 3436 piore
178 3341 266 3411 loco
280 3362 462 3431 apparens.
1096 3356 1219 3403 rursus
1243 3357 1322 3403 cum
1344 3335 1429 3407 Sole
1449 3339 1688 3429 coniungitur.
1747 3338 1836 3409 lude
1864 3341 2075 3410 ascendente

156 3440 273 3531 Quod
288 3442 317 3509 si
332 3438 455 3508 Venus
468 3439 614 3532 epicycli
628 3438 685 3508 sni
700 3438 805 3506 imam
831 3451 965 3528 partem
990 3453 1045 3510 te·
1094 3433 1278 3504 Planetaa
1300 3438 1442 3526 perigeo
1464 3440 1631 3534 epicycli,
1653 3436 1740 3513 haec
1762 3442 1856 3511 linea
1878 3465 2002 3511 verum
2019 3441 2075 3511 lo·

63 3546 175 3615 nnerit
186 3534 286 3613 'cirea
294 3543 468 3623 brumam,
483 3564 554 3633 quo
568 3553 725 3632 tempore
739 3538 836 3608 illius
848 3538 1043 3633 epicyclum
1094 3559 1175 3604 cnm
1192 3532 1340 3606 Veneris
1353 3554 1566 3624 monstrans,
1590 3543 1719 3613 iterum
1735 3541 1849 3614 aSole
1865 3543 1904 3613 in
1923 3541 2075 3614 alterum

63 3671 133 3717 cum
148 3644 241 3718 Sole
258 3666 332 3712 esse
346 3655 459 3713 terrae
475 3642 675 3733 proximum
692 3663 797 3732 supra
811 3640 985 3726 diximus,
1006 3641 1044 3709 lit
1094 3637 1186 3705 latus
1200 3637 1363 3708 abscedet
1376 3642 1533 3727 tamdiu,
1555 3645 1670 3713 donec
1683 3658 1872 3714 extremam
1886 3668 1986 3715 oram
2000 3644 2078 3736 epi-

64 3745 214 3819 l'eueris
230 3744 395 3814 omnium
409 3744 561 3812 maxima
577 3742 823 3835 propinquitas
838 3745 882 3812 ad
902 3756 1042 3822 terram,
1094 3737 1184 3830 cycli
1197 3736 1354 3808 inlatere
1369 3743 1492 3812 dextro
1506 3746 1671 3834 attinget,
1696 3747 1758 3815 ille
1780 3746 1851 3815 iam
1870 3769 1993 3818 rursus
2008 3747 2077 3818 erit

63 3849 105 3918 ite
117 3862 158 3919 ut
172 3845 272 3917 absit
286 3856 424 3915 mutum
435 3844 509 3914 106
527 3844 798 3915 semidiametris
812 3856 937 3927 terrae,
961 3867 1042 3912 cum
1093 3837 1267 3909 terminus
1278 3840 1503 3930 longissimae
1516 3845 1702 3918 distantiae
1716 3846 1845 3930 aSole,
1871 3871 1891 3918 a
1910 3873 1981 3943 quo
1995 3849 2076 3918 loco

63 3948 196 4043 alioqui
220 3948 367 4039 qnarmo
391 3958 572 4038 utrunque
596 3957 693 4015 tenet
713 3967 889 4035 apogeon,
920 3966 1043 4013 eccen-
1093 3937 1233 4010 Venere
1245 3944 1453 4014 ascendente
1468 3946 1574 4018 altius
1587 3949 1626 4018 in
1648 3948 1822 4044 epicycln,
1854 3951 1954 4042 prins
1980 3949 2075 4021 dicta

62 4049 134 4122 triti
151 4063 192 4120 et
207 4045 379 4140 epicycli,
404 4069 424 4115 a
442 4058 534 4116 terra
550 4046 641 4115 absit
659 4045 1043 4121 1380semidiametris.
1094 4042 1189 4111 linea
1205 4043 1251 4111 ad
1266 4042 1386 4117 Solem
1404 4045 1531 4117 iterum
1548 4050 1860 4144 adpropinquabit,
1886 4053 1999 4121 donec
2015 4073 2072 4120 as-

156 4147 214 4219 lta
229 4148 262 4217 si
278 4144 479 4216 Mercurius
494 4146 533 4215 in
550 4146 690 4235 perigeo
706 4144 854 4240 epicycli
872 4147 980 4217 luerit
999 4171 1041 4217 eo
1092 4155 1211 4214 secuta
1233 4159 1394 4234 apogeon
1416 4149 1564 4243 epicycli
1584 4150 1662 4223 Soli
1686 4153 1814 4224 iterum
1830 4153 2071 4241 coniungitur.

59 4266 236 4344 tempore,
275 4249 421 4339 quando
444 4247 624 4341 epicyclus
652 4246 812 4336 proxime
838 4247 883 4317 ad
911 4259 1042 4317 terram
1093 4241 1217 4337 ltaque
1230 4267 1369 4337 semper
1386 4249 1454 4321 erit
1466 4252 1619 4323 maxima
1633 4255 1802 4345 digressio
1817 4253 1966 4322 Veneris
1980 4253 2086 4343 illud!

61 4349 215 4434 mmai,
229 4349 330 4442 quod
346 4348 402 4418 bis
416 4347 455 4417 in
470 4370 566 4419 anno
579 4347 657 4417 lieri
670 4347 823 4418 diximus
840 4370 959 4419 mense
973 4346 1043 4417 Fe-
1092 4345 1130 4413 in
1147 4346 1246 4415 coelo
1267 4349 1442 4439 spacium,
1471 4356 1571 4445 'quod
1594 4359 1784 4447 respondet
1810 4353 2072 4425 semidiametro
2189 4418 2194 4429 .
2262 4390 2265 4404 ·

60 4452 205 4526 ismario
230 4462 270 4520 et
303 4446 427 4534 lunio,
464 4463 551 4520 tnnc
592 4470 699 4541 quam
732 4462 850 4539 potest
878 4449 1040 4520 omnium
1092 4445 1258 4541 epicycli,
1282 4471 1343 4519 seu
1360 4454 1456 4546 quod
1477 4456 1761 4548 complectuntur
1780 4457 1872 4525 duae
1892 4455 2009 4527 lineae
2030 4480 2073 4529 ex

59 4555 218 4647 proxime
236 4547 441 4622 Mercurius
463 4551 509 4619 ad
535 4563 665 4619 terram
691 4571 729 4619 se
748 4551 905 4643 demisit,
927 4551 975 4622 ita
1000 4563 1043 4623 ut
1094 4549 1219 4618 eodem
1232 4564 1354 4622 centro
1369 4556 1496 4625 muudi
1511 4559 1674 4638 eductae,
1700 4580 1851 4649 quarum
1872 4581 1945 4629 una
1971 4565 2071 4629 tran-

54 4657 145 4730 absit
168 4677 195 4727 a
221 4651 595 4726 semiambusta
617 4653 888 4723 semidiametris
910 4664 1042 4737 terrae,
1091 4649 1136 4720 sit
1152 4673 1216 4741 per
1230 4665 1391 4724 centrum
1407 4655 1502 4728 Solis
1516 4658 1727 4754 etepicycli,
1759 4658 1870 4730 altera
1893 4661 2071 4732 accumbit
2185 4686 2190 4701 ·

59 4782 130 4831 eum
153 4753 270 4834 alies,
301 4753 446 4847 quando
466 4765 502 4823 et
524 4751 711 4824 eccentrici
733 4765 769 4824 et
791 4752 938 4847 epicycli
953 4776 1042 4847 apo·
1091 4751 1156 4822 uni
1179 4752 1330 4825 laterum
1358 4757 1526 4852 epicycli,
1563 4758 1614 4830 ita
1646 4775 1686 4832 ut
1705 4760 1856 4851 attingat
1875 4761 2070 4858 epicyclum

60 4882 143 4948 geon
154 4867 279 4935 tenet,
304 4853 396 4925 absit
416 4878 436 4938 a
459 4866 553 4925 terra
567 4852 645 4928 206
659 4854 940 4926 semidiametris.
1090 4865 1249 4940 tantum,
1273 4879 1349 4926 non
1364 4872 1467 4932 secet.

154 4954 316 5027 Bistam
337 4955 537 5044 insignibus
557 4955 815 5027 mutationibus
839 4955 1041 5027 altitudinis
1192 4955 1264 5028 Sed
1281 4958 1364 5051 qnia
1373 4955 1437 5029 has
1445 4959 1758 5035 lineasdiducice'o
1773 4963 1947 5054 ampliore
1957 4963 2087 5057 interss,

62 5056 385 5152 etpropinqul'latis
408 5052 536 5126 horum
556 5053 783 5128 Plauetarum
810 5052 1040 5128 hauddubie
1089 5057 1185 5128 vallo
1200 5059 1459 5131 semidiameter
1475 5062 1632 5156 epicycli,
1657 5088 1731 5160 qno
1749 5065 1896 5159 propius
1911 5067 1953 5135 ad
1971 5048 2076 5136 com:
2126 5070 2136 5081 ”

61 5159 158 5232 etiam
177 5156 385 5229 offertiones
399 5157 439 5227 in
452 5157 636 5230 elementis
649 5171 686 5229 et
702 5157 820 5229 mixtis
831 5159 1040 5250 corporibus
1087 5182 1198 5230 mune
1211 5173 1372 5231 centmrn
1386 5164 1513 5234 mundi
1533 5167 1734 5251 accesserit,
1766 5181 1801 5238 et
1822 5171 1961 5238 easdem
1984 5193 2090 5260 pro-e
2126 5157 2129 5161 ’

65 5281 254 5351 congruere
265 5257 573 5351 conspicertnr,
605 5259 636 5329 si
660 5259 740 5354 quis
763 5259 954 5352 diligenter
973 5261 1040 5331 ob·
1086 5261 1168 5352 pius
1183 5261 1353 5351 coniungi
1366 5263 1509 5354 patitur,
1533 5290 1605 5362 quo
1619 5269 1794 5361 longiusa
1810 5284 1932 5340 centro
1943 5268 2070 5338 mundi

64 5361 200 5437 tura&
214 5352 493 5435 biseltitndinis
507 5353 767 5435 etbumilitatis
791 5360 949 5452 vicibus,
985 5362 1040 5434 ei·
1085 5362 1539 5450 medicandus-timaei·
1548 5363 1633 5441 binc
1642 5384 1770 5465 potest,
1785 5365 1852 5443 bas
1860 5362 2084 5452 decessione
