4538 5754
195 226 273 303 ιιι
752 223 878 301 ran
903 222 1019 300 nnn.
1048 221 1260 302 senuna
1286 161 1714 302 rnux'noanca..
1775 290 1778 295 .
2147 228 2215 305 an

195 398 442 472 confusionem
461 395 624 490 aspiciat,
648 396 810 468 sonuisse
835 398 1010 469 existimet
1031 420 1105 469 esse
1129 421 1185 469 re-
1230 423 1354 492 regum
1380 397 1608 493 syriacorum
1629 412 1666 470 et
1688 399 1964 494 Aegyptiorum,
1998 413 2041 471 nt
2064 400 2214 474 narratio

194 525 349 593 guornm
365 500 635 573 constitutiones
652 513 687 570 et
701 501 925 576 mutationes.
977 499 1026 571 At
1039 501 1091 593 pii
1111 500 1185 571 ali·
1231 517 1312 596 apte
1336 504 1380 573 ad
1404 526 1527 593 regum
1543 502 1689 572 uomina
1708 503 1968 573 accommodari
1984 502 2111 596 possit.

196 618 251 675 ter
267 603 445 688 iudicent,
468 603 582 673 sciant
599 625 619 670 a
636 599 713 671 Deo
735 602 859 700 puniri
880 615 955 673 turn
979 604 1183 694 principum

60 726 65 737 '
197 721 273 779 tum
294 705 508 795 populorum
531 704 679 787 scelera,
705 718 740 773 et
756 716 873 773 tamen
894 717 1018 803 postea
1043 703 1182 776 restitui
1235 737 1245 745 ·

198 807 381 901 politicum
397 809 579 891 ordinem,
604 806 691 877 alias
704 805 862 892 felicius,
884 807 972 878 alias
993 807 1144 878 tristius·

301 989 462 1063 Tandem
492 1015 575 1062 vero
605 1004 684 1082 post
705 1004 757 1062 tot
782 992 941 1081 ingentia
966 992 1059 1061 bella
1082 993 1183 1063 Deus

197 1093 284 1166 haec
306 1118 411 1185 regna
435 1096 483 1164 ita
506 1093 656 1185 partitus
671 1107 732 1163 est.
784 1091 976 1162 Ptolemaei
997 1095 1182 1182 posteritas

198 1197 347 1269 retinuit
360 1198 560 1290 Aegyptum
576 1218 687 1287 usque
709 1196 752 1262 ad
772 1191 856 1265 lulii
872 1192 1029 1267 Caesaris
1046 1211 1181 1288 tempo-

198 1321 248 1371 ra.
300 1296 438 1382 Seleuci
469 1297 562 1366 filius
589 1289 789 1368 Antiochus
818 1298 973 1388 possedit
995 1297 1118 1367 Asiam
1149 1309 1184 1368 et

199 1399 358 1495 Syriam,
391 1400 452 1469 sed
483 1399 612 1489 posteri
636 1397 760 1466 Asiam
783 1399 998 1484 amiserunt,
1032 1423 1181 1490 occupa·

199 1515 270 1573 tam
290 1501 417 1591 partim
433 1500 477 1570 ah
494 1497 655 1569 Eumene
671 1493 859 1594 Bithynia,
886 1500 1014 1590 partim
1036 1525 1056 1570 a
1073 1498 1183 1572 Gala-

199 1604 257 1675 tis.
309 1601 363 1673 De
379 1600 610 1672 Macedoniae
626 1602 843 1702 possessione
859 1602 995 1672 diutius
1009 1615 1180 1674 certatum

199 1718 261 1775 est.
311 1701 383 1774 Sed
407 1705 450 1773 ad
472 1716 666 1773 extremum
689 1703 872 1794 posteritas
894 1701 1086 1790 Demetrii,
1116 1703 1183 1797 qui

198 1806 267 1877 tuit
289 1799 463 1895 Antigoni
491 1804 600 1890 lilius,
633 1819 754 1896 captus
784 1829 804 1874 a
826 1803 1003 1891 Seleuco,
1027 1820 1067 1876 ut
1088 1804 1181 1891 dixi,

199 1907 315 1977 tenuit
329 1904 602 1990 Macedoniam,
620 1908 733 1975 donec
752 1928 828 1975 earn
851 1905 1008 1978 Romani
1032 1931 1182 1996 occupa-

200 2022 299 2080 runt.
351 2004 538 2080 Cassandri
571 2019 605 2076 et
625 2001 829 2101 Lysimachi
857 2009 924 2078 filii
946 2009 1182 2080 adolescentes

200 2109 387 2183 teterrimis
401 2108 598 2200 parricidiis
617 2109 808 2196 perierunt.

300 2209 522 2282 Ptolemaeus
544 2205 723 2305 κέραονος
746 2213 850 2281 ducta
874 2233 995 2282 sorore
1015 2205 1183 2295 Arsinoii,

200 2327 234 2386 et
249 2313 379 2383 deiude
395 2312 589 2396 interiecta,
603 2313 777 2382 invaserat
791 2327 825 2384 et
840 2308 1181 2402 ipseMacedoniam.

200 2413 304 2486 Seda
320 2412 464 2484 Brenno
480 2413 685 2505 interiectus
706 2436 838 2505 poenas
861 2415 1012 2483 incestae
1036 2436 1183 2483 consuc-

1548 707 1696 801 Reges
1722 708 1912 801 Syriae.

1283 854 1465 929 Seleucus.

1282 955 1484 1030 Antiochus
1496 952 1633 1054 σωτὴρ.

1284 1055 1487 1131 Antiochus
1503 1055 1604 1140 θεὸς.

1284 1160 1454 1233 Seleucus
1470 1158 1697 1252 καλλίνικος,
1714 1176 1749 1233 et
1763 1161 1873 1234 scater
1889 1156 2093 1234 Antiochus
2108 1157 2214 1256 ἱέραξ.

1284 1260 1484 1335 Antiochus
1508 1263 1662 1353 Magnus
1687 1278 1792 1335 natus
1822 1280 1920 1356 patre
1941 1264 2114 1344 Seleuco,
2154 1265 2216 1332 fra-

1335 1378 1424 1436 trem
1449 1363 1574 1438 habuit
1597 1367 1784 1438 Seleucum
1817 1370 1988 1439 maiorem
2018 1379 2130 1451 natu,
2163 1365 2216 1458 qui

1333 1480 1453 1538 tamen
1468 1469 1603 1553 statim,
1619 1481 1807 1561 postquam
1821 1492 1968 1561 regnare
1986 1468 2151 1561 cepisset,
2167 1468 2215 1535 in·

1294 1629 1296 1633 .
1335 1570 1500 1643 terfectus
1514 1583 1577 1641 est.

1283 1668 1453 1744 Seleucus
1468 1669 1690 1762 Philopator,
1719 1685 1754 1741 et
1770 1674 1896 1743 iratres
1909 1663 2116 1742 Antiochus
2133 1661 2215 1762 Epi-

1332 1769 1485 1863 phanes,
1511 1787 1545 1844 et
1560 1772 1775 1849 Demetrius.

1283 1871 1484 1945 Antiochus
1496 1869 1669 1971 εὐπάτωρ
1682 1889 1786 1945 natus
1802 1887 1901 1967 patre
1914 1867 2120 1963 Epiphane.

1284 1970 1487 2046 Demetrius
1507 1979 1629 2050 iunior
1648 1993 1684 2049 et
1704 1979 1816 2047 frates
1837 1971 2038 2047 Antiochus
2065 1971 2134 2042 lilii
2152 1966 2215 2042 De·

1298 2104 1302 2109 ’
1336 2078 1467 2148 metrii.

1283 2175 1484 2249 Antiochus
1497 2172 1641 2276 γρυπὸς
1653 2179 1747 2249 filius
1763 2175 1936 2249 Demetrii
1952 2175 2120 2247 iunioris.

1284 2277 1486 2352 Antiochus
1498 2279 1693 2375 Cyzicenus
1703 2282 1799 2350 tilius
1813 2279 1963 2353 Sedetis.

1284 2379 1450 2452 Extincto
1460 2382 1600 2453 Seleuci
1618 2384 1823 2473 posteritate
1839 2405 1913 2451 non
1924 2380 2039 2453 multo
2056 2372 2217 2471 postRo·

199 2515 336 2587 tudinis
350 2538 429 2585 cnm
445 2536 586 2594 sorore,
611 2526 646 2584 et
662 2514 932 2605 parricidiorum
949 2515 1056 2586 dedit.
1333 2485 1433 2554 'mi
1448 2483 1588 2579 syrim
1603 2497 1878 2576 ⁰⁰⁰¹¹P⁸V²ffl¹¹b

300 2631 426 2704 Postea
442 2626 645 2721 Antigonus
668 2628 763 2702 filius
779 2628 953 2705 Demetrii
975 2633 1183 2704 moderatis-

174 2780 179 2788 ,
199 2735 310 2807 simus
327 2758 397 2818 rex,
410 2745 515 2803 natus
529 2733 763 2804 lauditissima
778 2746 890 2804 matre
904 2729 1007 2809 Phila
1024 2735 1183 2805 filiaAn-

200 2837 339 2930 tipatri,
361 2833 573 2905 Macedonia
588 2835 721 2927 potitus
740 2849 806 2922 est,
832 2860 938 2930 qnam
962 2835 1026 2908 etsi
1043 2837 1182 2932 aliquo·
1232 2839 1331 2928 loco,
1354 2851 1491 2928 patrem
1515 2832 1642 2908 habuit
1663 2837 1842 2930 quendam
1865 2860 1907 2905 cx
1926 2829 2090 2926 Philippi
2115 2829 2216 2901 duci·

199 2938 265 3010 ties
289 2936 423 3023 amisit,
450 2951 571 3008 tamen
602 2951 719 3030 postea
749 2938 979 3029 recuperavit.
1035 2935 1183 3031 Expulit
1233 2942 1311 3012 hus.
1363 2939 1479 3009 Aiunt
1492 2936 1640 3009 Seleuco
1661 2952 1696 3010 et
1715 2938 1791 3008 cius
1805 2937 1953 3027 posteris
1966 2937 2084 3005 femur
2100 2932 2217 3003 nativa

199 3063 241 3111 ex
262 3035 412 3111 Graecia
435 3035 578 3120 Gallos,
605 3052 724 3130 postea
749 3040 854 3129 gessit
877 3039 970 3110 bella
996 3065 1076 3129 cnm
1093 3039 1182 3135 Pyr·
1232 3037 1386 3111 anchora
1401 3039 1610 3129 insignitum
1626 3041 1743 3112 luisse.
1781 3036 1873 3110 Cum
1890 3050 2008 3108 antem
2024 3048 2107 3128 post
2122 3056 2216 3103 mor·

135 3166 140 3179 ·
198 3136 277 3214 rho.
329 3137 491 3234 Cumque
508 3141 683 3212 interiecti
698 3136 828 3235 Pyrrhi
844 3155 949 3233 caput
968 3144 1012 3212 ad
1031 3166 1111 3211 eum
1129 3142 1182 3211 al-
1233 3158 1305 3215 tem
1328 3142 1516 3214 Perdiccae
1536 3143 1733 3234 praefectus
1757 3156 1847 3213 esset
1867 3137 2110 3233 Babyloniae,
2144 3148 2216 3206 orta

198 3243 309 3315 latum
333 3255 440 3327 esset,
474 3256 507 3313 et
538 3243 631 3312 lilius
655 3240 814 3312 Helenus
832 3243 993 3328 deditus,
1020 3239 1117 3314 hunc
1143 3244 1182 3313 in
1232 3244 1452 3316 dissensione
1468 3242 1562 3313 iuter
1578 3240 1798 3331 Antigonum
1813 3257 1848 3314 et
1863 3255 2038 3320 caeteros,
2055 3236 2216 3309 adiunxit

198 3358 345 3437 regnum
366 3357 553 3436 paternum
575 3343 729 3427 remisit,
762 3344 865 3436 eique
887 3344 997 3436 patris
1017 3359 1120 3435 caput
1148 3358 1183 3415 et
1233 3359 1366 3440 partem
1382 3344 1524 3438 Syriae,
1551 3367 1698 3438 eamque
1714 3345 1852 3432 maguis
1876 3339 2133 3413 certaminibus
2155 3339 2215 3410 ad·

197 3470 274 3518 ossa
291 3447 409 3528 dedit,
436 3445 649 3531 regiomore
672 3444 869 3516 condenda.
921 3443 1074 3516 Matrem
1092 3441 1181 3516 Phi·
1232 3470 1354 3519 versus
1369 3443 1594 3535 Antigonum
1611 3446 1906 3538 defendit,quem
1920 3444 2064 3514 tandem
2081 3440 2216 3532 ingenti

199 3548 258 3617 len
281 3545 457 3638 praedicat
480 3539 535 3614 his
557 3545 674 3614 verbis
690 3544 868 3616 Diodorus
892 3544 1051 3622 Siculus:
1086 3543 1181 3643 αὐτὴ
1233 3549 1364 3644 praelio
1386 3549 1585 3640 superavit,
1608 3562 1727 3637 postea
1749 3560 1783 3617 et
1805 3547 1920 3618 filium
1944 3543 2121 3634 Antigoni
2146 3539 2215 3613 De-

199 3643 240 3722 δὲ
254 3643 277 3743 ἦ
292 3642 390 3746 γυνὴ
407 3641 550 3718 συνέσει
565 3638 683 3719 ἐδόκει
697 3641 949 3742 διενηνοχέναι
964 3641 1090 3731 τοδςιι
1105 3644 1181 3749 γὰρ
1231 3651 1395 3723 metrinm
1411 3650 1514 3741 cepit.
1564 3647 1703 3719 Deinde
1726 3650 1800 3718 acie
1814 3649 1947 3718 victum
1963 3639 2214 3741 Lysimachum

196 3742 425 3846 ταραχώδεις
454 3746 494 3820 ἐν
516 3743 756 3847 στρατοπέδῳ
776 3746 1026 3842 κατέπαυσεν,
1055 3745 1122 3833 τάς
1140 3776 1181 3823 τι
1231 3753 1418 3827 interfecit.
1471 3751 1635 3821 Tandem
1650 3752 1911 3820 circumventus
1929 3745 2072 3818 insidiis
2095 3744 2215 3817 aPto-

197 3846 361 3948 ἀδελφὰς
368 3844 431 3922 καὶ
438 3847 735 3950 θυγατέραςτῶν
743 3843 896 3947 ἀπόρων
904 3849 1067 3934 ἐξεδίδου
1074 3848 1182 3935 ἰδίοις
1230 3859 1363 3928 lemaeo
1380 3845 1551 3949 κεραύνῳ
1565 3853 1674 3922 fratre
1681 3845 1913 3942 Philadelphi
1928 3849 2134 3922 interiectus
2146 3857 2209 3915 est.

196 3946 458 4047 δαπανήμασι,
494 3947 651 4034 πολλοὺς
674 3948 738 4025 καὶ
764 3957 842 4026 τῶν
863 3950 1057 4047 διαβολαῖς
1079 3978 1179 4050 περι-
1329 3955 1491 4050 lleliquit
1511 3953 1595 4024 filiis
1619 3951 1876 4047 amplissimum
1900 3973 2073 4041 regnum,
2097 3945 2212 4041 Baby-

198 4044 410 4128 πιπτόντων
423 4048 476 4149 μὴ
493 4049 645 4136 δικαίως
661 4047 842 4149 ἀπήλλαξε
856 4048 1047 4127 κινδύνων
1061 4069 1127 4130 etc.
1229 4061 1367 4141 lonem,
1407 4057 1609 4142 Persidem,
1648 4055 1795 4135 Medos,
1829 4052 1978 4137 Bactra,
2019 4046 2213 4134 Parthiam,

296 4174 389 4247 Salis
404 4175 549 4263 longum
567 4175 762 4264 catalogum
777 4196 900 4262 regum
917 4174 1109 4255 texuimus,
1139 4174 1177 4245 in
1231 4161 1351 4231 Asiam
1375 4159 1548 4255 etsyrlde
1572 4171 1721 4252 partem,
1772 4155 1936 4226 Tenebat
1958 4154 2054 4224 enlm
2081 4166 2212 4245 parient

196 4301 347 4370 quornm
364 4274 512 4348 historia
527 4275 614 4346 utile
630 4289 681 4346 est
698 4275 868 4368 cuiusque
884 4278 1016 4349 exitum
1037 4280 1083 4347 ad
1099 4303 1177 4347 ruo·
1228 4263 1468 4354 Ptolemaeus,
1494 4262 1557 4356 qui
1571 4261 1687 4331 fuerat
1702 4259 1816 4329 ⁸0⁰l¹¹⁸
1839 4271 1962 4327 ⁶⁰¹¹lf³
1977 4254 2213 4346 Assllssllssum·

195 4402 250 4449 res
272 4380 451 4457 conferre,
485 4393 525 4450 nt
548 4379 592 4446 de
619 4375 752 4447 indicio
777 4372 846 4447 Dei
867 4378 1061 4465 admoniti,
1093 4381 1177 4451 dili·
1232 4441 1238 4451 .
1332 4362 1501 4458 10³eph¹¹⁸
1529 4361 1653 4434 ⁸⁰¹less
1679 4359 1788 4432 sulm
1818 4360 2016 4444 beneficum
2047 4378 2133 4447 “8²
2155 4353 2213 4426 1⁸¹·

195 4481 334 4570 gentius
349 4503 464 4552 mores
479 4491 620 4551 nostros
635 4500 811 4571 regamus.
1226 4475 1349 4554 dacos,
1375 4491 1464 4562 quos
1484 4463 1645 4559 permisit
1665 4463 1719 4534 nti
1734 4463 1889 4553 propriis
1904 4461 2041 4550 legibus
2063 4460 2105 4528 in
2128 4457 2214 4528 civi·

1226 4573 1358 4645 tatibus
1382 4571 1467 4642 suis.
1503 4566 1657 4638 ¹Laudat
1675 4578 1710 4637 et
1730 4563 1923 4635 Pausanias
1942 4564 2021 4633 eius
2037 4560 2212 4633 iusticiam

292 4664 404 4738 Porro
429 4665 559 4739 Daniel
589 4665 728 4735 omissis
754 4666 897 4737 caeteris
929 4668 1064 4756 regnis,
1103 4666 1175 4736 iam
1225 4689 1261 4747 ea
1276 4673 1500 4746 elementiam

192 4768 403 4865 vaticinatur
426 4783 564 4841 tantum
577 4768 631 4847 ,de
648 4763 809 4851 duobus,
834 4769 878 4839 de
891 4766 1035 4863 Syriaco
1053 4782 1087 4840 et
1104 4765 1175 4839 Ae·

191 4862 330 4964 gyptio,
357 4873 439 4965 quia
460 4871 590 4940 Iudaea
614 4868 653 4936 in
676 4868 793 4938 medio
809 4863 938 4941 horum
956 4870 1022 4941 sita
1038 4871 1175 4941 duriter

191 4985 352 5065 quassata
376 4985 449 5060 est,
474 4992 588 5040 annos
609 4970 682 5039 fere
704 4972 890 5042 trecentos.¹
941 4973 1033 5044 Aliis
1056 4973 1174 5062 reguis

190 5073 334 5141 interim
365 5067 460 5142 nihil
486 5070 554 5144 fuit
582 5071 720 5162 negocii
749 5097 829 5143 cnm
859 5070 999 5146 Iudaea.
1052 5073 1173 5166 Quare

191 5173 337 5242 caeteris
352 5175 559 5260 praeteritis,
579 5169 706 5243 horum
718 5176 871 5246 duorum
881 5177 1086 5266 praecipuos
1096 5201 1174 5246 rno-

187 5287 245 5344 tus
261 5276 440 5364 praedicit.
491 5274 538 5347 Et
553 5277 636 5370 quia
651 5275 858 5348 vaticinium
882 5302 971 5369 pene
994 5293 1045 5349 est
1059 5274 1173 5349 histo·
1323 5267 1522 5345 Antiochus
1539 5266 1628 5352 θεὸς
1643 5266 1771 5341 habuit
1792 5270 1895 5343 initio
1912 5268 2099 5354 coniugem
2117 5263 2212 5337 Lao·

189 5376 242 5447 ria
263 5375 399 5471 aliquot
414 5379 635 5465 seculorum,
667 5380 810 5471 prodest
841 5380 972 5451 addere
994 5381 1173 5472 catalogos
1220 5375 1345 5460 diceri,
1379 5371 1431 5445 ex'
1453 5397 1524 5468 qna
1564 5373 1717 5466 suscepit
1752 5375 1846 5444 dnus
1876 5371 1988 5451 filios,
2021 5368 2212 5442 Seleucum

1631 2629 1823 2683 Seleucus.

1335 2732 1504 2808 Seleucus
1526 2744 1631 2806 natus
1656 2736 1770 2806 estin
1789 2731 2022 2818 Macedonia,
2046 2725 2217 2802 mediocri
2259 2748 2261 2771 ¹

1548 4803 1763 4859 Antiochus
1780 4798 1880 4868 αοτῆρ.

1331 4908 1531 4987 Antiochus
1548 4906 1671 5006 σαηὴρ
1690 4910 1852 4980 interluit
1866 4907 2002 5000 praelio
2020 4905 2136 4999 patris
2150 4905 2211 4974 ad·

1224 5042 1345 5091 versus
1368 5016 1608 5107 Antigonum,
1634 5038 1699 5083 nec
1713 5013 1777 5082 diu
1792 5026 1871 5103 post
1887 5025 2021 5104 patrem
2038 5008 2210 5100 regnavit.

1560 5164 1775 5219 dattoctsns
1798 5157 1870 5221 esis.
