4538 5754
122 270 229 349 14³7
732 272 796 346 tx.
847 269 1213 349 COMMENTARll
1249 270 1300 345 IN
1332 269 1574 349 PSALMOS.
2056 273 2153 349 ttss

1151 432 1322 535 impetu,
1349 459 1466 515 tamen
1486 428 1681 515 arbitratur
1706 443 1742 512 id
1765 468 1847 514 casu
1869 442 1965 529 fieri,
1990 429 2101 517 nescit
2118 468 2155 516 se

1167 569 1187 615 a
1203 547 1281 617 Deo
1300 560 1460 616 vocatum
1476 570 1569 633 esse,
1595 570 1659 615 nec
1672 547 1787 617 adfert
1800 549 1845 617 ad
1860 548 2032 641 praelium
2049 549 2154 618 fidem

1140 662 1143 715 t
1168 662 1407 740 expectantem
1424 650 1595 718 auxilium
1613 672 1631 717 a
1646 644 1734 719 Deo.

118 443 283 514 iudicare
307 446 351 514 de
375 443 635 515 calamitatibus
649 441 907 535 Evangelium,
934 445 1036 516 aliter
1058 469 1116 516 ra-

120 546 279 630 tionem,
303 547 414 636 legem
433 560 465 616 et
482 540 757 638 philosophiam.

82 665 85 669 ’
229 645 415 718 Pertinent
432 648 539 737 igitur
554 651 597 717 ad
617 648 869 740 promissiones
886 646 964 716 illas
981 662 1013 718 et
1030 640 1115 717 haiec

121 750 236 822 dicta:
279 737 487 844 Castigans
519 748 717 844 castigavit
748 771 803 818 me
831 744 1040 829 Dominus,
1083 759 1115 819 et
1148 799 1178 833 ,-
1270 749 1412 835 Tertio,
1439 774 1503 820 nec
1526 742 1638 818 vincit
1657 748 1696 817 in
1718 749 1849 822 talibus
1871 751 1954 822 fidei
1978 751 2152 822 exercitiis

121 850 240 921 morti
253 874 328 921 non
343 846 502 920 tradidit
515 876 583 925 me.
637 852 741 923 ltem:
767 842 857 922 Non
870 849 1024 938 moriar,
1050 845 1118 922 sed
1139 904 1143 1043 Ι

1168 867 1346 945 peccatum
1363 865 1404 922 et·
1412 856 1561 922 mortem
1578 864 1767 926 aeternam.

124 953 267 1037 vivam,
307 961 338 1023 et
368 952 535 1024 narrabo
568 977 676 1051 opera
705 948 876 1025 Domini.
938 952 1113 1047 Proponit
1269 952 1427 1043 Quarto,
1460 953 1525 1025 etsi
1552 974 1654 1044 saepe
1683 952 2063 1045 feliciter‘praeliatur,
2098 968 2152 1025 ta·

122 1056 343 1147 exemplum,
377 1059 471 1148 quod
505 1070 672 1150 tanquam
705 1056 890 1148 promissio
915 1057 1115 1126 communis
1166 1081 1248 1136 men
1272 1080 1409 1148 semper
1431 1069 1482 1125 est
1504 1056 1659 1125 incertus
1683 1056 1726 1123 de
1750 1056 1862 1145 exitu,
1886 1056 2018 1127 sciebat
2040 1056 2150 1126 inter·

122 1159 168 1227 ad
188 1180 312 1228 omnes
327 1161 508 1228 credentes
522 1159 702 1250 pertinens
716 1157 867 1247 intelligi
881 1159 995 1229 debet.
1046 1156 1113 1227 Fa·
1166 1161 1275 1229 tectos
1299 1182 1372 1227 esse
1392 1173 1462 1231 tam
1484 1158 1614 1228 multos
1638 1169 1851 1249 praestantes
1867 1158 1974 1228 duces
1987 1159 2150 1228 omnium

122 1270 282 1349 tetur-se
303 1258 507 1349 castigatum
532 1284 624 1345 esse,
650 1274 683 1331 et
704 1260 971 1353 luctatumocum
990 1273 1114 1349 morte,
1166 1275 1386 1351 temporum,
1428 1260 1636 1329 meminerat
1664 1258 1857 1330 trucidatos
1887 1272 2043 1351 patrem,
2088 1284 2151 1351 pa-

123 1360 333 1443 sedtamen
356 1385 478 1432 rursus
501 1362 791 1432 liberatumesse.
842 1358 939 1445 llaec
956 1385 997 1430 eo
1014 1362 1114 1445 dicit,
1166 1377 1304 1441 truum,
1337 1361 1559 1455 Aemylium,
1593 1358 1824 1443 Marcellum,
1858 1374 1893 1431 et
1913 1361 2012 1430 alios.
2065 1359 2149 1432 ldeo

123 1474 169 1533 ut
196 1458 375 1533 discamus
404 1464 622 1534 voluntatem
648 1463 712 1535 Dei
742 1487 833 1544 esse,
870 1462 935 1534 etsi
960 1464 1115 1552 castigat,
1166 1465 1295 1553 cogitat
1317 1479 1352 1534 et
1375 1487 1410 1532 se
1428 1464 1622 1556 aliquando
1639 1462 1746 1531 simili
1763 1464 1837 1533 fato
1854 1463 2049 1552 periturum
2065 1486 2150 1536 esse.

122 1558 253 1656 punit,
281 1577 315 1633 et
336 1564 373 1633 in
399 1565 552 1634 mediam
572 1579 721 1635 mortem
738 1565 898 1650 coniicit,
924 1580 1114 1635 rursusta-
1167 1564 1239 1634 Nec
1263 1579 1402 1635 tantum
1427 1567 1471 1635 de
1493 1587 1664 1655 personae
1686 1585 1769 1633 suae
1790 1567 1886 1634 exitu
1909 1580 1961 1635 est
1984 1565 2151 1650 incertus,

122 1689 210 1737 men
224 1666 374 1735 liberare
392 1667 586 1756 castigatos.

229 1765 298 1839 Sed
323 1769 409 1860 quid
433 1768 577 1838 interest
601 1768 694 1851 iuter
716 1764 890 1836 Davidem
914 1782 948 1837 et
970 1766 1112 1858 Scipio-

123 1868 233 1940 neml
282 1866 410 1939 Nonne
434 1884 468 1940 et
483 1870 603 1962 Scipio
627 1884 730 1961 saepe
751 1869 788 1937 in
815 1869 950 1960 magnis
972 1869 1114 1962 praeliis

123 1970 347 2065 periclitatus
375 1985 441 2056 est,
484 1987 517 2041 et
548 1970 650 2054 vicit,
685 1971 773 2040 sicut
803 1966 962 2043 Davidi.
997 1968 1046 2041 Et
1074 1984 1114 2039 ut

123 2074 270 2146 tandem
287 2071 406 2164 Scipio
429 2073 566 2166 placida
589 2086 702 2142 morte
725 2073 898 2143 extinctus
918 2086 987 2158 est,
1012 2075 1061 2143 ica
1080 2085 1114 2141 et

123 2174 247 2248 David
266 2187 345 2265 post
360 2188 411 2246 tot
427 2175 604 2265 victorias,
626 2187 744 2244 tamen
756 2174 800 2244 ad
812 2187 1004 2244 extremum
1018 2198 1112 2243 mor-

124 2291 209 2349 tuus
236 2288 297 2345 est.
364 2274 436 2364 Qui
467 2276 577 2366 magis
604 2276 713 2366 igitur
741 2271 827 2345 haec
859 2277 954 2346 canit
982 2274 1112 2355 David,

123 2403 232 2473 quam
251 2376 398 2469 Scipio?
449 2376 528 2448 Non
544 2379 693 2463 moriar,
719 2379 779 2446 sed
798 2377 927 2447 vivam.

229 2477 476 2573 Respondeoa
498 2476 613 2552 Multa
638 2493 720 2549 sunt
742 2479 966 2563 discrimina,
991 2476 1111 2567 Scipio

95 2579 254 2666 -vincit,
286 2577 363 2651 Deo
393 2580 555 2668 iuvante,
588 2583 646 2651 sed
680 2606 754 2652 non
789 2580 911 2650 statuit
934 2604 970 2649 se
993 2602 1013 2647 a
1036 2576 1111 2646 Deo

123 2695 290 2754 vocatum
313 2704 406 2768 esse,
431 2696 465 2752 et
489 2708 570 2753 casu
593 2696 690 2775 putat
711 2679 773 2752 has
791 2682 955 2753 victorias
972 2680 1111 2750 contin-

124 2806 225 2877 gere,
258 2782 373 2854 multo
403 2785 521 2853 minus
544 2785 709 2874 intelligit
729 2784 894 2855 victorias
915 2795 1112 2877 praesentes

123 2886 255 2956 debere
288 2884 396 2954 simul
425 2900 565 2955 aeterna
595 2900 708 2956 morte
727 2886 921 2959 absorberi.
973 2880 1111 2954 Deinde

123 2986 248 3081 Scipio
267 2981 359 3056 nihil
375 2999 470 3056 certo
486 2988 606 3058 statuit
624 2989 668 3057 de
685 2999 824 3056 aeterna
844 2987 926 3057 vita.

126 3102 129 3107 ’
209 3082 383 3159 'Econtra
397 3082 581 3175 Christus,
606 3087 720 3158 David
738 3101 772 3159 et
788 3113 910 3159 omnes
924 3087 985 3182 qui
996 3083 1110 3156 Deum

123 3204 218 3289 recte
233 3191 411 3272 invocant,
437 3203 632 3280 agnoscunt
645 3213 681 3258 se
694 3189 867 3261 divinitus
883 3203 1024 3260 vocatos
1039 3211 1111 3258 esse

122 3296 168 3366 sd
185 3290 402 3384 agnitionem
418 3285 628 3385 Evangelii,
652 3288 808 3362 etDeum
824 3293 931 3378 velle,
956 3304 994 3361 ut
1011 3290 1110 3381 agni-

121 3396 225 3469 tione
237 3388 424 3484 Evangelii
449 3407 483 3464 et
504 3395 572 3464 lide
593 3394 735 3463 vincant
756 3407 934 3464 aeternam
951 3407 1109 3463 mortem.

105 3494 248 3589 'Quare
268 3497 371 3566 etiam
393 3496 548 3587 superati
571 3495 829 3567 calamitatibus
849 3509 883 3565 et
903 3510 1016 3566 morte
1032 3519 1108 3564 cor-

121 3598 244 3695 poris,
268 3610 387 3668 tamen
409 3597 606 3669 clamitant:
629 3595 711 3668 Non
727 3597 878 3683 moriar,
904 3600 964 3666 sed
982 3597 1110 3681 vivam,

123 3716 159 3773 et
181 3694 336 3778 narrabo
360 3721 466 3790 opera
483 3698 640 3768 Domini.
690 3695 739 3771 Et
760 3693 846 3768 baec
868 3724 936 3770 vox
956 3699 1109 3792 primum

123 3814 159 3874 et
191 3799 434 3895 principaliter
463 3802 627 3892 congruit
657 3798 752 3870 Filio
780 3798 866 3888 Dei,
910 3826 973 3893 per
1005 3825 1108 3895 quem

122 3926 222 3976 mors
250 3917 455 3994 superatur,
492 3918 526 3973 et
555 3904 616 3996 qui
647 3925 833 3994 resurgens
866 3903 955 3975 victa
984 3916 1110 3986 morte,

123 4006 281 4078 ostendit
303 4028 339 4075 se
354 3999 551 4094 Apostolis‚
579 4004 699 4075 docuit
717 4027 796 4090 eos,
823 4006 921 4075 dedit
936 4003 1109 4096 Spiritum

122 4120 306 4190 sanctum,
330 4106 427 4175 misit
449 4105 659 4198 Apostolos,
684 4120 718 4177 et
739 4120 862 4198 regnat
883 4107 921 4175 in
942 4104 1109 4180 Ecclesia.

120 4204 258 4305 Estque
280 4203 348 4277 hoc
370 4207 521 4292 dictum,
547 4208 628 4278 Non
645 4209 796 4292 moriar,
819 4211 879 4278 sed
897 4208 1032 4290 vivam,
1058 4221 1109 4278 te-

120 4311 331 4384 stimonium
354 4311 398 4378 de
419 4311 675 4380 resurrectione
702 4306 848 4384 Christi.
910 4309 1034 4380 Toties
1058 4324 1108 4379 te-

121 4426 236 4486 statur
250 4413 421 4502 scriptura
436 4407 617 4482 Christum
633 4411 709 4480 fore
724 4412 923 4496 victimam,
949 4427 982 4484 et
998 4411 1109 4481 mori·

122 4528 245 4588 turum
274 4536 357 4586 esse.
417 4508 464 4583 Et
491 4534 739 4602 narsus'saepe
763 4513 868 4598 dicit,
901 4527 942 4585 ut
963 4508 1041 4597 hic,
1073 4537 1109 4582 se

120 4638 198 4688 non
214 4614 427 4701 moriturum
444 4637 530 4685 esse.
589 4613 735 4684 Necesse
750 4615 859 4704 igitur
872 4615 941 4685 fuit
957 4638 1036 4684 eum
1052 4639 1107 4685 re-

121 4738 285 4808 surgere,
309 4712 400 4786 sicut
423 4729 458 4786 et
473 4714 614 4784 Psalmo
633 4711 691 4786 15.
714 4716 778 4786 ait:
805 4715 887 4786 Non
909 4717 1011 4787 dabis
1028 4741 1107 4786 san·

1167 1669 1233 1739 sed,
1257 1668 1361 1739 etiam
1391 1669 1435 1736 de
1462 1689 1565 1736 causa
1595 1681 1629 1736 et
1661 1668 1782 1755 repub.
1810 1687 1915 1758 quam
1940 1681 2150 1756 propugnat,

1168 1765 1257 1837 hanc
1286 1769 1392 1838 etiam
1420 1767 1549 1857 cogitat
1573 1792 1657 1838 casu
1679 1767 1772 1856 regi,
1806 1780 1840 1837 et
1862 1768 2009 1838 fortasse
2031 1768 2156 1848 subito,
2203 1824 2207 1833 .

1166 1871 1287 1963 aliquo
1305 1885 1402 1938 motu
1418 1871 1591 1939 ruituram
1610 1892 1696 1939 esse.

1267 1969 1481 2063 Quanquam
1504 1986 1620 2041 autem
1644 1984 1790 2040 eventus
1813 1968 1850 2037 in
1873 1971 2004 2063 populo
2026 1968 2151 2060 lsraiil,

1165 2085 1199 2140 et
1220 2074 1365 2142 caeteris
1385 2073 1542 2164 imperiis
1566 2072 1734 2144 videntur
1757 2095 1831 2141 esse
1855 2072 2005 2159 similes,
2038 2073 2150 2144 inter-

1166 2175 1333 2243 ficiuntur
1355 2175 1473 2263 magni
1496 2175 1604 2264 et'pii
1628 2177 1752 2258 duces,
1782 2185 1823 2243 ut
1845 2171 2014 2254 Samson,
2041 2173 2152 2261 lona-

1166 2271 1263 2365 thas,
1296 2268 1421 2360 losias,
1454 2276 1662 2347 exoriuntur
1691 2274 1916 2369 tyrannides,
1948 2275 2150 2361 seditiones,

1166 2391 1201 2446 et
1221 2377 1312 2446 aliae
1332 2400 1480 2466 magnae
1497 2378 1728 2447 mutationes:
1752 2389 1869 2446 tamen
1885 2375 2033 2447 Davidis
2049 2400 2149 2446 mens

1166 2493 1199 2548 et
1220 2481 1266 2547 de
1287 2503 1434 2565 persona
1459 2502 1540 2562 sua,
1565 2492 1600 2550 et
1624 2482 1668 2548 de
1683 2502 1804 2560 causa,
1830 2478 1935 2565 longe
1949 2478 2148 2550 alitersen-

1165 2580 1225 2665 tit,
1251 2605 1357 2674 quam
1381 2580 1513 2670 Scipio.
1565 2578 1681 2649 David
1706 2582 1772 2649 scit
1790 2601 1827 2648 se
1846 2603 1867 2649 a
1888 2577 1964 2650 Deo
1986 2593 2149 2651 vocatum

1164 2704 1258 2766 esse,
1285 2683 1415 2751 deinde
1430 2683 1468 2749 in
1486 2681 1627 2773 praeliis
1642 2683 1710 2751 lide
1727 2681 1813 2772 petit
1828 2696 1862 2753 et
1878 2694 2033 2774 expectat
2048 2680 2149 2751 auxi·

1165 2784 1252 2854 lium
1283 2798 1317 2854 et
1342 2784 1543 2863 victoriam:
1579 2799 1614 2854 et
1644 2785 1765 2854 eadem
1794 2782 1863 2851 fide
1891 2783 2045 2854 luctatur
2067 2807 2149 2853 cum

1164 2886 1359 2956 terroribus
1386 2885 1539 2977 peccati,
1573 2900 1608 2957 et
1637 2886 1747 2955 vincit
1775 2900 1926 2956 mortem
1957 2877 2149 2958 aeternam.

1165 2986 1240 3059 Scit
1261 3002 1295 3058 et
1317 2982 1403 3071 hoc,
1427 2982 1545 3056 Deum
1569 2988 1790 3057 defensorem
1812 3009 1885 3055 esse
1909 3009 2011 3056 verae
2023 2981 2148 3057 Eccle-

1164 3089 1252 3174 siae,
1278 3088 1336 3159 cui
1350 3089 1423 3180 ipse
1438 3088 1565 3173 seruit,
1592 3102 1626 3158 et
1641 3104 1824 3180 propterea
1839 3089 1978 3157 ducesa
1993 3084 2070 3159 Deo
2085 3112 2150 3157 vo-

1164 3205 1260 3260 catos
1280 3190 1479 3284 plerunque
1500 3190 1538 3259 in
1553 3190 1678 3259 officiis
1695 3187 1890 3260 vocationis
1906 3189 2050 3260 servari.
2099 3184 2149 3259 Et

1164 3311 1203 3362 ut
1232 3293 1382 3362 maxime
1404 3291 1443 3360 in
1466 3292 1736 3364 acieintereant
1759 3293 1885 3376 duces,
1920 3287 2032 3385 (vidit
2052 3290 2149 3359 enirn

1164 3391 1279 3464 Deum
1302 3394 1514 3464 mirabiliter
1539 3416 1657 3483 regere
1676 3391 1888 3477 Ecclesiam,
1914 3404 1949 3462 et
1971 3393 2061 3462 velle
2082 3413 2149 3463 nos

1165 3497 1316 3566 exerceri
1341 3496 1544 3586 ingentibus
1570 3493 1762 3587 periculis,)
1786 3508 1904 3565 tamen
1926 3493 1991 3563 scit
2008 3517 2148 3564 causam

1164 3611 1197 3670 et
1212 3594 1403 3668 Ecclesiam
1421 3622 1493 3666 nou
1511 3597 1735 3668 interituram
1750 3620 1835 3667 esse.
1889 3593 2010 3685 Quare
2024 3609 2058 3667 et
2073 3596 2148 3688 ipse

1164 3699 1365 3784 reviviscet,
1395 3713 1431 3769 et
1452 3699 1519 3768 erit
1541 3700 1657 3769 socius
1680 3697 1814 3769 aeterni
1830 3690 2004 3788 triumphi
2018 3712 2051 3770 et
2070 3698 2149 3788 glo·

1163 3803 1236 3872 riae
1253 3804 1347 3893 apud
1364 3800 1491 3873 Deum.
1526 3796 1620 3887 ¹Hac
1635 3800 1744 3891 igitur
1758 3799 1826 3869 fide
1843 3823 1924 3870 vere
1941 3800 2036 3872 canit
2051 3793 2149 3870 hunc

1163 3900 1357 3998 hymnum,
1391 3918 1425 3974 et
1453 3901 1633 3996 praedicat
1659 3926 1797 3973 causam
1824 3926 1898 3972 non
1925 3898 2148 3973 interituram

1163 4021 1254 4090 esse,
1280 4007 1353 4075 imo
1376 4029 1412 4075 se
1434 4029 1575 4098 quoque
1592 4005 1629 4074 in
1646 4004 1887 4096 praesentibus
1901 4003 2043 4094 praeliis
2058 4004 2150 4073 libe-

1164 4121 1281 4178 ratum
1311 4130 1384 4177 esse
1407 4132 1427 4177 a
1448 4122 1581 4188 morte,
1617 4123 1652 4178 et
1673 4131 1797 4177 rursus
1821 4131 1901 4176 vere
1922 4105 2147 4175 liberandum
2177 4125 2179 4129 ⁴

1164 4210 1236 4279 e'sse
1254 4211 1299 4278 ab
1316 4223 1454 4279 aeterna
1474 4223 1599 4281 morte.
1989 4274 1992 4283 .

1266 4309 1357 4381 Cum
1370 4324 1486 4381 autem
1509 4314 1553 4381 de
1571 4309 1780 4381 liberatione
1794 4334 1813 4379 a
1830 4321 1943 4383 morte
1959 4304 2149 4380 conciona-

1164 4427 1242 4495 tur,
1276 4414 1552 4503 complectamur
1584 4438 1650 4482 nos
1672 4413 1792 4484 omnia
1813 4403 1947 4485 Christi
1970 4409 2150 4483 beneficia.

1163 4513 1244 4585 Non
1262 4514 1424 4586 aboletur
1436 4539 1535 4587 mors
1557 4516 1595 4586 in
1611 4512 1749 4586 Davide
1765 4529 1800 4586 et
1815 4512 1937 4600 nobis,
1964 4509 2033 4584 nisi
2056 4512 2147 4581 libe-

1163 4640 1284 4686 remur
1310 4640 1330 4686 a
1358 4633 1513 4709 peccato.
1578 4616 1699 4707 Quare
1728 4613 1788 4688 bic
1817 4615 2026 4700 versiculus,
2055 4603 2147 4685 Non

1162 4718 1320 4803 morior,
1347 4712 1417 4788 sed
1437 4717 1579 4805 vivam,
1609 4718 1855 4812 complectitur
1875 4717 2146 4813 promissionem

120 4834 218 4892 ctum
235 4831 335 4887 tuum
352 4817 472 4886 videre
489 4819 767 4906 cbrrtrptionem.
819 4816 958 4888 Deinde
974 4819 1108 4890 intelli·
1161 4823 1207 4890 de
1230 4820 1437 4890 remissione
1459 4837 1704 4914 peccatorum,
1737 4836 1771 4893 et
1794 4833 1868 4894 tota
1891 4819 2147 4894 instauratione

117 4922 172 5015 git
192 4917 311 4990 David
334 4912 524 5017 et'norunt
544 4942 667 4989 omnes
690 4920 819 5004 sancti,
852 4922 979 4991 ducem
1001 4914 1106 4991 Chri·
1162 4936 1196 4993 et
1216 4923 1472 5014 glorificatione
1494 4939 1708 5000 sanctorum.
1761 4921 1835 4993 lam
1864 4925 1943 4993 vide
1960 4923 2142 5018 womodo

117 5037 216 5097 num
239 5019 436 5107 vincereget
459 5020 576 5090 delere
599 5036 768 5100 mortem,
792 5035 832 5093 ut
856 5023 982 5092 reddat
1000 5021 1107 5094 vitam
1162 5020 1219 5094 hic
1235 5048 1345 5115 paean
1361 5025 1550 5096 conveniat
1566 5051 1645 5097 curn
1665 5024 1780 5118 specie
1797 5021 1988 5099 Ecclesiae.
2041 5023 2143 5096 Dila-

115 5125 228 5197 etiarn
246 5121 391 5191 caeteris
406 5122 546 5191 sanctis.
597 5121 702 5195 Canit
715 5124 826 5213 igitur
837 5138 869 5195 et
885 5120 1001 5193 David
1017 5119 1109 5194 hanc
1162 5140 1300 5196 cecatur
1318 5150 1397 5196 vera
1415 5123 1573 5198 Ecclesia
1588 5128 1673 5200 inde
1691 5150 1803 5225 usque
1819 5130 1865 5199 ab
1881 5127 2002 5210 initio,
2026 5141 2060 5196 et
2073 5147 2142 5194 un-

113 5247 244 5297 vocem
261 5223 306 5291 de
321 5218 393 5294 vita
409 5238 570 5306 aeterna,
595 5248 684 5318 quae
698 5222 857 5315 Scipioni
875 5226 995 5314 ignota
1013 5234 1073 5298 est.
1162 5227 1268 5321 dique
1284 5243 1334 5298 est
1350 5228 1604 5302 cinctamorte.
1653 5230 1748 5304 Abel
1770 5229 1997 5313 interficitur,
2024 5223 2141 5296 lsrab‘-

224 5320 364 5394 Deinde
394 5339 427 5394 et
457 5326 502 5395 de
530 5325 774 5415 praesentibus
800 5328 957 5398 victoriis
980 5328 1108 5399 discri·
1160 5330 1244 5401 litae
1266 5330 1304 5400 in
1319 5328 1500 5427 Aegypto,
1527 5346 1647 5425 postea
1673 5334 1779 5406 etiam
1797 5330 1995 5405 Palaestina
2017 5329 2139 5420 oppri-

112 5452 204 5503 men
227 5439 290 5497 est.
340 5424 419 5498 Etsi
442 5426 588 5499 dimicat
611 5426 732 5520 Scipio
757 5427 926 5518 singulari
951 5428 1108 5524 quodam
1161 5445 1308 5506 muntur
1333 5434 1521 5523 servitute,
1554 5435 1778 5507 trucidantur
1800 5428 2014 5526 Prophetae,
2041 5428 2142 5522 Apo-
