4538 5754
112 270 187 375 soc
698 267 765 347 nc
797 258 1553 345 munoocmmaurnrsrcau
1639 374 1642 378 Ι
1869 256 1875 265 ·
2059 260 2136 370 ιιι

113 442 233 535 cipis,
259 438 344 534 quia
359 439 524 512 videlicet
548 441 587 511 in
602 440 787 512 elementis
801 455 837 514 et
853 440 932 512 eliis
948 437 1107 531 corpori·
1258 434 1332 509 Nec
1355 437 1446 506 illud
1471 436 1542 507 clici
1562 446 1680 529 potest
1702 434 1842 506 infinita
1863 454 1936 531 esse
1952 429 2138 522 principia,

112 545 185 614 bus
207 563 330 610 causas
357 542 608 613 alterationem
641 565 715 612 esse
743 543 839 612 videt
868 541 1106 633 pugnantium
1157 562 1219 608 seu
1247 538 1510 628 magnitudine,
1548 560 1612 606 seu
1639 559 1806 620 numero,
1847 535 1931 628 quia
1961 530 2060 601 noll'a
2088 546 2140 604 est

112 645 213 714 inter
238 665 274 712 se
297 641 509 735 qualitatum
533 644 723 729 actionem,
756 657 791 714 et
812 642 1006 713 faciliorem
1031 661 1105 710 esse
1156 640 1363 730 magnitudo
1387 653 1467 710 actu
1488 638 1641 712 infinita.
1698 637 1747 709 Et
1771 636 1801 706 si
1823 657 1973 706 numero
1997 632 2138 704 infinita

113 743 470 823 transmutationem,
495 744 560 814 ubi
580 744 698 835 aliqua
722 742 848 813 similis
871 755 923 814 est
943 741 1105 837 qualitas.
1156 764 1303 833 corpora
1324 752 1454 823 essent,
1480 739 1586 810 etiam
1607 753 1726 811 essent
1747 736 1906 827 infiujtae
1921 733 2139 824 magnitudi-

116 843 322 933 Pugnantia
338 843 522 934 pelluo'tor
537 868 558 915 a
573 845 825 934 pugnantibus,
850 858 886 915 et
900 842 1030 914 similia
1045 865 1104 911 ra·
1155 864 1235 925 nes,
1259 854 1300 912 ut
1316 843 1361 911 de
1383 840 1510 910 atomis
1531 841 1680 928 tingunt.
1728 835 1826 908 Hace
1842 836 1962 908 omnia
1978 835 2137 905 tetanus

116 946 217 1036 paria
244 957 328 1015 sunt
351 944 542 1031 similium,
567 959 607 1018 ut
630 943 778 1016 dicitur:
810 943 935 1016 Simile
949 944 1102 1013 amicum
1153 956 1214 1011 tur
1228 942 1333 1012 unica
1353 944 1437 1011 satis
1457 939 1589 1011 illustri
1605 939 1926 1018 demonstratione,
1953 959 2058 1029 quam
2075 958 2137 1004 su·

116 1046 239 1120 simili.
953 1090 957 1096 -
1153 1065 1218 1133 pra
1250 1042 1495 1123 recitavimus,
1528 1065 1618 1135 quae
1646 1038 1820 1131 ostendit,
1855 1038 2028 1107 mundum
2062 1059 2136 1105 esse

217 1144 377 1218 Orditur
391 1145 501 1236 igitur
519 1139 708 1239 physicen,
732 1158 774 1217 ut
792 1144 945 1230 Medici,
968 1143 1014 1214 ab
1030 1143 1103 1211 ele-
1154 1166 1281 1236 corpus
1295 1142 1451 1226 finitum,
1472 1141 1555 1234 quia
1570 1142 1789 1235 impossibile
1805 1153 1857 1210 est
1872 1161 1999 1231 corpus
2014 1135 2137 1205 inlini·

116 1249 249 1316 mentis
275 1260 309 1317 et
333 1271 457 1317 corum
479 1245 718 1339 qualitatibus.
768 1246 858 1317 Nam
883 1258 917 1315 et
942 1241 1103 1314 Galenus
1153 1255 1229 1313 tum
1244 1243 1381 1312 moveri
1395 1242 1623 1318 circulariter.

118 1349 156 1416 in
171 1348 271 1417 libro
288 1346 537 1418 deElementis
552 1347 675 1417 abiicit
693 1347 773 1418 illas
789 1347 897 1416 nimis
909 1345 1015 1415 exiles
1029 1345 1101 1413 dis-
1253 1341 1357 1414 Hanc
1382 1346 1428 1414 de
1447 1343 1633 1436 principiis
1656 1343 1856 1414 doctrinam
1878 1342 1924 1412 ab
1946 1336 2138 1410 Aristotele

116 1449 323 1540 potationes
346 1451 390 1517 de
410 1448 557 1517 materia
578 1448 714 1538 prime,
739 1451 783 1517 de
807 1471 877 1540 qua
892 1446 1102 1517 Aristotcles
1153 1444 1338 1537 traditam,
1364 1444 1520 1517 breviter
1533 1446 1706 1537 complexi
1723 1467 1855 1516 sumus.
1904 1442 1985 1514 Nec
2000 1453 2139 1531 argutas

118 1550 294 1642 loquitur.
344 1543 394 1618 Et
406 1545 641 1639 Hippocrates
663 1543 894 1640 reprehendit
905 1544 1104 1630 Melissum,
1153 1546 1427 1636 disputationes,
1459 1569 1549 1640 quae
1566 1541 1626 1617 hic
1648 1547 1845 1637 agitantur,
1876 1545 2052 1637 persecuti
2075 1565 2136 1613 su·

118 1652 180 1742 qui
202 1650 296 1720 dixit
319 1671 432 1718 unum
464 1650 642 1740 quoddam
667 1672 740 1719 esse
762 1649 980 1740 principium
1003 1669 1103 1716 com·
1154 1669 1245 1728 mus,
1271 1649 1331 1716 sed
1347 1642 1434 1717 baec
1449 1647 1564 1728 initia,
1587 1672 1740 1742 quorum
1756 1647 1911 1738 cognitio
1927 1646 1971 1714 ad
1986 1666 2137 1737 sequeu-

116 1774 244 1834 mune,
270 1774 314 1819 ex
330 1772 401 1841 quo
418 1749 539 1819 omnia
552 1750 622 1819 alia
646 1773 792 1840 corpora
813 1763 891 1820 orta
908 1748 998 1828 siut,
1022 1759 1103 1817 tan·
1153 1747 1202 1817 tia
1215 1749 1375 1839 prodest,
1400 1749 1655 1839 excerpsimus,
1678 1762 1718 1819 ut
1731 1771 1789 1834 ea,
1813 1772 1903 1840 quae
1918 1747 2001 1814 inde
2018 1757 2138 1814 extru-

117 1875 226 1945 quam
245 1849 450 1921 exsemine.
482 1846 717 1940 Hippocrates
730 1864 852 1921 contra
867 1848 997 1942 iuquit,
1024 1870 1103 1918 cor·
1154 1863 1284 1933 untur,
1307 1849 1447 1919 facilius
1464 1848 1615 1938 intelligi
1632 1849 1780 1941 possint.
1830 1848 2023 1940 Postquam
2040 1845 2136 1913 enirn

118 1974 205 2042 pora
222 1951 336 2021 mixta
351 1949 546 2018 necessario
564 1973 605 2018 ex
622 1951 786 2040 pluribus
801 1966 837 2023 et
851 1949 1001 2021 diversis
1023 1970 1103 2017 cor·
1153 1949 1192 2017 in
1214 1949 1329 2041 primo
1349 1950 1442 2021 libro
1456 1945 1689 2043 Physicorum
1702 1947 1911 2021 Aristoteles
1931 1950 1974 2017 de
1990 1945 2138 2017 materia

118 2050 269 2143 poribus
285 2063 457 2133 constare,
480 2050 563 2141 quia
583 2049 717 2143 alioqui
731 2075 806 2121 non
822 2064 938 2120 essent
950 2049 1102 2118 obnoxia
1154 2073 1343 2142 corporum
1357 2065 1392 2122 ιι
1407 2051 1519 2118 forma
1533 2049 1634 2133 dixit,
1651 2063 1768 2140 postea
1784 2049 1823 2118 in
1837 2052 1993 2120 secundo
2007 2047 2139 2117 discer-

120 2150 392 2223 alterationibus
422 2162 528 2241 atque
563 2151 861 2240 corruptionibus.
919 2141 993 2219 Nec
1018 2171 1103 2218 vero
1154 2151 1212 2222 nit
1230 2174 1285 2221 res
1303 2149 1481 2221 naturales
1502 2163 1537 2220 et
1558 2150 1772 2235 artificiales,
1798 2148 1924 2224 etcum
1943 2151 1986 2218 de
2004 2147 2138 2239 princi·

118 2253 273 2325 multum
288 2250 410 2320 diflert
423 2251 596 2320 sententia
617 2249 754 2319 Melissi
769 2252 815 2320 ab
828 2247 1064 2324 Aristotelica.
1155 2252 1223 2344 piis
1236 2252 1287 2321 rei
1302 2249 1475 2323 naturalis
1490 2250 1597 2341 dixit,
1624 2266 1743 2345 postea
1757 2251 1800 2320 de
1817 2250 1930 2321 causis
1945 2252 2037 2318 etde
2053 2263 2137 2340 pro·

219 2350 295 2423 Sed
312 2346 369 2419 bis
384 2350 551 2421 tenuibus
564 2349 866 2440 disputationibus
880 2350 1031 2436 omissis,
1051 2363 1104 2421 te·
1154 2352 1382 2447 prietatibus,
1406 2364 1523 2438 motu,
1548 2352 1626 2422 loco
1649 2365 1684 2425 et
1697 2365 1853 2443 tempore
1869 2350 2022 2422 disserit.
2155 2355 2161 2360 ”

119 2475 288 2537 neamus,
312 2452 409 2543 quod
424 2473 547 2520 verum
570 2465 604 2522 et
624 2464 718 2523 certo
733 2447 1025 2543 comprehensum
1043 2463 1106 2536 est,

117 2553 233 2645 prima
260 2574 410 2643 corpora
435 2550 608 2643 simplicia
629 2574 720 2638 esse,
744 2555 882 2622 coelum
906 2566 939 2623 et
953 2565 1105 2645 quatuor
1440 2573 1505 2642 De
1536 2592 1586 2643 η
1614 2572 1848 2645 nummu,

118 2655 315 2738 elementa,
339 2674 380 2722 ac
395 2651 559 2743 deinceps
580 2652 689 2722 mista
704 2677 746 2723 ex
769 2652 951 2724 elementis
966 2666 1104 2722 extrua-

118 2777 219 2839 mus,
242 2777 310 2824 nec
335 2752 472 2823 curiose
489 2753 595 2822 aliam
618 2754 774 2844 priorem
797 2755 981 2827 materiam
996 2776 1104 2847 quae-
1361 2725 1466 2808 ΩΨ
1499 2728 1590 2792 ‘¹⁴²¹‘
1620 2743 1684 2793 Μ
1709 2716 1935 2794 ”mmm

116 2877 247 2929 ramus.
639 2866 641 2870 '
706 2890 709 2899 ·
1259 2850 1431 2949 Physicus
1461 2855 1657 2925 necessario
1680 2855 1852 2927 discernit
1881 2878 1937 2925 res
1960 2855 2140 2927 naturales

221 2954 411 3025 Praetereo
435 2953 541 3025 etiam
553 2955 676 3025 voleus
692 2956 887 3028 multomm
908 2958 1047 3026 furores
1062 2953 1107 3022 de
1158 2957 1203 3029 ab
1218 2954 1470 3027 artificialibus.
1506 2952 1657 3041 Quaerit
1670 2957 1765 3024 enim
1779 2978 1901 3026 causas
1914 2981 1989 3026 non
2005 2980 2140 3040 eorum,

118 3055 321 3150 principiis.
346 3053 573 3126 Democritus
588 3057 770 3148 componit
783 3059 957 3128 mundum
973 3080 1013 3125 ex
1029 3067 1107 3125 ato·
1158 3082 1247 3152 qnae
1258 3056 1439 3126 voluntate
1454 3049 1612 3136 bominis
1625 3067 1659 3126 et
1668 3056 1804 3127 artibus
1818 3056 2031 3141 efficiuntur,
2049 3082 2139 3152 quo-

118 3160 208 3240 mis,
236 3170 272 3227 et
283 3149 349 3225 hos
363 3156 415 3226 ait
428 3155 579 3226 subinde
601 3157 705 3226 aliter
720 3181 841 3244 ruere,
864 3182 905 3228 ac
922 3170 1118 3249 propterea,
1158 3184 1236 3230 rum
1255 3156 1345 3227 ratio
1361 3156 1535 3227 extruitur
1547 3179 1588 3226 ex
1604 3157 1755 3241 noticiis,
1775 3179 1865 3249 quae
1881 3173 2007 3248 regunt
2018 3160 2140 3244 vitam,

118 3258 275 3329 subinde
299 3256 388 3326 alios
408 3259 560 3327 mundos
582 3258 697 3342 nasci,
728 3271 762 3328 et
781 3261 921 3330 eosdem
938 3258 1106 3328 occidere.
1158 3274 1222 3332 aut
1240 3259 1390 3350 gignunt
1412 3271 1521 3343 artes,
1550 3260 1611 3328 sed
1635 3258 1897 3350 propagationis
1920 3273 1955 3328 et
1975 3258 2140 3351 proprio-

118 3358 223 3430 Sicut
233 3356 423 3428 Lucretius
436 3357 530 3427 libro
545 3361 699 3427 secundo
714 3359 758 3427 de
768 3358 908 3430 Atomis
923 3359 1056 3454 inquit:
1157 3386 1239 3433 rum
1259 3372 1445 3446 motuum,
1476 3382 1565 3453 quos
1588 3353 1723 3430 habent
1743 3381 1891 3451 corpora
1912 3383 1976 3452 per
2001 3383 2074 3429 sese
2100 3384 2140 3441 ιιι

524 3462 647 3528 Semina
660 3467 779 3545 mundi,
1159 3486 1220 3532 sua
1235 3459 1443 3530 substantia.
1490 3455 1541 3529 Et
1552 3459 1735 3551 aspicienti
1750 3482 1817 3545 res,
1842 3484 1917 3530 non
1931 3462 2075 3530 difficile
2089 3472 2141 3531 est
2156 3510 2159 3517 ·

235 3560 328 3628 Multi
342 3565 440 3628 modis
454 3570 582 3630 volitant
597 3579 716 3630 aeterno
732 3571 844 3652 percita
860 3580 956 3632 motu.
1158 3562 1332 3642 iudicare,
1358 3583 1448 3653 quae
1464 3559 1536 3630 sint
1552 3561 1742 3646 naturales,
1766 3584 1856 3654 quae
1868 3562 2075 3641 artificiales,
2101 3574 2141 3631 ut

119 3662 221 3734 Haec
235 3660 437 3753 prodigiosa
451 3661 680 3757 deliramenta
692 3659 869 3755 Epicurus
890 3675 1010 3754 postea
1031 3684 1108 3751 am·
1157 3665 1247 3756 lapis
1274 3661 1432 3732 nascitur
1455 3661 1554 3746 talis,
1588 3674 1623 3731 et
1647 3685 1711 3752 per
1731 3684 1804 3731 sese
1825 3661 1938 3735 fertur
1961 3665 2142 3735 deorsum.

119 3765 248 3856 plexus
271 3774 342 3844 est,
368 3772 409 3830 ut
430 3775 513 3834 sunt
533 3763 664 3833 multae
687 3787 815 3855 pravae
831 3777 993 3850 naturae,
1018 3786 1108 3857 quae
1158 3759 1327 3835 Machina
1343 3762 1571 3831 bombardica
1587 3776 1660 3832 arte
1676 3762 1756 3832 talis
1771 3763 1861 3832 facta
1876 3779 1938 3846 est,
1962 3778 1996 3835 et
2011 3785 2068 3834 ars
2083 3762 2161 3835 in-.

120 3879 263 3936 tautum
281 3863 510 3953 perversitate
525 3866 678 3957 quadam
696 3878 817 3937 amant
839 3866 1009 3936 absurdas
1028 3864 1109 3956 opi·
1157 3877 1262 3936 venta
1279 3864 1389 3933 estad
1411 3862 1656 3952 expellendum
1671 3863 1827 3952 globum.
1861 3862 1952 3936 Cum
1969 3865 2064 3935 enim
2083 3865 2141 3933 in-

120 3967 270 4049 niones,
295 3986 370 4033 non
386 3966 479 4057 quod
505 3965 668 4056 probent.
720 3963 790 4035 Sed
807 3989 930 4035 omnes
950 3965 1030 4035 sani
1046 3988 1105 4034 ex·
1157 3965 1330 4037 cendium
1349 3962 1585 4032 efficacissime
1613 3965 1742 4054 pellat,
1774 3965 1856 4058 quia
1888 3968 2044 4059 spacium
2073 3966 2141 4036 sibi

120 4067 319 4158 ploserunt.
370 4059 423 4134 Ac
437 4062 560 4137 Cicero
582 4068 626 4135 de
642 4065 846 4137 Democrito
866 4067 1000 4160 iuquit:
1025 4063 1108 4134 >Ne-
1158 4066 1309 4161 quaerit,
1330 4087 1385 4137 res
1399 4065 1608 4134 coniunctae
1621 4077 1724 4151 sunt,
1749 4091 1838 4156 quae
1853 4082 1888 4138 et
1903 4092 1964 4161 per
1979 4090 2052 4137 sese
2067 4067 2142 4135 vim

120 4168 258 4235 minem
281 4165 416 4233 maiore
438 4166 644 4253 autoritate,
670 4167 821 4236 maiores
842 4189 953 4257 nugas
977 4167 1105 4236 dicere.
1157 4166 1314 4260 pellendi
1333 4161 1525 4245 haberent,
1552 4165 1717 4237 videlicet
1741 4164 1904 4249 Nitrum,
1939 4180 2141 4260 etquarum

120 4263 168 4337 Et
183 4265 298 4336 lacilis
313 4277 365 4335 ιιι
379 4265 555 4351 refutatio,
583 4264 802 4360 impossibile
817 4269 913 4337 euim
927 4280 1016 4337 esset
1031 4291 1107 4336 ma·
1156 4269 1296 4339 flamma
1313 4290 1387 4337 non
1396 4266 1627 4339 suffocaretur
1640 4281 1680 4339 ut
1697 4266 1856 4353 aliarum,
1881 4290 1970 4360 quae
1986 4269 2142 4345 tenuiter
2245 4335 2248 4341 ,

120 4391 208 4438 nere
222 4367 361 4435 easdem
378 4365 471 4454 leges
491 4380 654 4437 motuum
671 4383 705 4439 ct
719 4368 850 4461 species
862 4382 973 4438 certas
987 4367 1107 4438 omni·
1158 4369 1366 4456 concipiunt
1382 4367 1558 4442 incendia.
1971 4372 1974 4376 “

120 4470 189 4540 bus
218 4465 457 4557 temporibus,
489 4466 519 4536 si
542 4468 702 4538 contusio
732 4482 932 4542 atomorum
954 4469 1107 4540 subinde
1260 4467 1399 4540 Deficit>
1418 4468 1528 4558 igitur
1548 4467 1755 4549 Aristoteles
1780 4489 1837 4537 res
1859 4469 2037 4540 naturales
2058 4494 2143 4558 esse,

121 4571 211 4640 alios
225 4568 381 4636 mundos
396 4568 565 4656 gigneret.
1156 4570 1307 4664 quaein
1329 4569 1405 4661 ipsa
1429 4569 1623 4640 substantia
1651 4589 1790 4637 causam
1812 4582 1930 4641 motus
1958 4585 1993 4642 et
2015 4573 2143 4666 quietis

224 4668 392 4738 Addatur
416 4682 449 4738 et
470 4663 557 4739 haec
578 4668 686 4741 ratio:
712 4666 803 4741 Cum
826 4669 1046 4763 impossibile
1060 4670 1106 4742 sit
1156 4667 1302 4742 habent.
1352 4666 1400 4741 Et
1416 4671 1466 4740 sic
1481 4683 1582 4740 cocat
1598 4683 1671 4738 tum
1693 4669 1786 4759 ipsas
1807 4670 2040 4754 substantias,
2065 4687 2143 4745 turn

119 4769 379 4857 intelligentem
400 4781 563 4840 naturam
585 4793 606 4839 a
630 4770 734 4841 bruta
756 4769 863 4857 oriri,
893 4796 967 4842 non
991 4773 1107 4846 existit
1156 4774 1342 4866 qualitates
1369 4784 1403 4841 et
1423 4785 1560 4867 motus,
1592 4792 1745 4861 quorum
1761 4794 1863 4840 causa
1881 4786 1933 4843 est
1946 4775 2145 4847 substantia

121 4869 280 4942 humana
299 4882 423 4939 natura
439 4894 479 4939 ex
495 4871 621 4943 atomis
634 4872 712 4940 sine
729 4885 847 4944 mente
862 4873 981 4965 aliqua
998 4887 1032 4944 et
1048 4899 1107 4946 ca·
1157 4875 1253 4966 ipsa,
1276 4897 1351 4945 non
1366 4895 1434 4943 ars.
1485 4868 1535 4942 Ut
1558 4869 1690 4938 animal
1715 4886 1764 4943 est
1784 4895 1840 4942 res
1855 4876 2045 4960 naturalis,
2069 4901 2144 4948 non

120 4998 175 5055 su,
202 4994 285 5042 cum
301 4966 454 5039 humana
470 4983 595 5039 natura
613 4995 687 5041 non
703 4974 818 5044 solum
834 4974 879 5046 sit
896 4974 1106 5065 intelligens,
1155 4975 1250 5044 enim
1262 4975 1301 5046 fit
1316 4988 1401 5058 arte,
1427 4985 1462 5042 et
1478 4971 1672 5041 substantia
1689 4971 1764 5062 ipsa
1779 4995 1882 5062 causa
1900 4988 1951 5045 est
1966 4991 2143 5049 certorum

120 5077 180 5143 sed
200 5073 308 5144 etiam
327 5070 575 5142 universaliter
593 5066 721 5145 babeat
742 5075 864 5146 insitas
880 5075 1028 5146 noticias
1042 5076 1104 5143 fir·
1156 5088 1316 5147 motuum
1331 5074 1408 5146 sine
1424 5083 1509 5154 arte,
1536 5084 1576 5142 ut
1591 5072 1816 5158 nutritionis,
1840 5080 2144 5166 augmentationis.

118 5200 194 5247 mas
219 5187 255 5246 et
276 5173 458 5252 immotas,
491 5187 532 5245 ut
565 5195 733 5244 numeros
759 5188 795 5247 et
823 5177 915 5266 leges
944 5189 1103 5262 naturae,
1256 5175 1590 5268 Temperamentum
1618 5197 1679 5245 seu
1705 5179 1836 5271 κρᾶσις
1858 5190 1980 5249 estres
1996 5195 2144 5250 natura-

120 5301 207 5371 quas
228 5296 423 5362 congruere
441 5274 487 5342 ad
509 5273 664 5366 aliquam
687 5289 868 5350 aeternam
888 5278 1043 5368 regulam
1062 5276 1103 5346 in
1155 5274 1212 5350 lis.
1260 5273 1426 5347 Nascitur
1451 5273 1650 5356 enimcum
1678 5278 1793 5349 forma
1818 5279 2042 5354 substantiali
2065 5281 2145 5351 ani.

118 5392 235 5453 mente
249 5374 443 5450 conditrice
455 5396 595 5446 necesse
608 5385 669 5447 cst.
1152 5374 1294 5452 mantis.
1495 5391 1497 5395 ‘
