4538 5754
86 296 89 301 .
129 232 226 307 1⁰31
721 231 852 309 ertit„
874 234 993 314 MEL
1018 235 1230 314 scalpra
1254 238 1557 334 nautales.
2064 252 2159 330 tote

259 407 599 503 Argumentum
625 427 681 477 oc
707 403 971 499 dispositio
1221 468 1224 475 .
1266 409 1316 487 Et
1342 438 1549 512 marquart
1575 413 1756 490 earm
1785 419 1827 491 in
1857 442 1993 514 genere
2017 424 2066 493 sle
2090 437 2157 497 tcta

458 505 619 588 Psalmi
647 506 768 592 Vlll.
1166 511 1324 588 Ecclesia
1348 520 1528 610 intelligo,
1553 534 1671 592 umen
1694 544 1770 592 uon
1793 524 1962 616 displicet
1987 520 2081 597 mihi
2103 526 2155 596 in·

177 622 340 693 Domine
369 621 478 692 Deus
504 630 634 693 noster
661 643 778 716 quom
807 622 1114 698 admirabilem
1166 621 1369 710 terpretatio
1384 646 1528 704 eorum,
1552 621 1616 715 qui
1632 626 1678 692 ad
1692 621 2007 716 caputhristum
2022 651 2153 700 socom

177 746 314 796 mmsis
337 732 447 794 taam
479 733 547 795 etc.
1167 723 1315 792 modant
1343 746 1438 797 euru.
1498 722 1589 793 Nam
1607 737 1644 794 et
1665 720 1831 797 Christus
1852 729 2045 819 paulisper
2070 744 2153 802 earet

228 824 435 896 Gratiarum
458 825 635 911 actioest,
661 838 697 896 et
719 826 928 897 vaticinium
953 828 998 897 de
1022 828 1115 898 libe·
1165 822 1296 908 gloria,
1321 824 1437 895 iactus
1453 848 1519 916 pro
1536 825 1641 895 uobis
1654 827 1897 904 maledictum,
1952 829 2085 902 Postea
2098 854 2150 901 vs-

127 925 264 996 ratione
292 941 326 997 et
352 927 468 1017 gloria
489 940 641 997 aeterna·
655 926 851 1013 Ecclesiae,
883 930 1049 1000 collectae
1072 952 1114 998 ex
1167 948 1206 992 ro
1223 947 1347 994 rursus
1362 940 1511 996 ornatur
1527 927 1658 1014 gloria,
1683 943 1718 999 et
1735 944 1880 1022 propter
1896 952 1984 1003 eum
2001 934 2148 1004 reddun-

125 1041 201 1098 tnto
216 1051 343 1117 genere
358 1024 527 1102 humano.
564 1024 678 1099 Etest
692 1032 927 1121 opponendus
943 1029 1000 1101 bic
1015 1030 1115 1101 Psal·
1167 1039 1225 1095 tur
1239 1022 1418 1097 Ecclesiae
1433 1027 1571 1098 iusticia
1585 1029 1709 1100 atrita
1724 1045 1880 1107 aeterua.

125 1151 205 1199 mus
228 1127 312 1201 hnic
331 1131 445 1199 dicto:
471 1125 661 1220 Optimum
685 1154 760 1199 nou
783 1133 898 1216 nasci,
923 1146 984 1203 aut
1006 1155 1113 1225 quam
1232 1192 1238 1198 .
1267 1126 1409 1199 Primus
1422 1152 1545 1198 versus
1558 1142 1610 1199 est
1623 1133 1819 1223 propositio
1832 1135 2041 1223 gratiarum
2052 1136 2145 1206 actio·

126 1232 309 1301 celerrime
330 1232 508 1320 extingui,
534 1234 631 1325 quod
647 1232 782 1304 dictum
800 1257 923 1302 verum
948 1247 1056 1318 esset,
1082 1235 1113 1303 si
1166 1225 1222 1296 nis
1246 1241 1282 1299 et
1305 1229 1481 1299 vaticinii:
1520 1231 1598 1319 ago
1627 1232 1693 1302 tibi
1724 1233 1855 1323 gratias
1885 1231 1969 1305 Deo
1999 1239 2144 1331 qnodts
2186 1293 2188 1331 ,

126 1327 235 1402 homo
259 1348 396 1404 tanturn
419 1336 464 1403 ad
488 1327 580 1402 banc
594 1356 841 1404 aerumnosam
857 1336 964 1406 vitam
981 1351 1115 1406 morta-
1168 1331 1358 1419 patefecisti
1388 1335 1508 1421 generi
1533 1328 1691 1402 humano
1713 1336 1752 1404 in
1776 1349 1849 1406 tota
1876 1352 2000 1422 terra,
2027 1339 2089 1408 ubi
2106 1338 2144 1409 si·

127 1434 199 1502 lem
225 1435 391 1505 conditus
423 1448 524 1508 esset.
582 1432 708 1524 Longe
738 1437 835 1505 enim
867 1437 1023 1507 tristiora
1053 1451 1114 1507 aut
1167 1432 1242 1501 mul
1270 1431 1486 1524 praedititur
1515 1429 1709 1505 Ecclesiam
1739 1437 1984 1527 colligendam
2014 1460 2094 1510 esse·
2111 1460 2144 1509 er
2184 1470 2188 1533 g

126 1535 300 1605 atrociora
318 1536 410 1606 mala
433 1536 598 1606 accidunt
613 1530 771 1623 bomini,
798 1562 905 1630 quarn
930 1540 1015 1609 ullis
1034 1539 1115 1608 aliis
1166 1547 1239 1604 toto
1261 1530 1582 1622 generebumano.

126 1637 352 1708 animalibus.
404 1637 474 1709 Sed
499 1637 580 1707 ideo
604 1638 731 1707 melius
751 1654 804 1710 est
818 1641 915 1710 nasci
938 1635 1112 1726 homines,
1268 1634 1453 1706 Secundus
1474 1658 1599 1706 versus
1613 1635 1701 1709 dicit
1724 1638 1770 1709 de
1798 1642 1910 1711 modo
1935 1640 2144 1733 colligendae

127 1739 212 1830 quia
227 1736 324 1809 Deus
339 1763 375 1809 se
392 1740 512 1829 generi
537 1734 695 1809 humano
717 1742 839 1811 multis
862 1756 897 1811 et
919 1743 1054 1830 maguis
1074 1766 1115 1812 ac
1167 1730 1360 1806 Ecclesiae:
1384 1736 1465 1807 Non
1481 1731 1648 1808 humanis
1664 1737 1802 1810 viribus
1817 1757 1881 1813 aut
1894 1742 2079 1823 consiliis,
2095 1753 2146 1812 art

126 1840 327 1911 illustribus
350 1840 562 1912 testimoniis
590 1842 769 1933 patefecit,
798 1856 833 1914 et
864 1867 929 1933 per
951 1838 1114 1915 homines
1166 1838 1293 1919 armis,
1323 1834 1391 1907 boc
1421 1861 1569 1929 regnum
1600 1840 1854 1929 constituetur,
1886 1846 1949 1913 sed
1976 1844 2147 1935 praedica·
2186 1926 2188 1933 Α

128 1942 205 2012 vult
228 1943 417 2028 celebrari,
448 1957 482 2012 et
502 1942 579 2013 vult
601 1966 662 2012 eos
683 1957 824 2014 aeterna
840 1945 953 2035 gloria
966 1968 1113 2015 ornare:
1167 1939 1265 2010 tione
1286 1936 1491 2027 Evangelii,
1524 1943 1684 2011 sonantis
1709 1966 1772 2034 per
1802 1967 1934 2035 agmen
1969 1944 2150 2029 imbecille,
2187 1971 2188 1978 ¹

127 2037 271 2135 probis
301 2044 478 2114 beneficiis
508 2044 638 2133 gratias
667 2047 759 2135 agit,
786 2059 823 2117 et
844 2047 951 2117 simul
981 2049 1025 2115 de
1052 2048 1113 2115 illa
1168 2065 1230 2134 per
1243 2043 1339 2136 qrrocl
1355 2039 1451 2111 Ileus
1472 2042 1539 2111 erit
1556 2043 1688 2118 efficax.

127 2145 261 2234 ingenti
275 2147 387 2237 gloria
402 2145 625 2217 vaticinatur.
675 2144 780 2217 Nunc
794 2148 889 2218 enim
904 2149 942 2217 iu
961 2143 1027 2218 bac
1043 2150 1114 2219 vita
1267 2142 1410 2212 Tertius
1427 2166 1546 2212 versus
1560 2145 1648 2214 dicit
1661 2147 1707 2214 de
1721 2143 1953 2217 elimatiori
1980 2146 2085 2219 illius
2101 2168 2151 2217 re·

127 2247 275 2335 etsifide
290 2247 448 2318 cernitur
463 2247 691 2334 etincoatur‚
717 2263 835 2320 tamen
851 2251 1013 2320 noudum
1028 2274 1115 2321 ocu·
1166 2242 1244 2332 gni:
1283 2239 1328 2315 V
1322 2238 1428 2313 idedu
1455 2240 1572 2314 coelos
1598 2253 1698 2331 tuos,
1723 2246 1759 2315 id
1781 2261 1851 2332 est,
1878 2262 2074 2321 εειεηιιιῐιι
2102 2270 2153 2319 re*

128 2349 172 2418 lis
187 2350 423 2440 conspicitur,
448 2373 528 2420 cum
553 2344 720 2418 haeredes
735 2351 828 2423 vitae
849 2341 1009 2423 aeternae
1024 2376 1044 2421 a
1059 2366 1114 2446 ty·
1167 2369 1275 2435 guum
1292 2347 1545 2432 coustituetur,
1568 2347 1686 2417 coelos
1698 2362 1859 2419 aeternos
1873 2350 2099 2437 videbimus,
2118 2350 2153 2419 in

127 2451 251 2519 renuis
272 2452 498 2521 trucidantur
520 2450 634 2521 multo
654 2453 851 2536 crudelius,
884 2475 991 2548 quam
1020 2455 1115 2524 ullae
1167 2447 1297 2540 quibus
1324 2448 1483 2517 fruemur
1509 2451 1766 2519 consuetudine
1794 2447 1882 2534 Dei,
1923 2475 1996 2522 nec
2028 2454 2154 2523 eriuns

127 2552 271 2625 bestiae.
1166 2548 1314 2618 obnoxii
1334 2550 1439 2619 morti
1455 2564 1489 2619 et
1504 2563 1664 2641 peccato,
1682 2565 1725 2621 ut
1740 2574 1835 2621 nunc
1851 2575 1995 2623 sumus.

229 2650 322 2723 Cum
346 2649 496 2741 baptista
520 2652 565 2720 ab
588 2649 749 2740 Herode,
775 2668 836 2726 aut
854 2653 986 2727 Paulus
1008 2654 1115 2727 aNe-
1267 2648 1426 2739 Quartus
1440 2674 1564 2722 versus
1578 2666 1612 2721 et
1625 2654 1772 2747 quintus
1786 2654 1979 2727 continent
1996 2654 2153 2726 collatio·

100 2836 105 2841 ,
128 2776 217 2825 rone
230 2751 458 2836 interficitur,
481 2776 705 2849 nequaquam
723 2757 881 2828 iudicant
902 2773 1115 2851 spectatores
1168 2775 1249 2820 nem
1272 2752 1465 2841 praesentis
1484 2753 1646 2822 miseriae
1667 2766 1702 2825 et
1724 2753 1968 2827 liberationis:
1993 2780 2037 2827 ac
2056 2780 2152 2849 prae·

127 2857 316 2951 baptistam
339 2867 400 2925 aut
422 2852 572 2924 Paulum
604 2858 716 2947 gloria
746 2872 780 2929 et
800 2862 927 2930 decore
948 2873 1114 2937 ornatum
1167 2853 1298 2923 dicitur
1311 2848 1504 2924 Ecclesiam
1529 2866 1564 2924 et
1579 2867 1684 2947 caput
1694 2850 1876 2926 Christum
1896 2857 2153 2953 aliquantisper

129 2982 222 3046 esse,
249 2971 282 3028 ct
298 2956 418 3025 omnia
442 2958 591 3047 pedibus
605 2982 727 3029 eorum
756 2962 913 3033 subiecta
935 2984 1026 3031 esse:
1054 2965 1114 3033 sed
1166 2957 1242 3026 lore
1258 2954 1335 3026 sine
1349 2955 1472 3045 gloria.
1524 2954 1595 3027 Sed
1616 2969 1735 3026 tamen
1754 2972 1961 3048 recepturos
1985 2982 2061 3031 esse
2078 2960 2149 3049 glo-

127 3061 288 3132 indicant
302 3053 367 3128 hos
383 3058 582 3128 miseriores
598 3082 670 3130 esse
685 3060 867 3147 leonibus,
889 3063 950 3156 qui
967 3063 1006 3132 in
1021 3064 1114 3134 circo
1167 3059 1256 3126 riam
1286 3058 1496 3150 promissam
1529 3069 1565 3127 et
1594 3058 1899 3144 benedictionem,
1933 3060 2151 3153 sicutdocet

128 3163 382 3253 spectabantur.
421 3156 512 3231 Cum
528 3161 637 3251 igitur
650 3162 814 3233 liberatio
829 3160 1007 3235 Ecclesiae
1022 3189 1115 3235 non·
1168 3158 1355 3250 promissio
1390 3160 1481 3230 facta
1513 3154 1698 3231 Abrabae:
1724 3155 1870 3231 ethaeo
1901 3162 2076 3235 liberatio
2099 3156 2151 3231 lt‘s

128 3264 215 3334 dum
232 3262 488 3352 conspiciatur,
515 3262 643 3353 passim
660 3265 838 3334 vaticiniis
857 3267 1027 3356 promissa
1052 3283 1114 3348 εει,
1169 3261 1384 3353 praedicitur
1398 3284 1438 3330 ac
1452 3260 1661 3331 celebratur.
1928 3314 1931 3321 .

127 3364 178 3435 ita
193 3378 227 3436 et
243 3365 281 3432 in
298 3359 364 3431 hoc
379 3359 521 3432 Psalmo
538 3365 753 3453 praedicitur
767 3379 800 3436 et
817 3368 1047 3457 promittitur.
1267 3359 1414 3456 Reliqui
1439 3384 1561 3432 versus
1582 3375 1664 3431 sunt
1678 3361 1868 3454 descriptio
1884 3365 2150 3445 beneficiorum,

230 3462 280 3534 Ει
310 3461 450 3530 collatio
485 3463 524 3532 fit
554 3465 739 3557 utriusque
762 3468 931 3552 membri,
973 3482 1115 3540 nostrae
1168 3488 1258 3558 quae
1277 3478 1476 3557 sequauutur
1497 3464 1763 3548 liberationem,
1788 3487 1850 3535 seu
1864 3464 2149 3559 descriptioglo·

129 3566 291 3635 miseriae
309 3578 343 3633 et
359 3563 589 3633 liberationis.
1128 3613 1135 3619 -
1168 3568 1240 3634 riae
1255 3580 1289 3636 et
1305 3565 1442 3635 domini
1457 3561 1588 3636 Christi
1611 3578 1645 3634 et
1659 3561 1848 3636 Ecclesiae.
1900 3564 2073 3640 Christus
2096 3586 2149 3635 ex·

230 3662 430 3754 Descriptio
455 3664 617 3735 miseriae
642 3662 727 3739 haec
750 3683 829 3741 ests
846 3665 954 3767 Quid
969 3680 1020 3742 est
1046 3667 1115 3743 Iro.
1167 3669 1294 3738 altatus
1310 3683 1361 3738 est
1375 3690 1480 3759 super
1495 3687 1618 3737 omncs
1629 3680 1821 3752 creaturas,
1845 3670 1979 3741 doctor
1995 3682 2050 3741 est
2066 3667 2149 3739 vius

130 3789 191 3835 mo
213 3760 316 3862 quod
335 3787 468 3838 memor
491 3788 525 3836 es
549 3765 644 3848 eius,
668 3776 699 3838 st
708 3766 823 3863 filias
839 3769 1002 3842 huminis
1017 3782 1117 3872 quod
1167 3784 1346 3855 aeternae,
1377 3783 1412 3840 et
1430 3768 1599 3859 depulsor
1619 3768 1762 3854 mortis,
1781 3770 1971 3861 ,depulsor
1992 3769 2145 3842 omniun

45 3946 59 3965 .
132 3864 384 3937 visitassem?
414 3869 450 3936 id
475 3882 542 3953 εει,
567 3894 647 3939 cum
673 3867 779 3942 homo
803 3876 847 3947 sit
871 3890 1028 3945 creatura
1055 3903 1114 3948 ae·
1168 3885 1421 3965 tyrannorum²
1451 3871 1500 3943 ila
1528 3866 1684 3941 Είῦῐθθῑὸ
1715 3865 1859 3942 habehit
1889 3872 2087 3955 ῖϋδῑῑθῖὶῦε
2111 3876 2143 3937 ‘¹

2184 2346 2188 2487 l

128 3982 317 4049 rnmnosa,
343 3981 483 4059 peccato
498 3985 532 4040 et
548 3971 653 4040 morti
668 3974 832 4056 obnoxia,
858 3977 1029 4046 immensa
1048 3980 1115 4047 bo·
1167 3986 1345 4042 aeternam
1369 3973 1476 4043 sitam
1501 3995 1542 4042 ac
1563 3994 1695 4065 pacem,
1751 3968 1834 4041 Non
1859 3974 2055 4059 diabolus,
2077 3988 2144 4079 ιιιειιΙ
2186 3990 2188 4015 ⁵

128 4073 222 4143 nitas
237 4082 306 4154 est,
332 4070 428 4164 quod
451 4082 568 4139 tamen
591 4076 721 4164 recepit
744 4066 939 4160 nosDe11s‚
964 4093 997 4148 et
1027 4081 1114 4148 abo·
1168 4074 1329 4168 tyranni,
1351 4099 1426 4144 non
1445 4073 1610 4166 imperia,
1643 4096 1717 4142 uon
1743 4074 1873 4143 bestiae
1901 4077 2006 4146 ullae
2025 4090 2144 4146 notus

127 4177 194 4245 lito
212 4188 351 4265 peccato
372 4184 408 4242 et
420 4185 550 4253 morte,
576 4175 730 4245 restituit
748 4178 853 4247 nobis
880 4179 1055 4249 iusticiam
1079 4195 1113 4253 et
1166 4176 1318 4267 amplius
1334 4170 1511 4246 Ecclesiae
1531 4188 1742 4266 potueruut,
1771 4176 1833 4245 sed
1857 4175 1935 4268 ipsa
1963 4178 2004 4248 in
2028 4196 2144 4271 perpe·

127 4278 235 4348 vitam
255 4288 446 4346 aeternam.
1167 4290 1225 4348 tna
1240 4278 1372 4350 laetitia
1389 4277 1581 4349 celebrabit
1592 4277 1722 4347 Deum.
1755 4272 1827 4346 Pro
1844 4271 1912 4348 hac
1927 4278 2141 4359 liberatione,

140 4384 143 4389 '
229 4372 362 4447 Sivisti
407 4396 487 4445 sum
529 4369 804 4474 aliquantisper
850 4404 970 4451 carere
1015 4378 1111 4459 Deo.
1146 4380 1283 4473 inquit
1312 4379 1458 4451 ultimus
1479 4402 1620 4464 versus,
1649 4379 1786 4466 agimus
1807 4378 1875 4448 tibi
1896 4376 1999 4452 Deus
2024 4375 2148 4471 lehara
2179 4400 2188 4416 ⁴

126 4483 245 4553 Adam
274 4493 352 4567 post
382 4479 520 4568 lapsum
548 4502 735 4569 oppressus
765 4496 906 4572 peccato
929 4497 962 4554 et
985 4501 1110 4569 morte,
1163 4482 1309 4573 gratias,
1336 4495 1370 4552 et
1390 4477 1458 4550 hoc
1475 4479 1599 4571 ingens
1620 4492 1655 4550 et
1677 4479 1917 4552 inenarrabile
1936 4480 2139 4555 beneliciurs

126 4597 220 4656 caret
235 4578 331 4671 Deo,
357 4582 417 4650 sed
442 4579 716 4674 aliquantisper,
751 4582 786 4652 id
810 4598 879 4668 est,
903 4610 976 4655 nou
997 4588 1109 4657 relin·
1163 4582 1357 4654 celebrabit
1372 4604 1509 4674 semper
1524 4584 1689 4652 universa
1704 4577 1875 4653 Ecclesia.

125 4687 248 4783 quitur
270 4685 309 4751 in
327 4695 440 4753 morte
466 4695 500 4750 et
523 4684 600 4752 sine
614 4680 711 4770 Deo,
737 4688 798 4755 sed
814 4708 937 4757 rursus
960 4689 1108 4778 erigitur
2016 4762 2020 4767 .

123 4800 270 4883 propter
284 4783 495 4876 promissum
520 4805 658 4870 semen,
684 4801 720 4859 et
741 4802 890 4860 ornatur
912 4789 1044 4879 gloria,
1071 4792 1108 4862 id
1304 4788 1640 4884 Argumentum
1662 4806 1716 4858 tto
1739 4784 2007 4881 dispositio

123 4905 194 4975 εει,
219 4887 353 4960 abolito
376 4898 517 4977 peccato
540 4901 574 4956 ct
598 4902 731 4973 morte,
753 4891 990 4962 restituuntur
1004 4891 1108 4961 iusti·
1517 4918 1676 5003 psalmi
1701 4916 1766 5003 lx

122 4994 225 5064 ciaet
243 4989 314 5058 vita
333 5000 485 5060 aeterna.
537 4983 701 5060 Haecest
725 4992 785 5060 illa
810 4992 992 5079 liberatio,
1017 5018 1107 5086 quae
1769 4976 1780 5000 ⁹

120 5093 179 5166 hic
194 5089 418 5163 describitur.
468 5083 602 5181 Estque
619 5088 780 5161 Psalmus
804 5119 845 5163 ex
863 5095 938 5187 ipsa
954 5097 1107 5187 promis·
1209 5063 1415 5163 c‘mlilebm
1444 5066 1512 5139 ilbi
1537 5069 1700 5138 D⁰mll¹0
1732 5069 1775 5136 ²⁸⁹⁸
1807 5074 1885 5139 i⁰i⁰
1915 5068 2034 5144 ⁰⁰¹·th
2052 5086 2132 5151 mels
2178 5086 2188 5127 ι

120 5198 220 5267 εἰοηε
237 5207 390 5274 sumtus,
415 5212 505 5282 quae
519 5190 618 5259 Adae
641 5207 674 5263 et
697 5191 863 5265 Abrahae
887 5200 1016 5268 tradita
1040 5212 1103 5269 est.
1207 5168 1371 5243 ''armi‘’
1385 5175 1514 5242 mnia
1528 5167 1717 5242 mirabilia
1731 5176 1813 5238 ”⁴⁰-

118 5297 222 5368 Hanc
253 5298 521 5384 interpretatur,
555 5305 591 5361 et
617 5294 719 5366 docet
750 5298 870 5388 colligi
898 5297 1104 5386 Ecclesiam,
1259 5300 1447 5373 Generalis
1462 5286 1654 5391 gratiarnm
1669 5300 1760 5371 actio
1780 5315 1832 5372 est
1847 5324 1916 5391 pro
1933 5302 2060 5374 deletis
2080 5296 2136 5371 bo·-
2181 5314 2183 5319 '

120 5401 176 5467 cni
198 5397 360 5469 redditur
382 5394 509 5467 amissa
532 5392 655 5486 gloria.
1153 5402 1285 5491 stibus,
1310 5417 1345 5476 ct
1367 5405 1557 5496 adplicatio
1582 5403 1733 5496 exempli
1754 5405 1798 5474 ad
1822 5403 2004 5498 reliquam
2028 5401 2137 5477 Eccle-
