4538 5754
54 241 216 343 ‚asos

118 436 218 498 mus,
246 411 309 504 qui
328 432 363 480 se
379 407 543 501 patefecit
563 404 671 475 misso
685 401 800 487 Filio,
825 415 859 473 ct
874 403 1010 472 nitatur
1026 422 1107 492 pre-

114 516 216 600 ,tatio
232 511 431 585 Mediatore
449 525 484 580 et
506 511 737 579 intercessore
754 504 861 577 Filio.
914 502 1013 573 Idem
1030 504 1106 572 dis-

123 616 259 688 crimen
284 638 364 683 mox
387 612 623 703 significatur,
653 607 738 701 quia
762 607 865 678 toties
888 606 1015 697 repetit
1039 629 1108 674 no·

122 740 205 789 men
221 714 287 787 Dei
310 712 418 804 nint,
444 737 515 806 quo
531 711 799 782 discernebatur
809 732 918 778 >verus
934 706 1031 777 Dens
1047 731 1109 796 pa-

122 820 269 891 tefactus
291 797 480 900 in'tsiast,
511 839 531 883 a
555 810 808 883 commentitiis
839 809 1050 881 numinibus
1074 821 1109 878 et

122 920 276 991 cultibus
290 919 440 988 aliarum
456 916 627 1005 gentium.

222 1036 415 1124 Dominus
440 1047 572 1120 umbra
594 1072 709 1142 supra
731 1042 902 1116 dextram
922 1054 1046 1134 tuam,
1072 1047 1110 1117 id

15 1148 22 1158 ’
124 1170 195 1241 est,
221 1152 463 1248 superomnia
479 1151 622 1242 negocia
640 1163 716 1234 tua,
742 1150 989 1220 omniserunt
1014 1150 1110 1219 salu-

125 1258 215 1330 taria
233 1260 310 1350 ipso
326 1268 467 1347 regente
482 1269 516 1325 et
530 1254 747 1325 fortunentc.

253 1529 597 1626 Argumentum
619 1548 683 1596 ¹eac:
718 1524 978 1616 dispositio

432 1660 593 1749 Psalmi
628 1657 810 1748 CXXII.

440 1871 445 1879 ,
491 1806 685 1867 ornanum
707 1807 744 1869 n

181 1938 369 2004 Loetotess
389 1950 475 2001 stem
495 1949 579 1999 cum
601 1927 747 2000 dictum
769 1936 825 1999 est
844 1924 964 2015 midi,
991 1928 1032 1997 ia
1047 1925 1113 1997 do·

144 2084 149 2091 ·
178 2057 282 2108 muca
297 2036 450 2104 Domini
466 2028 613 2102 ibimus.

227 2183 373 2254 Tertius
386 2181 547 2250 Psalmus
561 2180 752 2271 gratiarum
768 2181 859 2250 actio
878 2193 929 2249 est
956 2180 999 2249 de
1027 2204 1113 2251 con·

130 2289 250 2359 stituta
265 2281 443 2376 Ecclesia,
469 2296 503 2352 et
526 2276 689 2373 repetitio
711 2281 957 2372 promissionis
972 2306 1114 2352 conser-

129 2391 266 2460 vandae
281 2383 478 2467 Ecclesiae,
504 2397 622 2475 postea
647 2397 682 2454 et
707 2383 862 2473 precatio
883 2385 1027 2454 additur
1050 2408 1113 2473 pro

129 2487 299 2562 Ecclesia.
351 2483 401 2557 Ut
421 2500 537 2556 autem
557 2480 616 2554 hie
638 2497 732 2554 totus
754 2482 917 2555 Psalmus
938 2485 1115 2576 intelliga-

131 2609 209 2677 tur,
231 2588 383 2661 Dolores
400 2599 435 2656 et
450 2585 713 2656 solicitudinem
735 2585 877 2677 piorum
899 2586 1116 2673 intueamur,

133 2693 198 2787 qui
222 2713 302 2761 cum
327 2677 450 2757 viden‘t
474 2711 593 2757 rerum
616 2682 856 2757 humanarum
881 2687 1116 2774 confusiones,

132 2814 323 2884 regnorum
342 2789 523 2870 interitus,
550 2787 709 2880 gentium
725 2788 992 2880 dissipationes,
1016 2792 1116 2861 furo-

132 2920 189 2968 res
219 2892 448 2986 opinionum,
482 2891 598 2974 bella,
624 2891 852 2976 vastationes,
885 2891 1009 2962 vident
1033 2892 1116 2962 item

133 3000 172 3068 in
187 2995 337 3066 maxima
353 3005 450 3086 parte
464 2993 603 3081 generis
615 2987 765 3062 humani
776 2992 933 3082 extingui
949 2993 1117 3063 noticiam

12 3148 16 3154 ·
132 3099 209 3170 veri
224 3096 311 3183 Dei,
336 3096 440 3164 valde
454 3092 720 3175 excruciantur,
746 3109 781 3165 et
791 3109 895 3165 orant
911 3095 1042 3165 servari
1050 3094 1120 3166 Ec-

135 3201 289 3273 alesiam.
348 3194 399 3267 Hi
421 3218 543 3266 rursus
566 3195 752 3283 eriguntur
772 3197 1008 3287 promissione
1032 3221 1119 3266 con-

135 3305 329 3375 servandae
365 3294 554 3371 Ecclesiae.
619 3295 696 3368 Hac
733 3297 840 3369 erecti
878 3297 1120 3368 consolatione

139 3407 333 3487 laetantur,
367 3412 478 3489 agunt
500 3398 577 3468 Deo
599 3398 744 3486 gratias,
777 3413 810 3469 et
827 3400 965 3470 addunt
987 3413 1068 3470 vota
1086 3413 1121 3469 et

136 3504 297 3596 gemitus.
352 3499 403 3570 Ita
418 3499 456 3568 in
476 3497 545 3570 hoc
561 3496 702 3570 Psalmo
718 3500 865 3590 repetita
887 3501 1121 3591 promissione

138 3606 389 3686 describuntur
423 3625 483 3671 seu
513 3601 707 3670 recitantur
733 3601 889 3686 laeticia,
928 3604 1120 3693 gratiarum

139 3706 230 3781 actio
256 3719 290 3776 et
317 3704 482 3795 precatio.
537 3699 604 3774 Est
623 3717 739 3774 autem
764 3706 912 3793 repetita
935 3705 1121 3797 promissio

140 3823 181 3881 ut
203 3808 289 3877 alibi
321 3829 440 3896 saepe,
479 3819 518 3874 ut
547 3804 702 3878 Ecclesia
732 3807 892 3876 omnium
922 3820 1120 3896 temporum

140 3908 232 3982 hanc
256 3906 532 3978 consolationem
553 3919 684 3976 teneat:
718 3905 808 3977 Ecce
829 3930 893 3998 ego
914 3931 1040 3977 maneo
1060 3931 1123 3976 vo·

140 4013 276 4084 hiscum
303 4031 415 4102 usque
440 4010 484 4076 ad
507 4009 847 4077 consummationem
868 4009 989 4079 seculi.
1016 4006 1121 4079 Item:

139 4114 267 4185 Portae
283 4113 478 4182 inferorum
495 4132 568 4177 nou
583 4109 837 4200 praevalebunt
849 4111 1018 4180 adversus
1036 4132 1123 4182 eam.

130 4215 240 4301 Item,
265 4212 424 4308 quotidie
447 4210 573 4281 recitas
596 4210 634 4279 iu
657 4210 836 4305 symbolo:
862 4209 979 4283 Credo
999 4208 1123 4283 Eccle-

123 4319 225 4390 siam
245 4313 465 4389 catholicam.
529 4337 531 4341 ·

243 4449 386 4521 Primus
404 4473 526 4520 versus
545 4448 743 4541 propositio
758 4464 829 4537 est,
854 4449 984 4522 Laetor
1005 4464 1041 4520 et
1058 4472 1123 4540 ago

144 4548 272 4643 gratias
301 4551 378 4622 Deo
404 4576 470 4642 pro
495 4546 564 4623 hoc
595 4564 693 4621 tanto
724 4575 888 4637 munere,
923 4554 1018 4644 quod
1041 4576 1125 4643 pro-

143 4653 263 4722 missio
288 4653 332 4722 de
360 4653 628 4723 conservatione
651 4652 828 4726 Ecclesiae
850 4654 943 4724 edita
968 4668 1028 4725 est.
1073 4649 1124 4722 In

144 4749 291 4825 domum
315 4748 458 4823 domini
479 4750 638 4843 ibimus,
678 4761 781 4834 stant
805 4750 914 4852 pedes
942 4752 1062 4825 nostri
1085 4754 1125 4823 in

712 229 839 308 1>th
866 225 984 302 MEL.
1007 222 1219 301 SCRIPTA
1244 219 1544 301 nxsonrtcA.
1600 242 1603 251 “

2046 229 2130 305 1104

1156 395 1402 467 collectionem
1416 391 1596 466 Ecclesiae
1610 397 1656 467 ad
1672 395 1782 468 vitam
1799 411 1996 481 aeternam,
2019 412 2054 470 et
2066 401 2132 494 qni·

1157 500 1239 567 dem
1254 513 1294 568 ut
1311 512 1396 568 tunc
1411 499 1560 567 sonabat
1574 499 1783 590 promissio,
1808 502 1888 570 loeo
1906 516 2016 575 certo.

1260 598 1387 668 Portae
1403 598 1603 688 significant
1623 601 1758 670 curiam
1783 616 1817 671 et
1840 603 2132 692 gubernationem,

1158 714 1193 771 et
1219 695 1397 791 emphasis
1418 714 1471 771 est
1493 701 1531 770 in
1554 704 1663 772 verbo
1693 704 1830 789 standi,
1863 729 1957 796 quae
1980 706 2132 794 significat

1158 803 1400 872 assiduitatem
1421 816 1455 872 et
1477 802 1702 890 firmitatem,
1735 805 1837 897 quasi
1860 805 1979 891 dicat,
2021 809 2131 896 guber-

1159 905 1256 975 natio
1272 916 1325 975 est
1339 903 1492 988 assidua,
1518 904 1681 994 vigilans,
1705 905 1859 997 intenta,
1887 919 1923 976 et
1939 907 2010 977 erit
2025 931 2131 1000 perpe·

1159 1021 1230 1077 tua.
1282 1004 1430 1099 Reliqui
1446 1029 1567 1075 versus
1583 1030 1705 1076 omnes
1720 1021 1802 1078 suut
1819 1008 1997 1093 narratio,
2022 1033 2131 1101 propo-

1159 1109 1324 1178 sitionem
1342 1130 1521 1198 exponens
1536 1108 1744 1179 recitatione
1760 1133 1882 1179 earum
1899 1133 2037 1195 rerum,
2061 1134 2131 1204 quae

1160 1223 1244 1281 suut
1264 1209 1303 1277 in
1323 1203 1390 1278 hae
1413 1210 1679 1300 gubernatione.

1264 1309 1409 1381 Tertius
1442 1334 1564 1381 versus
1596 1312 1755 1406 quuitur
1784 1314 1829 1382 de
1864 1312 2084 1382 incremento
2107 1326 2133 1381 et

1161 1412 1350 1483 concordia
1378 1412 1540 1482 omnium
1564 1415 1754 1499 ordinum,
1791 1426 1826 1483 et
1853 1413 2037 1504 copulatio
2065 1437 2134 1482 eou-

1161 1514 1268 1584 cinna
1283 1527 1355 1603 est,
1381 1513 1464 1606 quia
1488 1513 1676 1606 praecipue
1695 1529 1855 1585 crescunt
1875 1515 1931 1583 illi
1951 1529 2087 1598 coetos,
2106 1514 2134 1582 in

1162 1615 1292 1710 quibus
1312 1628 1365 1685 est
1379 1616 1424 1684 de
1439 1616 1544 1686 rebus
1564 1616 1670 1686 bonis
1691 1639 1884 1686 consensus
1899 1631 1934 1687 et
1951 1615 2135 1688 concordia.

1164 1716 1344 1806 intelligas
1365 1727 1485 1786 autem·
1507 1717 1661 1807 primum
1685 1717 1912 1787 concordiam
1935 1717 2136 1800 docentium,

1163 1831 1281 1909 postea
1312 1830 1347 1888 ct
1380 1817 1531 1887 aliomm
1558 1819 1745 1904 ordinum,
1777 1819 1931 1900 ducum,
1968 1817 2137 1908 magistra·

1163 1935 1283 2005 tuum,
1315 1918 1490 2004 militum,
1522 1919 1667 2011 populi,
1705 1934 1738 1990 et
1771 1914 1809 1988 hi
1841 1942 1970 1988 omues
2000 1917 2137 2010 copulati

1163 2022 1305 2092 suntad
1324 2044 1436 2089 uuum
1454 2035 1576 2111 caput,
1602 2021 1767 2091 videlicet
1781 2021 1825 2088 ad
1840 2043 1967 2089 verum
1984 2017 2094 2091 Βευω
2106 2019 2136 2086 in

1163 2122 1345 2212 agnitione
1374 2120 1544 2203 Messias,
1591 2136 1625 2192 et
1655 2123 1694 2191 in
1729 2112 2027 2213 promissionibus
2054 2133 2137 2212 pate·

1164 2226 1317 2308 lactum,
1356 2225 1448 2294 sicut
1472 2236 1635 2314 precatur
1656 2223 1849 2294 Dominus:
1885 2219 1959 2292 Fac
1980 2235 2021 2294 ut
2039 2243 2134 2292 onon

1165 2326 1297 2396 sintin
1321 2325 1436 2424 nobis.

1266 2424 1425 2514 Quarttis
1448 2448 1570 2496 versus
1593 2447 1753 2516 expresse
1787 2425 1952 2519 loquitur
1976 2427 2022 2496 de
2051 2448 2135 2516 prae·

1165 2526 1271 2620 cipuo
1303 2550 1409 2617 opere
1447 2527 1486 2595 in
1516 2529 1667 2619 templo,
1706 2527 1837 2596 scilicet
1872 2529 1917 2596 de
1955 2527 2134 2597 ministerio
2174 2611 2176 2614 Ι

1166 2628 1349 2698 doctrinae
1363 2640 1397 2698 et
1410 2629 1527 2713 cultu,
1553 2640 1588 2697 et
1609 2630 1771 2698 adfirmat
1794 2641 1904 2698 totam
1920 2623 2016 2698 banc
2029 2624 2132 2698 Eccle-
2174 2631 2176 2670 ²

1167 2731 1254 2799 siam
1270 2730 1448 2819 alligatam
1472 2752 1547 2799 esse
1570 2731 1614 2799 ad
1639 2729 1874 2798 ministerium
1902 2730 2003 2799 illius
2024 2726 2133 2798 lociitt
2172 2730 2176 2815 ἔ

1168 2829 1377 2911 Ierusalem,
1400 2829 1463 2900 ubi
1488 2830 1663 2901 docebant
1679 2826 1890 2923 Prophetae.
1923 2822 2063 2899 Omnes
2084 2825 2133 2896 tri·
2172 2834 2176 2871 l

1169 2931 1237 3003 bus
1252 2926 1383 3001 Israi'l
1398 2926 1600 3002 ascendant
1615 2925 1672 2999 ad
1690 2924 1789 3000 haas
1813 2955 1928 2999 unam
1954 2927 2085 3010 locam,
2105 2932 2134 3002 ti.

1170 3031 1225 3104 ibi
1254 3026 1461 3124 testificatio
1491 3027 1583 3122 fiat,
1615 3034 1653 3101 id
1679 3049 1748 3118 est,
1780 3033 2068 3103 commemoratio
2085 3031 2133 3098 do-

1169 3134 1303 3206 ctrinae
1319 3137 1396 3218 liat,
1422 3149 1457 3206 et
1472 3133 1570 3204 Deus
1584 3147 1676 3203 recte
1690 3146 1901 3222 agnoscatur
1912 3147 1948 3203 et
1963 3133 2133 3203 celebretur
2171 3123 2176 3176 ’·

1170 3238 1229 3306 illa
1253 3236 1433 3320 doctrina,
1464 3260 1570 3329 quam
1591 3235 1666 3326 ipse
1687 3235 1854 3320 tradidit,
1886 3249 1921 3305 et
1945 3234 2005 3304 cui
2029 3229 2132 3302 tribuit

1170 3337 1321 3409 illustria
1338 3337 1551 3411 testimonia.

1273 3437 1432 3526 Quintus
1446 3461 1566 3509 versus
1582 3439 1732 3508 affirmat
1759 3433 1842 3507 huic
1863 3436 1944 3505 loco
1968 3434 2134 3526 promissos

1172 3563 1245 3610 esse
1260 3542 1441 3624 doctores,
1466 3553 1500 3610 et
1523 3563 1689 3627 regnum,
1717 3540 1808 3608 sicut
1828 3538 1867 3605 in
1891 3538 2013 3627 priore
2033 3539 2074 3605 de
2087 3556 2135 3602 au·

1171 3641 1346 3712 ditoribus
1367 3642 1506 3711 locutus
1528 3655 1591 3717 est.
1622 3636 1756 3711 Sedent
1776 3633 1897 3725 sedes,
1921 3639 1962 3706 id
1987 3650 2055 3717 est,
2077 3657 2136 3703 ma·

1171 3756 1259 3813 nent
1278 3744 1389 3816 sed‘es.
1422 3738 1473 3810 In
1489 3737 1645 3823 iudicio,
1668 3743 1706 3810 id
1729 3755 1799 3824 est,
1825 3741 1863 3807 in
1888 3740 2057 3809 omnibus
2074 3734 2136 3804 oili-

1171 3846 1234 3914 ciis
1255 3844 1531 3933 gubernationis.
1572 3838 1683 3914 Sedes
1701 3837 1831 3913 domus
1846 3834 2002 3925 David,
2034 3838 2067 3906 id
2088 3846 2135 3911 est.

1170 3943 1302 4017 Davidi
1325 3945 1414 4015 iacta
1447 3960 1499 4017 cst
1527 3945 1734 4037 promissio,
1774 3943 1825 4013 ibi
1849 3954 1885 4012 et
1919 3940 2089 4031 templum
2112 3945 2137 4002 et

1172 4068 1319 4134 regnum
1343 4070 1548 4117 mansurum
1570 4070 1645 4116 esse
1660 4047 1773 4115 donee
1787 4044 1907 4112 veniet
1922 4036 2038 4111 Siloh.
2077 4032 2136 4106 Etsi

1171 4149 1267 4219 enim
1291 4169 1394 4240 saepe
1416 4149 1455 4217 in
1477 4149 1610 4239 templo
1633 4169 1759 4236 magna
1783 4144 1980 4215 multitudo
2003 4140 2070 4211 tuit
2087 4134 2137 4229 hy·

1171 4250 1408 4342 pocritarum,
1442 4263 1560 4319 tamen
1581 4247 1678 4318 Deus
1698 4270 1819 4318 semen
1842 4258 2003 4314 sanctum
2018 4260 2137 4311 conset·

1173 4352 1287 4447 vavit,
1321 4364 1360 4420 ut
1388 4349 1592 4435 ieremiam,
1615 4347 1819 4433 Danielem,
1844 4340 2074 4427 Zachariam,
2096 4338 2138 4411 si-

1172 4476 1334 4523 meonem
1371 4467 1408 4523 et
1447 4452 1598 4535 similes,
1642 4449 1865 4521 conservavit
1901 4459 1938 4517 et
1982 4443 2137 4536 politiam

1173 4554 1312 4627 etiamsi
1327 4556 1371 4622 ad
1386 4567 1581 4624 extremum
1597 4576 1761 4643 oppressa
1778 4552 1846 4622 fuit
1861 4547 2046 4619 servitute.

1276 4654 1403 4726 Sextus
1418 4678 1541 4725 versus
1557 4667 1780 4746 praeceptum
1799 4665 1869 4735 est,
1895 4661 1935 4719 ut
1959 4649 2020 4718 liat
2040 4663 2141 4737 preca·

1173 4757 1224 4828 tio
1246 4780 1311 4848 pro
1334 4755 1508 4842 Ecclesia,
1540 4769 1574 4826 et
1595 4755 1714 4825 addita
1741 4766 1794 4824 est
1815 4749 2024 4844 promissio,
2047 4746 2141 4816 Deum

100 4941 104 4946 Ι
142 4856 260 4951 portis
296 4853 370 4925 tuis
398 4849 616 4926 Ierusalem.
663 4855 840 4928 Adfirmat
871 4858 908 4926 in
934 4854 1124 4926 Ierusalem
1174 4861 1439 4930 benefacturum
1456 4881 1529 4929 esse
1543 4853 1675 4949 hisqui
1691 4856 1863 4946 diligunt,
1888 4854 2031 4936 fovent,
2057 4863 2141 4919 tuen·

144 4957 316 5046 templum
335 4954 422 5042 Dei,
447 4971 482 5027 et
508 4982 631 5028 verum
653 4958 890 5028 ministerium
916 4961 1127 5029 futurumst
1175 4974 1234 5031 tur
1248 4958 1462 5042 Ecclesiam,
1489 4961 1580 5030 sicut
1601 4957 1720 5051 inquit
1741 4956 1936 5026 Dominus:
1965 4951 2040 5040 Qui
2054 4949 2142 5020 dedc-

144 5081 351 5127 mansurum
381 5081 454 5127 esse
475 5060 643 5130 omnibus
666 5061 903 5151 temporibus,
928 5062 1042 5130 donec
1065 5084 1126 5128 ve·
1175 5063 1222 5132 rit
1235 5075 1359 5153 potum
1374 5086 1486 5156 aquae
1501 5061 1651 5152 trigidae
1669 5060 1735 5130 uni
1756 5082 1799 5127 ex
1820 5055 1982 5125 minimis
2002 5067 2142 5122 meorum

145 5159 219 5229 niet
243 5153 358 5231 Siloh.
418 5157 493 5228 Iam
518 5161 630 5250 cogita
656 5185 762 5254 quam
786 5162 904 5252 dulcis
931 5162 1126 5233 consolatio
1177 5179 1321 5255 propter
1349 5164 1569 5247 doctrinam,
1605 5156 1751 5231 habebit
1782 5158 1994 5229 mercedem.
2045 5150 2090 5224 Et
2109 5148 2143 5218 ad

146 5262 191 5332 sit
208 5261 286 5352 piae
301 5261 412 5331 menti
433 5259 539 5346 scire,
565 5275 660 5331 certo
684 5285 887 5333 mansuram
910 5286 984 5334 esse
1006 5263 1125 5334 veram
1175 5261 1360 5336 Abraham
1382 5266 1483 5354 dicit:
1520 5263 1734 5334 Benedicam
1765 5257 2062 5330 benedicentibus
2082 5248 2143 5332 tibi,

145 5362 365 5451 doctrinam,
393 5362 610 5466 agnitionem
632 5375 668 5434 et
692 5362 952 5437 invocationem
976 5362 1064 5452 Dei,
1092 5379 1127 5438 et
1175 5380 1210 5438 et
1224 5358 1430 5438 maledicam
1449 5366 1742 5439 maledicentibus
1758 5362 1833 5435 tihi.
1868 5358 1976 5432 Item:
2003 5357 2144 5429 Primum
