4538 5754
67 283 140 360 ns
693 279 769 358 tv.
817 278 1094 356 nannetem
1120 277 1463 358 numeneus.
2019 248 2094 362 us

66 457 208 529 ducitur
231 469 493 546 argumentum.
546 451 751 523 Videndum
777 470 828 524 est
851 425 988 539 autem,
1013 466 1052 525 ut
1105 454 1276 546 proximis
1298 452 1404 522 annis
1436 452 1474 519 in
1504 451 1581 541 ipso
1605 447 1820 524 Germaniae
1849 456 1968 542 aditu,
1998 472 2033 529 et
2054 460 2094 529 io

66 559 161 631 sitin
175 559 381 654 syllogismo
395 559 489 627 bona
508 555 769 649 consequentia.
814 553 906 626 Cum
922 556 1052 624 similia
1105 569 1291 645 conspectu
1318 566 1434 624 vestro
1465 567 1714 636 exercuerunt,
1753 557 1925 650 vobisque
1957 560 2092 631 bellum

64 660 281 742 afferuntur,
308 660 502 729 videndum
525 669 575 727 est
584 702 600 742 5
624 669 664 726 ut
686 657 935 727 similitudinis
957 657 1052 727 eius·
1103 657 1378 738 denunciantes,
1421 654 1567 725 exitium
1604 677 1645 723 ac
1679 657 1877 727 vastitatem
1907 660 2093 731 universae

64 765 146 832 dem
160 785 286 832 causae
309 762 390 833 sint.
442 757 610 829 irenaeus
631 758 811 849 eleganter
832 759 940 844 dixit,
966 754 1051 827 hae·
1104 755 1336 840 Germaniae,
1370 752 1454 825 huic
1477 755 1629 846 imperio
1657 767 1764 848 atque
1791 759 1961 850 religioni
1984 758 2092 831 Chri-

63 864 255 934 reticorum
273 874 479 951 argumenta
496 885 571 930 non
587 860 697 948 magis
714 855 918 944 cohaerere,
944 881 1050 952 quam
1102 859 1237 928 stianae
1253 858 1455 941 interitum,
1482 857 1606 926 vestris
1619 855 1743 926 liberis
1758 872 1864 951 atque
1879 860 2092 951 coniugibus

63 966 92 1034 si
107 965 189 1054 quis
206 965 294 1034 velit
311 965 432 1032 funem
448 966 611 1032 dearena
627 975 776 1030 nectere.
822 960 929 1030 Tales
945 975 1051 1032 erunt
1101 960 1337 1030 miserrimam
1356 958 1561 1028 servitutem
1578 957 1706 1029 minati
1721 971 1816 1035 sunt.

63 1067 101 1137 in
118 1062 188 1135 boc
203 1088 331 1156 genere
347 1065 653 1146 ratiocinationes,
676 1063 707 1131 si
723 1086 797 1131 non
816 1062 923 1132 luerit
946 1056 1051 1130 adhi-
1098 1052 1099 1057 ’
1148 1083 1151 1086 ·
1203 1062 1292 1133 Loci
1308 1074 1597 1149 argumentorum
1615 1073 1684 1130 tres
1701 1072 1802 1131 sunt:

62 1167 136 1237 bita
154 1168 351 1250 dialectiea,
377 1190 467 1257 quae
484 1166 629 1247 indicat,
654 1178 773 1234 utrum
793 1167 949 1234 membra
964 1187 1049 1232 con·
1253 1156 1465 1234 Honestum.
1709 1165 1712 1172 '

63 1269 237 1352 sentiant,
261 1281 383 1338 utrum
399 1268 496 1336 eliud
513 1291 553 1336 ex
569 1267 640 1335 alio
659 1266 855 1335 necessario
873 1260 1049 1358 sequatur,
1255 1262 1362 1337 Utile.

62 1384 102 1440 ut
120 1370 294 1459 scriptum
321 1381 387 1438 est:
425 1364 516 1439 Ecce
540 1370 611 1437 duo
636 1365 744 1454 gladii
770 1362 841 1437 hic.
895 1365 1048 1456 lgitura
1253 1363 1382 1437 Facile.
1962 1435 1963 1440 ἵ

62 1470 230 1561 pontifice
246 1492 385 1540 necesse
401 1481 474 1552 est,
499 1492 621 1539 omnes
638 1490 736 1558 reges
750 1468 906 1559 accipere
928 1472 1076 1556 regnal
1131 1489 1136 1499 ·
1205 1465 1246 1534 ln
1271 1460 1328 1534 bis
1351 1459 1688 1555 comprehendimus
1711 1468 1816 1537 etiam
1851 1471 2089 1542 necessarium

62 1569 160 1642 Haec
187 1595 260 1641 non
285 1570 480 1640 necessario
503 1565 714 1649 cohaerent,
754 1570 815 1639 sed
834 1569 975 1640 infinita
989 1594 1050 1638 ex·
1074 1543 1078 1669 l
1101 1583 1135 1639 et
1151 1568 1337 1659 possibile,
1365 1566 1428 1658 qui
1442 1567 1524 1635 ideo
1547 1567 1879 1657 praetermittuntur
1901 1572 1940 1639 in
1963 1576 2089 1662 vulga·

63 1674 178 1764 empla
198 1671 356 1764 quotidie
372 1672 496 1742 offeret
511 1694 606 1741 usus.
1074 1672 1078 1769 Ι
1100 1671 1200 1739 ribus
1215 1669 1426 1762 praeceptis,
1453 1669 1536 1761 quia
1552 1668 1722 1739 videntur
1737 1693 1810 1740 esse
1830 1668 1995 1763 ἄτεχνοι,
2023 1698 2088 1744 nec

164 1766 391 1841 Translatio
416 1775 557 1865 proprie
581 1787 652 1858 est,
677 1775 772 1866 quod
799 1771 1049 1844 Iurisconsulti
1074 1780 1078 1905 q
1100 1772 1261 1859 indigere
1291 1769 1481 1842 monitore.
1529 1767 1620 1838 Nam
1654 1771 1888 1861 impossibilia
1919 1798 1993 1843 non
2027 1798 2089 1844 ve-

61 1889 191 1943 vocant
215 1875 475 1965 exceptionem,
512 1898 592 1943 cum
628 1900 701 1945 non
736 1877 972 1965 respondetur
1003 1875 1048 1941 ad
1075 1911 1077 1924 =
1100 1875 1207 1942 niunt
1229 1872 1267 1939 in
1293 1869 1598 1943 deliberationem.
1658 1871 1852 1942 Necessitas
1873 1889 1990 1944 autem
2012 1901 2086 1946 non

62 2000 159 2059 rem,
184 1976 243 2043 sed
261 1974 456 2067 opponitur
473 1974 631 2065 exceptio
648 1976 785 2069 aliqua,
809 1989 848 2045 ut
863 1977 958 2068 qnod
975 1997 1050 2043 non
1074 1930 1078 2067 Ι
1100 1974 1215 2043 solum
1240 1972 1445 2043 dubitantes
1469 1968 1650 2055 hortatur,
1685 1975 1744 2042 sed
1771 1975 1865 2063 cogit
1892 1976 1997 2045 etiam
2027 1979 2086 2046 in·

62 2090 223 2168 oporteat
237 2101 294 2144 me
312 2100 429 2145 coram
447 2072 641 2146 hociudice
655 2078 935 2160 catrsamdicere,
953 2077 1048 2168 qnod
1074 2072 1078 2179 l
1100 2074 1203 2149 vitos.
1263 2071 1394 2142 Verum
1416 2070 1500 2164 quia
1523 2066 1562 2139 hi
1587 2074 1658 2144 duo
1682 2074 1772 2153 loci,
1805 2077 1985 2147 interdum
2012 2103 2087 2150 non

61 2178 264 2247 adversario
279 2200 352 2246 non
368 2177 494 2246 debeat
510 2177 588 2245 dari
605 2179 710 2251 actio.
745 2176 800 2247 De
816 2173 884 2246 hac
899 2200 937 2245 re
952 2199 1048 2244 nunc
1100 2174 1371 2266 conspiciuntur
1385 2173 1617 2242 abomnibus.
1644 2172 1728 2243 ldeo
1744 2176 1782 2244 in
1798 2190 1873 2247 arte
1888 2180 2085 2250 admonen-

60 2279 285 2371 praecipiunt
304 2277 569 2359 Iurisconsulti,
596 2282 741 2370 quando
766 2279 878 2369 prosit
900 2301 1048 2368 respon·
1099 2278 1137 2345 di
1160 2289 1243 2346 sunt
1269 2272 1437 2354 studiosi,
1470 2286 1511 2343 ut
1535 2290 1707 2367 quaerant
1729 2300 1789 2345 eos
1818 2277 1857 2347 in
1881 2280 2012 2366 causis,
2046 2305 2087 2352 ac

61 2382 146 2450 dere
167 2381 335 2458 adrem,
381 2380 525 2471 quando
552 2401 625 2447 non
651 2381 773 2472 prosit.
833 2379 1047 2471 Quanquam
1099 2378 1284 2469 proterant
1304 2376 1342 2443 in
1367 2375 1503 2459 lucem,
1532 2388 1568 2444 et
1590 2377 1748 2446 dicendo,
1766 2378 1963 2466 illustrent,
1989 2397 2029 2454 ut
2053 2383 2085 2453 si
2145 2371 2152 2381 ’

61 2495 180 2553 auteur
208 2477 295 2550 baec
321 2477 494 2551 rhetorica
522 2503 595 2547 non
622 2481 746 2569 collegi
781 2480 970 2572 praecipue
1003 2481 1047 2547 ad
1099 2479 1179 2572 quis
1193 2479 1237 2548 de
1255 2477 1382 2547 studiis
1398 2476 1581 2546 literarum
1596 2478 1699 2562 dicet,
1724 2502 1798 2549 non
1814 2495 1951 2553 tantum
1966 2499 2086 2555 osten·
2195 2461 2210 2480 .

60 2607 163 2654 usum
182 2582 378 2666 sorensem,
403 2595 521 2651 tamen
536 2583 679 2668 prodest
692 2577 799 2652 buius
817 2595 928 2652 status
947 2604 1049 2649 meu·
1099 2582 1175 2666 det,
1201 2603 1307 2672 quam
1331 2579 1403 2648 sint
1426 2574 1592 2663 honesta,
1625 2592 1802 2674 quamque
1823 2584 1943 2669 utilia,
1972 2588 2033 2655 sed
2054 2587 2085 2656 si

61 2685 195 2755 tionem
211 2683 345 2765 lacere,
366 2696 407 2753 ut
423 2684 683 2753 admoneantur
697 2684 958 2764 adolescentes,
975 2705 1048 2749 non
1099 2694 1192 2753 recte
1215 2680 1453 2750 considerabit
1480 2702 1535 2748 res
1559 2676 1756 2767 humanas,
1792 2683 1951 2756 inveniet
1977 2687 2084 2759 etiarn

62 2772 201 2877 semper
217 2788 260 2853 de
278 2808 315 2853 re
331 2786 619 2875 respondendum
637 2806 721 2854 esse.
757 2783 826 2854 Sed
842 2785 1049 2875 ubicunque
1099 2783 1331 2852 necessariam
1355 2803 1429 2849 esse
1447 2781 1630 2851 literarum
1658 2785 1864 2871 scientiam,
1896 2787 1979 2879 quia
2006 2790 2084 2858 sine

61 2888 135 2957 fieri
157 2897 292 2978 potest,
330 2897 405 2954 arte
426 2885 634 2973 fugiendum
660 2906 734 2954 esse
755 2885 879 2955 iudicii
908 2885 1049 2975 pericu·
1099 2884 1261 2954 doctrina
1281 2883 1464 2971 religionis
1488 2897 1523 2951 et
1545 2883 1680 2971 legum,
1707 2910 1780 2955 non
1805 2903 1953 2977 possunt
1971 2891 2084 2960 teneri

60 2990 147 3058 lum.
199 2985 363 3056 Profecto
382 2987 476 3054 enim
493 2987 671 3077 sapienter
691 2987 826 3055 dictum
847 2999 899 3056 est
920 2987 966 3054 ab
979 2982 1048 3054 Al·
1099 2985 1328 3075 respublicae,
1345 3007 1460 3076 neque
1476 2977 1562 3052 haec
1578 2985 1693 3054 civilis
1708 2988 1855 3056 societas
1870 2989 1953 3060 coli.
1978 2989 2082 3061 'Haec

61 3088 216 3172 cibiade,
248 3088 514 3156 necimmerito
537 3087 625 3158 abiit
649 3089 686 3155 in
712 3086 940 3178 proverbium
966 3081 1049 3167 ἐξὸν
1099 3086 1305 3166 necessitas,
1328 3086 1410 3179 quia
1426 3108 1500 3153 non
1516 3085 1728 3176 intelligitur
1743 3087 1788 3157 ab
1804 3088 1976 3176 indoctis,
2001 3116 2083 3162 ora·
2194 3150 2204 3159 ,

60 3182 195 3286 odysev
203 3240 215 3273 ,
240 3183 294 3280 μὴ
307 3181 403 3282 ζήτει
418 3183 538 3282 dimo.
1098 3189 1195 3260 tione
1210 3186 1450 3279 patefacienda
1465 3200 1527 3260 est.

1202 3287 1405 3359 Nascuntur
1428 3301 1544 3358 autem
1566 3282 1607 3356 hi
1627 3290 1711 3360 loci:
1744 3287 1952 3381 honestum,
1983 3297 2084 3382 utile,
2115 3328 2125 3339 ’

298 3361 359 3431 De
384 3380 525 3455 dmm
549 3357 809 3463 ‘willemum
1072 3430 1076 3508 p
1098 3404 1133 3461 et
1148 3391 1268 3476 facile,
1293 3392 1331 3459 in
1347 3390 1435 3460 locis
1451 3390 1657 3462 dialecticis:
1684 3395 1933 3466 definitionum
1950 3412 1984 3469 et
1999 3423 2082 3469 cau·

160 3494 288 3567 Genus
310 3497 583 3567 deliberativum
611 3511 771 3568 versatur
799 3498 837 3565 in
865 3498 1047 3566 suadendo
1097 3516 1229 3562 sarum.
1287 3491 1358 3562 Sed
1388 3491 1469 3584 quia
1497 3492 1577 3560 linis
1601 3509 1652 3565 est
1674 3496 1786 3582 actio,
1818 3522 1892 3566 non
1916 3500 2084 3589 cognitio,
2147 3520 2150 3524 ’

60 3622 96 3667 ac
117 3599 376 3683 dissuadendo,
404 3593 628 3667 adhortando
653 3613 689 3670 et
712 3594 956 3683 dehortando,
986 3622 1048 3688 pe·
1097 3594 1243 3663 nomina
1258 3586 1392 3664 babent
1407 3617 1426 3661 a
1444 3592 1533 3678 fine,
1554 3606 1595 3663 ut
1608 3596 1748 3666 'animos
1763 3600 1805 3667 ad
1822 3586 1998 3689 agendum
2013 3603 2083 3670 im·

60 3701 187 3783 tendo,
215 3704 410 3789 precando,
430 3699 667 3781 consolando,
691 3715 727 3769 et
745 3701 921 3770 similibus
938 3722 1047 3788 nego-
1097 3696 1241 3786 pellant.
1294 3691 1502 3785 Expetimus
1517 3696 1612 3764 enim
1631 3698 1745 3778 bona,
1770 3701 1825 3768 vel
1842 3695 2001 3789 honesta,
2024 3703 2080 3773 vel

60 3802 133 3885 ciis,
158 3801 224 3870 ubi
239 3801 321 3876 linis
336 3816 475 3871 estnon
491 3801 666 3888 cognitio,
692 3805 752 3871 sed
771 3817 908 3893 praeter
922 3802 1045 3890 cogni·
1097 3796 1218 3880 utilia,
1243 3796 1273 3865 si
1289 3811 1409 3866 tamen
1424 3797 1592 3890 consequi
1609 3820 1805 3888 possumus.

59 3904 192 3972 tionem
223 3904 315 3971 actio
331 3903 458 3995 aliqua.
510 3899 629 3972 Huius
645 3903 783 3993 generis
807 3903 910 3996 plura
929 3925 1047 3972 mem·
1200 3895 1376 3968 Honestas
1405 3911 1522 3968 autem
1546 3899 1701 3970 sumitur
1721 3925 1762 3971 ex
1788 3904 1927 3995 legibus
1950 3907 2082 3977 divinis

59 4005 113 4093 pla
131 4003 371 4095 reperiuntur.
421 4000 469 4074 Et
485 4003 662 4094 plurimae
679 4007 885 4075 scribuntur
900 4000 1047 4095 Episto·
1097 3996 1283 4085 humanis,
1321 4004 1481 4093 adeoque
1516 4024 1557 4070 ex
1593 4002 1766 4074 virtutum
1800 4008 2078 4079 delinitionibus.

58 4104 110 4174 lae
126 4098 288 4198 quotidie
304 4104 423 4196 pueris
444 4105 481 4173 in
497 4101 564 4174 boc
582 4126 727 4194 genere,
750 4113 831 4176 cum
855 4107 900 4175 ab
923 4106 1047 4175 amicis
1096 4100 1281 4172 Pertinent
1297 4117 1415 4172 autem
1429 4102 1521 4191 leges
1537 4104 1580 4171 ad
1600 4128 1739 4176 causam
1753 4108 1972 4178 efficientem.
1997 4109 2080 4180 Mo·

57 4207 193 4301 aliquid
211 4220 347 4296 petunt.
388 4201 392 4208 ’
1096 4217 1181 4273 vent
1199 4205 1293 4272 enim
1310 4198 1497 4273 hominum
1517 4204 1718 4277 voluntates
1731 4212 1775 4277 ad
1793 4212 1980 4299 agendum.
2006 4206 2081 4282 Eo-

158 4303 316 4376 Esordia
334 4308 423 4376 liunt
440 4306 478 4375 in
493 4307 573 4377 aliis
589 4307 716 4380 causis.
1097 4306 1178 4373 dem
1197 4319 1231 4376 et
1246 4306 1417 4377 virtutum
1434 4305 1660 4378 definitiones
1677 4311 1876 4400 pertinent,
1901 4334 1980 4380 cum
1999 4339 2081 4384 vere

157 4407 372 4479 Narratione
388 4408 541 4495 utimur,
567 4432 648 4478 cum
665 4432 720 4478 res
736 4407 858 4498 poscit.
913 4406 1045 4479 Verum
1096 4407 1166 4475 sint
1180 4405 1284 4495 leges.
1335 4403 1427 4478 Cum
1443 4407 1552 4497 igitur
1567 4405 1731 4479 honestas
1744 4425 1906 4482 sumatur
1928 4437 1970 4482 ex
1993 4416 2081 4508 legi-

59 4511 95 4579 in
118 4505 191 4579 hoc
213 4532 340 4598 genere
362 4532 464 4602 saepe
487 4509 633 4590 accidit,
667 4524 706 4581 ut
729 4504 821 4578 nihil
844 4505 962 4581 adhuc
985 4534 1045 4601 ge·
1095 4508 1164 4578 bus
1195 4522 1230 4578 et
1258 4514 1384 4579 natura
1416 4509 1611 4596 virtutum,
1644 4525 1783 4602 oportet
1806 4509 1890 4600 hos,
1925 4518 1986 4609 qui
2012 4514 2081 4589 hoc

59 4626 150 4681 stum
171 4607 253 4694 sit,
271 4613 367 4704 quod
391 4634 537 4680 narrare
560 4634 701 4680 necesse
725 4612 782 4680 sit.
840 4608 1043 4703 Propositio
1095 4631 1206 4698 genus
1240 4624 1320 4702 apte
1349 4623 1498 4681 tractare
1531 4612 1668 4696 volent,
1709 4613 1797 4685 locis
1827 4622 2078 4691 communibus

58 4713 218 4807 sequitur
232 4712 491 4797 narrationem,
517 4725 552 4782 et
569 4736 649 4782 cum
665 4713 761 4782 deest
777 4715 946 4799 narratio,
969 4714 1044 4784 sola
1094 4713 1236 4802 copiose
1265 4713 1457 4783 instructos
1487 4735 1579 4793 esse,
1628 4726 1668 4782 ut
1697 4738 1778 4785 cum
1808 4713 2079 4792 adhortabimur

13 4861 17 4868 ,
58 4814 301 4906 propositione
314 4815 460 4886 utimur.
501 4812 693 4884 Nouenim
712 4807 829 4884 omitti
846 4815 1044 4911 propositio
1095 4813 1274 4906 principes
1289 4816 1334 4883 ad
1350 4813 1613 4905 suscipiendum
1639 4815 1770 4886 bellum
1795 4833 1917 4892 contra
1933 4822 2081 4896 Turcas.

59 4917 187 4985 ullain
207 4939 309 4985 eausa
332 4927 458 5007 potest.
511 4911 564 4985 Ac
583 4916 814 5007 plerumque,
838 4931 878 4988 ut
899 4917 944 4986 sit
967 4918 1045 5007 ple·
1094 4914 1257 4985 Primum
1284 4919 1327 4985 de
1353 4911 1537 4984 honestate
1563 4917 1716 5005 docendi
1745 4937 1846 5007 sunt,
1880 4927 2082 4998 recitandae

60 5018 141 5086 nior
156 5039 286 5102 sonus,
309 5016 505 5106 propositio
520 5041 600 5086 cnm
623 5017 896 5108 amplificatione
920 5019 1045 5090 recita-
1093 5018 1289 5087 sententiae
1306 5040 1346 5085 er
1361 5017 1468 5086 sacris
1491 5017 1622 5104 literis,
1649 5045 1737 5114 quae
1759 5026 1980 5116 praecipiunt
2004 5055 2080 5101 ma·

58 5131 133 5200 tur,
159 5131 216 5188 ut:
250 5117 399 5188 Nullum
421 5119 554 5188 bellum
576 5132 638 5189 aut
662 5113 772 5208 magis
800 5120 1044 5207 necessarium,
1093 5119 1298 5206 gistratibus
1330 5119 1423 5188 tueri
1451 5120 1628 5206 subditos,
1669 5126 1845 5215 depellere
1879 5129 2078 5203 latrocinia.

59 5233 117 5289 aut
142 5220 256 5310 magis
282 5219 403 5311 pium,
442 5233 503 5288 aut
534 5221 647 5308 magis
673 5245 693 5288 e
719 5220 891 5310 dignitate
917 5237 1044 5308 vestra,
1093 5217 1320 5291 Confutanda
1344 5233 1395 5291 est
1419 5223 1661 5309 superstitiosa
1686 5230 1911 5318 quorundam
1936 5256 2080 5323 persua-

58 5317 242 5411 Principes
255 5321 432 5411 suscipere
449 5321 604 5412 potestis,
621 5345 725 5415 quam
744 5316 961 5393 bochellum
977 5327 1042 5394 ad·
1091 5322 1158 5405 sio,
1184 5321 1245 5415 qui
1262 5336 1387 5412 putant
1401 5319 1604 5394 Christiano
1620 5349 1694 5395 non
1711 5328 1817 5398 licere
1831 5330 1996 5413 militare,
2017 5347 2080 5403 aut

57 5445 177 5493 versus
192 5420 342 5507 Turcas,
367 5422 430 5516 qui
442 5422 726 5494 crudelissimum
740 5420 1042 5497 latrociniumhis
1092 5423 1185 5495 bella
1203 5446 1334 5514 gerere.
1385 5421 1483 5497 Haec
1500 5426 1695 5522 disputatio
1708 5450 1793 5499 non
1808 5431 2009 5517 erigerem
2029 5433 2106 5496 bo-
2162 5474 2164 5476 ψ
