4538 5754
66 237 141 325 dli

165 507 346 599 Mitigatio
362 532 505 599 poenas.
554 507 683 580 Daniel
698 509 797 581 iubet
819 532 935 599 regem
951 530 1054 598 agere

61 609 331 704 poenitentiam.
381 610 478 700 Ergo
491 611 786 682 comminationes
800 611 956 702 mitigari
971 634 1052 702 pos-

61 725 167 798 sunt,
194 726 236 783 ut
250 725 398 783 testatur
410 713 609 804 exemplum
626 711 786 783 Ninives.
820 709 868 782 Et
882 715 1053 805 scriptum

62 829 131 885 est:
160 812 252 883 Vivo
278 836 362 903 ego,
396 814 481 884 nolo
512 827 661 883 mortem
686 814 896 906 peccatoris,
926 816 986 882 sed
1013 825 1054 883 ut

61 928 289 986 convertatur
312 930 346 986 et
375 914 481 985 vivat.
541 913 614 985 Nec
644 928 728 986 suut
753 912 823 986 huc
854 916 1054 985 afferendae

61 1018 321 1109 disputationes
338 1018 507 1086 destoico
521 1019 606 1087 fato.

122 1319 129 1330 ,
164 1250 302 1321 Concio
326 1252 371 1320 de
392 1251 629 1341 poenitentia:
656 1250 785 1323 Libera
811 1266 845 1323 te
867 1253 1053 1344 apeccatis

60 1375 124 1445 per
141 1353 318 1423 iusticiam
336 1367 371 1423 et
387 1353 554 1422 beneficia
580 1376 660 1443 erga
685 1378 889 1446 oppressos,
916 1351 962 1424 Et
985 1355 1052 1426 erit

61 1454 315 1544 longanimitas
337 1456 380 1523 ad
408 1468 506 1523 tuam
536 1455 703 1542 salntem,
736 1457 792 1525 vel
823 1457 889 1526 erit
916 1457 1051 1529 sanatio

59 1555 275 1626 delictorum
293 1568 449 1627 tuorum.
1034 1639 1038 1647 .

161 1654 260 1726 Haec
276 1657 400 1726 coucio
422 1669 613 1749 utrumque
630 1655 892 1746 complectitur,
918 1654 1052 1725 doctri-

59 1779 145 1825 nam
162 1758 407 1837 contritionis,
434 1758 565 1826 scilicet
581 1760 704 1846 legem,
732 1781 823 1850 quae
838 1757 954 1845 arguit
971 1780 1051 1847 pec-

59 1871 157 1944 cata,
178 1871 213 1929 et
228 1859 499 1951 promissionem
517 1859 649 1948 gratiae
664 1883 726 1929 seu
743 1858 1013 1928 absolutionem.

522 1989 585 2065 Vi.

165 2088 438 2178 Testimonium,
460 2094 555 2186 quod
566 2091 800 2181 Evangelium
817 2094 991 2185 pertineat
1006 2095 1049 2163 ad

62 2193 210 2265 Gentes.
256 2193 359 2279 ltem,
385 2196 429 2264 de
444 2195 607 2264 libertate
623 2195 840 2283 evangelica,
867 2197 961 2287 quod
975 2196 1051 2265 cul-

60 2310 117 2367 tus
134 2295 223 2386 legis
241 2321 314 2366 non
329 2296 464 2367 fuerint
476 2296 665 2402 necessarii
684 2300 729 2364 ad
748 2297 910 2386 gratiam.

160 2528 253 2602 Cum
277 2527 337 2601 bic
365 2534 525 2601 tradatur
554 2531 761 2622 promissio,
794 2528 875 2602 Erit
902 2536 1050 2620 sanatio,

58 2633 259 2703 necessario
274 2634 435 2724 sequitur
449 2633 584 2725 requiri
601 2634 717 2701 tidem.
765 2630 885 2721 Quare
900 2659 973 2705 non
990 2637 1049 2704 in-

57 2735 225 2824 telligunt
248 2734 317 2804 hoc
338 2734 494 2814 dictum,
527 2734 591 2827 qui
613 2737 828 2827 detorquent
840 2749 963 2807 contra
982 2740 1050 2808 do·

59 2836 212 2906 ctriuam
229 2836 371 2907 deiide.

506 2949 608 3025 Vlll.

159 3049 253 3124 Cum
269 3050 357 3123 fides
381 3076 454 3122 non
478 3053 614 3123 nitatur
634 3043 754 3124 nostra
772 3055 960 3145 dignitate,
986 3060 1046 3127 sed

59 3154 243 3227 intueatur
257 3155 541 3246 promissionem,
567 3178 706 3225 necesse
721 3170 772 3226 est
784 3159 949 3250 intelligi,
968 3158 1049 3247 gra-

59 3257 186 3328 tuitam
201 3279 279 3325 esse
296 3256 553 3330 remissionem.

521 3371 585 3444 tx.

159 3473 234 3546 Nec
257 3473 341 3545 satis
364 3485 416 3543 est
440 3473 594 3564 intelligi
619 3476 753 3544 dictum
777 3478 822 3545 de
840 3481 1048 3552 remissione

58 3600 195 3668 poenae
218 3575 442 3667 temporalis,
475 3577 559 3669 quia
588 3599 721 3667 poenae
744 3601 817 3646 non
840 3582 1048 3670 mitigantur

58 3682 136 3750 sine
161 3702 244 3748 vera
266 3679 483 3767 poenitentia
500 3694 533 3749 et
557 3679 764 3747 remissione
780 3681 918 3773 eulpae.
962 3685 1047 3756 ideo

58 3783 158 3873 prius
174 3775 233 3848 hic
249 3778 469 3867 intelligatur
485 3779 645 3848 remissio
661 3781 796 3872 culpae.

532 3911 578 3985 X.

160 4011 246 4082 Post
267 4009 475 4081 concionem
497 4014 704 4083 conceditur
721 4014 949 4092 intervallum
973 4026 1046 4115 regi

57 4117 101 4186 ad
118 4114 375 4208 poenitentiam
396 4123 492 4184 totus
508 4138 642 4198 annus,
667 4118 728 4184 sed
747 4135 893 4190 manent
914 4128 1047 4196 securi.

58 4231 112 4288 tas
129 4228 166 4288 et
179 4214 354 4313 superbia.
410 4213 495 4285 ldeo
512 4217 672 4308 sequitur
687 4242 814 4309 poena.

520 4330 588 4404 XI.

157 4432 299 4513 Poenae
329 4434 563 4525 infliguntur,
597 4449 637 4507 ut
666 4438 880 4511 admoneant
912 4466 978 4512 nos
1002 4446 1046 4513 de

55 4537 298 4629 poenitentia,
324 4537 415 4607 sieut
434 4537 554 4629 inquit
575 4535 721 4608 Paulus:
748 4542 781 4608 A
796 4539 952 4614 Domino
968 4540 1046 4615 corss

59 4640 235 4731 cipimus,
260 4662 306 4708 ne
321 4662 401 4708 cum
418 4640 555 4708 mundo
572 4641 793 4714 damnemur.

157 4868 244 4940 Post
266 4894 416 4960 poenam
439 4867 498 4942 bic
521 4897 582 4941 rex
605 4889 759 4966 praestat
775 4900 894 4946 veram
911 4879 1045 4948 contri-

54 4975 211 5058 tionem,
244 4972 368 5059 fidem,
407 4976 663 5045 consessionem
702 4991 736 5047 et
774 4979 1044 5048 invocationem.

54 5073 135 5143 Vox
157 5087 212 5144 est
226 5075 468 5161 contritionis,
495 5074 707 5148 Gradientes
730 5079 768 5147 in
789 5082 952 5171 superbia
971 5082 1045 5172 ipse

54 5170 233 5245 humiliat.
285 5174 407 5261 Fidei,
431 5175 563 5246 Levavi
587 5182 709 5250 oculos
726 5202 822 5250 meos
834 5183 877 5251 ad
895 5183 1045 5255 coelum.

53 5277 298 5349 invocationis
327 5292 363 5349 et
392 5279 644 5365 confessionis,
684 5281 808 5352 Laudo
832 5296 866 5355 et
887 5284 1044 5373 glorifico

55 5401 174 5469 mem
190 5380 293 5449 coeli.

469 235 515 309 v.
569 236 619 310 nv
645 228 908 310 numanati
934 163 1253 307 rnonnursu
1276 227 1693 309 concurreramus.
1721 188 1726 199 ’

1207 399 1268 474 sic·
1291 404 1400 493 igitur
1423 404 1461 473 in
1483 407 1605 495 poenis
1629 405 1847 496 agnoscenda
1871 419 1923 475 est
1943 404 1995 476 ira
2017 401 2088 476 Dei
2168 412 2179 423 ”

1103 505 1271 577 adversus
1287 519 1487 596 peecatum,
1509 505 1557 578 Et
1573 530 1693 577 rursus
1710 508 1928 596 agnoscenda
1945 507 2085 576 miseri·
2177 545 2179 549 <

1103 607 1241 688 cordia,
1266 609 1362 701 quod
1379 608 1503 696 puniat
1517 607 1633 694 Deus,
1657 633 1730 680 non
1742 622 1783 678 ut
1798 612 1942 701 perdat,
1967 611 2028 679 sed
2044 622 2085 680 ut

1103 722 1205 780 vocet
1218 711 1262 779 ad
1283 710 1538 801 poeniteutiam
1553 724 1619 784 etc.

1541 843 1642 914 Xlll.

1205 943 1404 1038 Utrumque
1420 949 1660 1032 considerent,
1685 946 1872 1039 praecipue
1893 944 2081 1036 principes,

1102 1044 1232 1115 deinde
1248 1049 1376 1134 etalii,
1400 1051 1562 1119 videlicet
1579 1071 1708 1137 poenas
1722 1049 1925 1138 impendere
1941 1047 2084 1130 securis,

1101 1151 1283 1238 superbis,
1318 1163 1352 1219 et
1373 1152 1542 1240 praeditis
1564 1150 1814 1220 excellentibus
1836 1148 1975 1232 donis,
1993 1148 2084 1217 sicut
2137 1215 2142 1218 Α

1102 1247 1219 1340 inquit
1231 1246 1410 1322 Christus:
1435 1252 1666 1323 Abominatio
1680 1266 1731 1322 est
1745 1248 1958 1334 coramDeo,
1976 1249 2084 1341 quid-

1102 1352 1188 1442 quid
1204 1365 1254 1420 est
1270 1353 1420 1421 sublime
1435 1357 1529 1445 apud
1545 1349 1717 1424 homines.

1204 1451 1343 1525 Rursus
1358 1455 1463 1524 etiam
1480 1456 1740 1526 misericordiae
1754 1452 1952 1545 exemplum
1968 1449 2085 1520 consi·

1102 1553 1262 1639 deretur,
1286 1558 1382 1648 quod
1404 1571 1522 1629 tantus
1546 1557 1716 1641 idolatra,
1737 1571 1810 1628 tam
1832 1553 2005 1646 superbus
2027 1565 2085 1646 ty·

1102 1679 1236 1725 rannus
1260 1658 1430 1746 recipitur
1452 1660 1488 1728 in
1511 1659 1676 1750 gratiam,
1701 1656 1893 1750 etquidem
1912 1655 2084 1723 liberatur

1103 1757 1208 1826 etiam
1233 1782 1252 1827 a
1275 1760 1517 1850 corporalibus
1538 1763 1682 1851 poenis,
1706 1757 1753 1830 Et
1776 1757 1980 1827 consolatur
2006 1755 2085 1845 pios

1102 1853 1170 1928 hoc
1183 1856 1383 1952 exemplum
1400 1877 1521 1932 contra
1538 1863 1766 1934 tentationem
1784 1862 1828 1929 de
1839 1856 2084 1947 magnitudine

1102 1963 1244 2050 peccati,
1270 1975 1310 2032 ut
1324 1962 1460 2034 discant
1475 1964 1665 2035 exuberare
1679 1964 1826 2055 gratiam
1842 1959 1946 2051 supra
1961 1979 2085 2050 pecca·

1102 2077 1197 2146 tum,
1222 2075 1263 2131 ut
1277 2064 1395 2155 inquit
1410 2062 1554 2138 Paulus.

1201 2162 1364 2235 Breviter
1387 2167 1590 2256 complexus
1615 2181 1666 2239 est
1687 2159 1864 2259 Propbeta
1891 2158 2081 2248 imaginem

1101 2278 1135 2336 et
1152 2267 1266 2336 officia
1282 2268 1332 2358 pii
1349 2269 1536 2358 principis,
1562 2270 1712 2363 requirit
1733 2270 1890 2360 primurn
1906 2263 2083 2354 pietatem,

1100 2367 1317 2456 agnitionem
1333 2369 1423 2454 Dei,
1449 2383 1483 2439 et
1496 2370 1614 2446 fidem.
1666 2369 1803 2442 Deinde
1817 2361 2083 2437 beneficentiam

1100 2493 1180 2560 erga
1195 2493 1400 2561 oppressos,
1427 2466 1495 2541 boc
1512 2487 1581 2552 est,
1609 2473 1781 2558 iusticiam
1797 2473 1834 2542 in
1855 2464 2083 2538 administra-

1099 2571 1214 2658 tione,
1248 2573 1490 2644 defensionem
1512 2575 1673 2667 piorum,
1707 2588 1741 2646 et
1763 2571 1940 2646 Ecclesiae
1958 2567 2083 2636 adver·

1098 2697 1157 2744 sns
1173 2688 1356 2769 tyrannos.

1465 2828 1525 2897 De
1550 2831 1601 2898 11.
1627 2828 1714 2899 ioco.

1200 2957 1334 3031 Textns
1357 2962 1512 3029 ostendit
1535 2975 1674 3053 peccata
1695 2960 1787 3051 regis
1801 2961 1928 3043 luisse,
1950 2960 2083 3030 securi-

1098 3075 1206 3135 tatem
1231 3076 1265 3131 et
1284 3062 1506 3150 superbiam,
1530 3087 1620 3156 quae
1646 3065 1752 3132 ambo
1773 3077 1854 3133 sunt
1877 3084 2022 3145 arcana,
2048 3073 2083 3130 et

1097 3166 1292 3233 multorum
1308 3162 1520 3241 Sanctorum
1538 3177 1688 3254 peccata,
1704 3180 1737 3235 et
1752 3165 1889 3234 facilius
1904 3162 2084 3253 obrepunt

1097 3268 1136 3335 in
1157 3266 1262 3334 rebus
1285 3265 1467 3349 secundis,
1492 3289 1530 3333 ac
1553 3266 1740 3357 praecipue
1762 3264 2012 3336 excellentibus
2026 3263 2082 3330 vi-

1098 3369 1164 3447 ris,
1190 3366 1252 3460 qui
1277 3362 1409 3435 habent
1429 3366 1654 3436 admirabiles
1683 3390 1878 3452 successus,
1902 3367 2083 3453 ingentem

1098 3469 1265 3558 gloriam,
1298 3491 1423 3555 magna
1446 3466 1513 3536 Dei
1539 3470 1656 3538 dona.
1694 3466 1762 3539 His
1785 3468 1980 3539 commodis
2000 3488 2081 3536 curn

1097 3571 1293 3640 delectatur
1315 3571 1474 3653 animus,
1498 3593 1564 3641 nec
1585 3573 1694 3641 sentit
1716 3571 1987 3661 significationes
2009 3568 2083 3637 irae

1097 3671 1186 3750 Dei,
1221 3671 1390 3761 paulatim
1416 3673 1634 3759 extinguitur
1657 3673 1766 3742 timor
1791 3674 1863 3749 irae
1891 3686 1925 3741 et
1954 3669 2083 3741 iudicii

1098 3771 1235 3855 divini,
1258 3771 1384 3861 incipit
1403 3773 1542 3841 animus
1567 3774 1755 3843 immodice
1776 3773 1898 3867 mirari
1915 3785 1950 3843 et
1964 3791 2082 3842 amare
2106 3833 2107 3836 ,
2220 3819 2223 3823 -

1098 3870 1184 3943 baec
1200 3876 1305 3957 bona,
1329 3885 1363 3942 et
1379 3871 1603 3945 obliviscitur
1615 3871 1699 3960 liei,
1723 3899 1788 3945 nec
1804 3875 1932 3965 cogitat
1945 3895 2082 3943 succes-

1099 3999 1158 4045 sus
1180 3976 1261 4082 illos
1281 4001 1301 4044 a
1322 3974 1404 4044 Deo
1430 3998 1521 4059 esse,
1555 3979 1615 4046 sed
1637 3977 1798 4047 intuetur
1819 4000 1917 4046 suam
1941 3974 2081 4065 sapien-

1098 4079 1202 4162 tiam,
1226 4101 1307 4147 suas
1323 4078 1490 4161 virtutes,
1516 4100 1614 4146 suam
1635 4081 1850 4170 potentiam,
1875 4079 2003 4147 harum
2021 4098 2080 4144 re·

1097 4203 1177 4248 rum
1194 4203 1260 4268 ope
1274 4179 1406 4248 iudicat
1419 4202 1455 4247 se
1470 4191 1585 4248 tantas
1602 4204 1656 4249 res
1673 4204 1792 4271 gerere
1814 4192 1848 4247 et
1869 4178 2020 4259 ellinere,
2045 4188 2081 4246 et
2205 4270 2209 4281 Ι

1098 4280 1244 4348 conlidit
1257 4279 1391 4347 similes
1408 4302 1444 4348 se
1458 4293 1627 4370 perpetuo
1650 4295 1828 4371 gesturum
1847 4300 1930 4350 esse.
1981 4274 2080 4347 Con-

1097 4381 1175 4448 fidit
1197 4402 1233 4447 se
1257 4379 1434 4449 insanitum
1455 4404 1527 4448 esse
1549 4377 1605 4451 bis
1620 4381 1803 4471 praesidiis
1818 4392 1939 4449 contra
1956 4400 2079 4448 omnes

1098 4481 1261 4549 fortunae
1277 4502 1395 4565 casus,
1422 4481 1512 4551 sicut
1526 4479 1715 4573 Pompeius
1731 4481 1868 4550 dicebat
1881 4502 1918 4549 se
1933 4481 2078 4572 supplo-
2108 4536 2111 4541 Α

1097 4581 1196 4650 sione
1214 4583 1312 4672 pedis
1327 4579 1465 4652 Italiam
1483 4596 1592 4652 totam
1609 4585 1865 4674 completurum
1888 4605 1961 4652 esse
1979 4605 2079 4650 exer·

1097 4683 1237 4754 citibus.
1288 4679 1336 4754 Et
1354 4679 1565 4753 Timotheus
1589 4686 1661 4754 dux
1676 4679 1908 4756 Atheniensis
1928 4684 1968 4753 in
1990 4708 2079 4754 con·

1098 4784 1200 4853 cione
1216 4784 1321 4855 dixit:
1347 4782 1427 4853 Hoc
1441 4807 1504 4872 ego
1521 4787 1599 4868 feci,
1624 4810 1699 4854 non
1715 4788 1868 4858 fortuna.
1899 4784 1984 4858 Post
1999 4809 2076 4855 eam

1098 4909 1220 4970 vocem
1238 4887 1398 4955 scribunt
1414 4887 1447 4953 ei
1464 4898 1585 4975 postea
1602 4883 1695 4956 nihil
1711 4889 1926 4958 successisse.

1198 4986 1311 5057 Porro
1335 4988 1447 5057 elatus
1476 4989 1618 5058 animus
1643 4991 1705 5060 illa
1727 4991 1853 5060 fiducia
1875 4991 1948 5075 sui,
1980 4990 2079 5082 quod

1094 5110 1158 5177 per
1173 5111 1246 5157 sese
1259 5112 1315 5157 res
1333 5111 1475 5177 magnas
1491 5091 1637 5176 efficiat,
1664 5115 1752 5184 quae
1766 5115 1830 5163 sua
1846 5091 2026 5181 sapientiai
2033 5091 2080 5159 sit

1094 5189 1255 5259 munitus
1277 5194 1444 5262 adversus
1467 5214 1591 5261 ornnes
1614 5216 1731 5278 casus,
1756 5194 1883 5285 incipit
1906 5192 1995 5262 alios
2012 5187 2080 5260 bo-

1092 5289 1208 5359 mines
1230 5294 1473 5378 contemnere,
1507 5317 1582 5364 sese
1603 5311 1697 5366 amat
1713 5308 1748 5364 et
1771 5296 1987 5379 admiratur,
2013 5290 2081 5360 sibi

1093 5391 1268 5481 permittit
1299 5395 1483 5468 licentiam
1515 5398 1709 5469 multorum
1744 5397 1928 5470 scelerum.
1995 5390 2081 5463 Vult
2174 5440 2176 5444 -

2013 233 2090 312 842
2178 298 2181 307 .
