4538 5754
68 250 141 325 177
803 252 851 331 ll.
902 244 1053 325 LIBER
1085 245 1154 325 DE
1184 248 1360 328 ΑΝΙΜΑ.
2012 267 2086 344 lib

167 418 257 493 Erat
274 434 307 494 et
322 436 424 493 antea
438 420 572 493 dictum
595 422 639 491 ad
655 420 766 493 Cain:
792 421 833 494 st
847 421 939 493 male
960 421 1049 492 iece-
1101 421 1244 514 quidem
1268 419 1471 513 superstites
1491 444 1584 504 esse,
1610 437 1645 497 et
1661 425 1797 520 aliquot
1816 431 1942 503 seculis
1957 432 1997 503 in
2010 429 2078 510 hoc

59 521 135 602 ris,
164 536 347 613 peccatum
370 537 471 594 tuum
490 525 661 617 quiescet,
687 525 801 594 donec
824 523 1051 602 revelabitur,
1100 522 1359 607 essevolitare,
1383 526 1445 593 sed
1462 538 1581 595 tamen
1603 529 1746 596 tandem
1762 530 1957 604 reniumos
1973 536 2079 608 dissi-

59 646 94 716 q.
121 624 164 696 d.
189 618 341 695 Etiamsi
364 624 574 718 aliquandiu
597 646 731 714 poenae
752 623 982 708 differentur,
1016 635 1051 695 et
1100 623 1188 714 pari.
1213 620 1441 696 Aristotelem
1457 624 1617 695 existimo
1632 639 1673 697 nt
1687 627 1776 698 a'lios
1790 629 1974 722 plurimos,
1995 659 2077 710 eru.

58 720 168 794 multi
194 725 312 795 uenti
340 725 500 796 furenter
529 724 766 796 cumulabunt
795 725 944 803 scelera,
984 745 1050 795 nec
1098 723 1193 793 ditos
1221 735 1255 794 et
1284 725 1462 796 modestos
1489 720 1651 797 homines
1680 730 1790 819 tnagis
1816 725 1885 801 hoc
1911 736 2075 808 sensisse:

57 835 223 895 annuens
243 819 381 911 Deum,
412 838 532 897 tamen
557 825 683 912 sciant,
705 827 848 897 tandem
877 823 1048 895 iudicium
1098 824 1235 896 animas
1250 819 1437 895 hominum
1460 848 1535 895 non
1549 850 1693 918 prorsus
1717 829 1874 920 extingui
1896 849 1975 924 post
1997 861 2076 908 eor.

58 937 268 995 secuturum
289 947 384 1012 esse,
418 926 457 997 in
485 948 559 1021 quo
584 921 806 998 horribiliter
834 924 974 1018 patefiet
995 924 1048 994 ira
1095 947 1224 1015 porum
1238 925 1439 1012 interitum,
1462 927 1599 996 etiamsi
1615 929 1747 1000 multae
1760 931 1997 1006 dubitationes
2010 962 2076 1009 ceu

59 1020 126 1095 Ilei
150 1026 323 1096 adversus
343 1028 486 1102 scelera.
546 1023 585 1096 ld
608 1027 772 1099 nominat
793 1026 944 1096 revelari
967 1047 1048 1117 pec·
1098 1025 1193 1095 venti
1210 1019 1301 1096 hanc
1316 1025 1391 1097 eius
1407 1028 1653 1118 cogitationem
1668 1032 1869 1107 turbarunt.
1909 1032 1950 1103 ln
1968 1039 2074 1110 tertio

60 1139 147 1196 rats.
174 1122 256 1195 Hae
270 1129 458 1198 conciones
470 1127 516 1197 'ab
526 1126 598 1197 illis
612 1128 736 1218 primis
752 1127 911 1219 patribus
920 1121 1048 1211 Adam,
1097 1125 1190 1195 libro
1206 1127 1251 1194 de
1265 1123 1464 1211 Animasie
1488 1130 1533 1198 de
1554 1129 1735 1201 intellectu
1756 1148 1881 1222 agente
1901 1134 2074 1228 loquitur,

58 1220 159 1310 Seth,
175 1222 330 1296 Henoch
346 1241 382 1300 et
397 1229 476 1297 aliis
493 1228 692 1298 luculenter
705 1241 887 1300 enarratae
902 1238 996 1310 sunt,
1011 1236 1047 1296 et
1095 1237 1137 1296 ut
1156 1224 1349 1298 existimari
1379 1229 1508 1321 possit,
1544 1230 1711 1304 maluisse
1736 1255 1819 1303 eum
1841 1228 1909 1304 hoc
1933 1237 2075 1324 sentire,

59 1327 96 1396 in
111 1325 279 1417 exemplo
288 1328 380 1397 Abel
397 1342 431 1400 et
445 1328 624 1398 similibus
639 1329 782 1399 recitata
796 1341 869 1400 tota
884 1325 1046 1397 doctrina
1095 1326 1197 1395 illum
1213 1328 1503 1419 praestantiorem
1519 1330 1714 1420 igniculum
1730 1332 1769 1402 in
1784 1333 1902 1423 anima
1916 1330 2073 1409 hominis

58 1429 100 1496 de
118 1421 299 1512 Ecclesia,
323 1430 498 1521 quaesit,
522 1428 639 1521 qualis
661 1429 727 1509 sit,
753 1452 816 1499 cur
831 1428 984 1498 subiecta
999 1425 1045 1496 sit
1095 1450 1169 1495 non
1185 1428 1343 1516 extingui
1359 1435 1440 1499 cum
1455 1431 1674 1524 corporibus.
1726 1429 1773 1505 Et
1793 1432 1881 1504 alibi
1903 1436 2073 1512 discernit

59 1525 173 1611 cruci,
199 1527 307 1620 quale
320 1528 493 1600 iudicium
508 1541 709 1599 secuturum
725 1529 791 1614 sit,
816 1543 850 1600 et
865 1528 1045 1621 quomodo
1094 1540 1247 1598 mentem
1277 1529 1324 1598 ab
1354 1529 1472 1601 anima
1500 1532 1694 1620 vegetativa
1721 1545 1758 1602 et
1785 1534 1975 1622 sentiente,
2014 1538 2074 1607 in·

57 1630 274 1719 expeeunda
295 1629 342 1700 sit
372 1629 548 1700 restitutio
576 1629 679 1705 vitae.
739 1627 791 1698 Ac
814 1651 881 1698 nos
902 1650 1044 1721 quoque
1094 1629 1235 1720 quiens:
1258 1623 1355 1724 Περὶ
1374 1623 1415 1703 δὲ
1435 1636 1504 1703 τοῦ
1527 1635 1597 1704 νοῦ
1617 1627 1763 1704 οὐδέπω
1786 1631 1971 1729 φανερὸν,
1994 1633 2071 1710 ἀλλ’

59 1727 309 1798 adsensionem
329 1730 376 1798 de
388 1743 551 1800 secutura
568 1729 640 1798 vita
658 1730 907 1800 confirmemus
928 1728 1044 1798 consi·
1093 1725 1187 1799 ἔοικε
1208 1731 1333 1822 ψυχῆς
1353 1726 1467 1826 γένος
1486 1729 1610 1827 ἕτερον
1632 1726 1745 1817 εἶναι,
1774 1729 1838 1805 καὶ
1865 1740 1978 1808 τοῦτο
2001 1733 2070 1827 μό-

59 1827 245 1912 deratioue
262 1829 359 1900 necis
374 1843 590 1913 sanctorum,
615 1853 706 1922 quae
722 1828 930 1902 est'illustre
944 1828 1043 1898 testi·
1092 1852 1162 1900 ror
1178 1823 1373 1919 ἐνδέχεται,
1399 1828 1648 1926 χωρίζεσθαι,
1680 1825 1855 1931 καθάπερ
1880 1831 1923 1908 τὸ
1947 1834 2072 1912 ἀΐδιον

59 1928 226 2000 monium
248 1932 438 2000 ostendens
466 1943 665 2001 secuturam
694 1953 769 2002 esse
797 1930 903 1999 aliam
924 1928 1046 2013 citam,
1092 1932 1162 2000 τοῦ
1182 1927 1374 2024 φθαρτοῦ.

60 2029 98 2097 in
125 2051 201 2121 qua
230 2028 408 2102 discernet
436 2027 531 2101 Deus
563 2027 759 2123 Baptistam
791 2042 825 2101 et
852 2027 1046 2113 Herodem,
1193 2028 1265 2100 Sed
1296 2023 1591 2121 philosophorum
1620 2031 1860 2105 dubitationes
1889 2035 2072 2130 relinqua·

59 2126 214 2199 Panium
236 2143 272 2201 et
299 2129 497 2212 Neronem,
524 2143 590 2204 ete.
633 2128 729 2201 llaec
750 2129 986 2201 consideratio
1005 2129 1044 2198 in
1094 2152 1191 2213 mus,
1228 2142 1264 2202 et
1287 2129 1473 2222 caliginem
1500 2130 1699 2203 animarum
1729 2149 1948 2221 nostrarum,
1981 2161 2072 2233 quae

58 2230 164 2299 bonis
176 2231 360 2302 mentibus
372 2232 474 2301 valde
489 2231 674 2302 confirmat
687 2253 806 2300 veram
821 2229 1043 2305 senteutiam.
1094 2242 1274 2322 peccatum
1290 2243 1407 2301 recma
1425 2242 1495 2311 est,
1518 2232 1763 2324 deploremus,
1786 2249 1823 2308 et
1835 2237 1971 2308 maiore
1986 2263 2071 2313 cura

57 2328 170 2423 Saepe
191 2352 258 2420 ego
282 2331 357 2424 ipse
386 2332 529 2402 intuens
555 2353 699 2420 magnas
727 2330 941 2402 calamitates
964 2329 1044 2419 pio·
1094 2353 1215 2402 rocem
1241 2330 1400 2401 divinam
1427 2332 1473 2400 de
1503 2332 1686 2407 voluntate
1708 2334 1794 2417 Dei,
1826 2338 1871 2406 de
1893 2338 2073 2410 beneficiis

57 2455 138 2500 rum
163 2426 373 2512 hominum,
405 2428 471 2503 bac
499 2432 711 2522 cogitatione
740 2432 878 2522 erigor,
907 2453 1045 2525 nequa-
1093 2429 1231 2502 domini
1255 2430 1462 2511 nostrilesu
1479 2426 1631 2517 Christi,
1655 2448 1693 2507 et
1713 2437 1758 2506 de
1778 2436 2000 2510 restitutione
2017 2440 2073 2509 vi·
2108 2446 2111 2459 '

57 2554 165 2625 quam
186 2546 463 2605 consentaneum
481 2556 572 2618 esse,
599 2545 738 2605 tantum
758 2556 818 2604 eos
832 2535 877 2604 ad
892 2526 957 2601 bas
974 2530 1044 2600 mi·
1094 2545 1150 2603 tae
1169 2546 1356 2624 perpetuae
1376 2532 1646 2605 concionantem
1666 2535 1871 2623 audiamus,
1896 2552 1933 2611 et
1955 2539 2072 2630 ipsum

59 2631 168 2703 serias
183 2633 351 2706 conditos
364 2656 450 2707 esse.
784 2628 790 2641 '
1093 2632 1207 2704 filium
1229 2630 1297 2704 Dei
1318 2632 1477 2715 oremus,
1507 2647 1548 2706 ut
1565 2636 1811 2708 adsensionem
1833 2638 1873 2708 io
1892 2641 2072 2712 mentibus

160 2731 328 2806 Tertium
352 2747 601 2828 argumentum
614 2730 703 2830 Cyri
724 2745 776 2804 est
805 2732 899 2824 apud
920 2728 1044 2800 Xeno·
1094 2734 1225 2807 nostris
1247 2735 1443 2808 confirmet.

55 2829 230 2927 phontem
245 2848 427 2929 sumptum
442 2859 463 2906 a
478 2835 614 2928 magnis
628 2833 844 2906 eruciatibus
858 2831 1043 2903 conscien·
1196 2829 1276 2904 Oro
1297 2833 1408 2927 igitur
1428 2848 1462 2906 te
1484 2834 1535 2904 lili
1560 2831 1627 2907 Dei
1648 2836 1794 2908 domine
1820 2836 1899 2912 lesu
1919 2837 2072 2924 Christe,

57 2936 128 3008 tiae
152 2935 193 3005 in
213 2935 401 3008 sceleratis.
459 2935 545 3008 Post
576 2936 705 3007 scelera
735 2935 896 3028 sequitur
919 2932 1044 3022 ingens
1093 2932 1257 3004 crucifixe
1278 2958 1344 3028 pro
1374 2936 1479 3006 nobis
1497 2949 1532 3006 et
1553 2936 1777 3023 meracitate,
1802 2940 1865 3032 qui
1887 2966 1923 3011 es
1940 2942 2021 3012 viva
2037 2957 2074 3014 et

57 3037 183 3122 dolor,
214 3037 320 3109 etiam
342 3035 381 3107 iu
403 3036 664 3121 audacissimis,
697 3034 760 3129 qui
781 3048 940 3105 excutere
961 3054 1043 3102 eum
1094 3035 1230 3125 integra
1246 3034 1362 3124 imago
1377 3035 1647 3126 aetemipatris,
1669 3039 1706 3107 et'
1719 3037 1855 3110 dixisti:
1883 3039 2012 3113 Venite
2024 3045 2072 3113 ad
2192 3123 2203 3130 ,

56 3150 246 3208 tonantur.
274 3135 398 3211 Vincit
411 3152 530 3210 tamen
545 3139 717 3232 quaedam
733 3133 788 3206 vis
801 3157 939 3218 areana,
953 3155 1044 3226 quae
1094 3159 1151 3206 me
1165 3157 1310 3220 omues,
1331 3133 1393 3230 qui
1410 3135 1579 3207 laboratis
1603 3149 1638 3208 et
1651 3137 1798 3210 'onerati
1820 3141 1923 3228 estis,
1948 3155 1983 3212 et
2006 3164 2071 3231 ego

55 3237 164 3332 punit
177 3238 378 3312 scelmatos.
416 3235 480 3310 Est
497 3239 607 3331 igitur
621 3259 776 3320 numen,
800 3238 897 3331 quod
912 3232 1045 3304 discer-
1093 3237 1246 3307 reficiam
1263 3259 1345 3321 vos,
1369 3259 1503 3307 renova
1516 3236 1705 3329 imaginem
1720 3251 1817 3311 tuam
1837 3240 1876 3313 in
1891 3242 1996 3314 nobis
2010 3256 2072 3316 tua

57 3354 119 3411 net
151 3339 266 3411 iustos
292 3353 327 3412 et
355 3339 517 3412 iniustos.
577 3335 807 3431 Nequaquam
838 3335 933 3407 enim
957 3329 1043 3404 haec
1093 3337 1191 3421 luce,
1216 3339 1355 3409 doceet
1370 3338 1527 3428 guberna
1543 3360 1609 3408 nos
1622 3336 1762 3431 Spiritu
1785 3353 1846 3411 tuo
1864 3334 2005 3424 sancto,
2030 3357 2073 3416 ut

54 3439 236 3512 cssuberi
257 3454 416 3532 munt.
467 3437 630 3533 Deinque
650 3436 869 3530 impossibile
888 3447 941 3506 est
961 3456 1044 3504 casu
1093 3450 1276 3508 aeternum
1292 3451 1426 3537 patrem
1443 3452 1564 3523 tuum,
1588 3452 1641 3524 te,
1665 3451 1700 3513 et
1714 3437 1889 3532 Spiritum
1909 3457 2072 3515 sanetum

54 3543 96 3611 in
114 3540 301 3612 mentibus
323 3535 513 3611 homiuum
536 3562 610 3609 esse
631 3550 665 3610 et
688 3560 831 3635 manere
853 3535 1044 3606 discrimen
1093 3561 1175 3609 vere
1195 3538 1401 3611 invocemus
1417 3552 1453 3611 et
1471 3540 1708 3620 celebremus,
1732 3556 1774 3610 ac
1795 3563 1933 3632 semper
1951 3545 1991 3614 io
2012 3539 2071 3617 his

56 3639 296 3723 bonestorum
309 3654 345 3713 et
357 3642 528 3733 turpium.
556 3638 596 3710 ld
613 3641 743 3712 frustra
758 3637 926 3708 sanxisset
936 3632 1045 3720 Deus,
1093 3637 1299 3729 regionibus
1320 3636 1516 3711 Ecclesiam
1537 3653 1715 3712 aeternam
1740 3641 1807 3713 tibi
1825 3643 2004 3735 colligito‚
2036 3659 2073 3718 et

58 3743 131 3812 nisi
145 3764 286 3834 poenae
306 3741 477 3812 scelernm
500 3753 744 3835 sequerentur.
795 3735 906 3810 Multi
928 3749 1044 3807 autem
1094 3762 1194 3809 serra
1216 3763 1257 3809 ac
1284 3740 1394 3828 regito
1423 3755 1543 3811 coetus
1574 3740 1776 3812 docentium
1804 3756 1841 3815 et
1860 3744 2072 3817 discentium

56 3845 97 3915 in
109 3838 180 3914 bae
194 3842 268 3913 vita
281 3866 358 3912 non
379 3843 597 3935 puniuntur,
629 3854 810 3915 secuturae
832 3851 915 3911 suut
937 3837 1047 3927 igitur
1094 3839 1291 3910 doctrinam
1310 3836 1485 3910 Ecclesiae
1509 3841 1758 3932 necessariam,
1783 3855 1818 3915 et
1837 3859 1979 3938 protege
2001 3841 2071 3917 ho-

58 3966 198 4038 poenae
211 3956 292 4037 post
314 3938 407 4014 banc
428 3943 550 4016 vitam.
601 3940 699 4013 Haec
720 3953 927 4031 argumenta
949 3937 1046 4028 cogi·
1094 3939 1199 4034 spitia
1214 3937 1450 4012 Ecclesiamm
1475 3954 1620 4032 propter
1640 3955 1737 4012 tuam
1762 3942 1926 4036 gloriam.
1984 3945 2071 4017 Tibi

58 4059 137 4120 tare
164 4045 332 4138 prodest,
363 4045 427 4114 sed
449 4057 569 4116 temen
593 4043 763 4128 sciamus,
795 4040 1045 4141 patefactiones
1096 4054 1181 4112 nota
1201 4056 1254 4113 est
1276 4042 1402 4135 ingens
1422 4040 1609 4112 infirmitas
1630 4055 1769 4130 nostra,
1801 4060 1836 4119 et
1860 4071 1902 4116 eo
1921 4044 2088 4118 massam

57 4142 409 4217 divinasintuendas
426 4165 511 4217 esse.
549 4141 625 4214 Has
638 4143 910 4236 amplectamur,
932 4154 968 4210 et
983 4140 1047 4209 ad·
1095 4142 1233 4233 generis
1260 4137 1409 4214 humani
1437 4154 1607 4235 perpetuo
1629 4156 1663 4214 et
1684 4143 1900 4218 immutabili
1931 4147 2073 4217 foedere

57 4248 262 4319 sensionem
283 4245 523 4317 in·mentibns
557 4244 689 4316 nostris
717 4242 891 4315 divinitus
917 4240 1048 4311 confic-
1097 4241 1164 4316 tibi
1179 4243 1368 4332 copulasti,
1393 4267 1439 4314 ne
1458 4254 1571 4314 totum
1596 4265 1707 4334 genus
1729 4239 1925 4314 humanum
1947 4246 2072 4316 fundi·

60 4349 149 4421 mari
164 4359 339 4440 mutus.
1096 4359 1153 4416 tus
1165 4343 1307 4435 periret.
1349 4341 1430 4418 Nos
1449 4342 1559 4436 igitur
1572 4346 1716 4426 miseros
1730 4358 1764 4415 et
1779 4344 1985 4432 imbecilles,
2010 4348 2073 4417 sed

152 4461 341 4552 ,Longum
357 4471 447 4531 egeas
470 4473 587 4532 aurem
611 4479 791 4530 „cenem
814 4452 1048 4552 phitowpho.
1097 4445 1291 4535 pendentes
1320 4445 1366 4513 de
1394 4443 1467 4515 tuis
1497 4441 1673 4527 humeris,
1709 4444 1900 4516 clementer
1921 4463 2015 4539 gesta
2041 4459 2077 4520 et
2101 4493 2106 4503 ·

63 4589 138 4636 rum
155 4560 442 4653 imaginationes.
467 4559 770 4642 Stoicidixerunt,
785 4560 920 4629 animas
935 4559 1049 4627 disce·
1099 4559 1252 4618 servato·
1291 4542 1419 4616 Amen·

65 4669 189 4739 dentes
201 4688 222 4735 a
235 4686 384 4755 corpore
399 4661 483 4756 quia
500 4661 572 4734 sint
585 4662 707 4754 igneae
723 4673 890 4752 naturae,
914 4657 1049 4730 diutius
1416 4659 1538 4744 Δόξα
1575 4663 1637 4756 τῷ
1674 4659 1782 4758 θεῷ,

892 4998 1266 5016 ——t——ffl

125 5436 317 5511 Marna.
343 5444 451 5511 Ores.
478 5441 563 5512 Vos.
589 5436 683 5509 xm.
