4538 5754
57 249 130 329 1sr
789 235 838 314 n.
887 227 1131 309 annana
1156 224 1332 306 antara
1888 170 1902 191 ’
1971 194 2073 306 ἰιι

54 418 189 493 noticia
214 419 407 500 formatur,
445 414 553 485 simul
574 411 758 483 cerebrum
779 408 896 478 vibrat
918 419 952 477 et
973 404 1043 477 ciet
1090 416 1222 486 terrae,
1246 399 1339 470 airis
1354 410 1388 469 et
1401 419 1530 492 aquae,
1551 409 1586 467 et
1607 409 1724 468 motus
1744 401 1924 487 coelestes,
1956 415 1990 474 et
2016 427 2074 474 re·

54 543 206 605 nemos,
230 519 335 590 nervi
347 516 512 609 spiritum
528 506 761 586 transvehunt
781 511 826 579 ad
848 507 1040 578 musculos.
1092 526 1171 574 runs
1186 501 1405 573 nascentium
1420 499 1513 569 vires
1526 499 1722 571 distribuit.

54 621 214 695 timenti
229 620 359 690 vibrati
380 629 572 688 moventur
589 635 672 684 suae
695 611 811 681 carnis
830 623 976 691 natura,
1009 619 1043 678 et
1194 618 1294 690 sicut
1306 633 1423 690 autem
1437 611 1546 688 homo
1560 619 1725 691 conditus
1738 631 1808 705 est,
1831 631 1872 690 ut
1893 621 1932 690 in
1953 644 1995 692 ρο
2016 624 2074 694 lu.

55 722 128 795 ωἱί
148 721 366 816 qulbussdam
395 718 516 803 fibri&
557 729 592 787 θῑ
616 737 653 784 ⁸⁶
672 712 823 783 dllfflffll
846 723 881 780 01
903 721 1043 780 ‘⁰⁰³³-
1093 736 1170 793 ceat
1190 720 1321 790 noticia
1334 717 1421 804 Dei,
1459 733 1494 790 et
1510 733 1550 791 ut
1564 719 1598 789 ei
1611 714 1708 789 Deus
1721 721 1958 792 communicet
1974 745 2076 794 suam
2141 752 2147 759 ·

54 821 157 897 hulll-
209 818 288 892 Hic
301 819 509 891 (lllalbilone
527 830 562 886 el
577 813 816 886 contractione
830 807 947 884 τίνων
968 824 1043 879 tra·
1093 822 1300 914 sapientiam
1330 834 1365 891 et
1394 820 1606 906 bonitatem,
1638 822 1687 891 ita
1708 832 1861 891 mentem
1884 814 2079 895 humanam

55 920 172 1007 blm,
212 945 288 1016 (11¹⁰
312 933 443 1001 ῑῑὸῦῑθ,
484 917 643 988 membra
672 928 815 985 ‘stema
845 925 1044 983 moventur·
1094 923 1208 993 voluit
1236 921 1538 992 evidentissimum
1559 923 1605 990 de
1624 921 1701 1014 ipso
1723 920 1965 993 testimoninm
1992 946 2079 1001 esse.

60 1020 123 1096 lto
134 1021 248 1112 igitur
262 1020 506 1091 immediatum
523 1040 695 1107 organum
710 1012 904 1085 voluntarii
926 1024 1044 1080 motus
1095 1023 1163 1095 Cui
1178 1037 1212 1095 ea
1228 1022 1333 1092 insita
1348 1035 1399 1091 eet
1415 1022 1486 1101 lux,
1501 1046 1571 1115 qua
1587 1045 1660 1092 esse
1668 1018 1784 1093 Deum
1797 1023 2030 1111 agnoscimus,
2043 1037 2079 1094 et

58 1126 327 1206 iuncturarum,
359 1115 492 1191 th⁰rd³
508 1142 569 1190 ⁸01¹
585 1114 713 1189 τίνων·
762 1113 834 1185 Sed
852 1112 1043 1182 mediatum
1095 1125 1221 1195 insitae
1237 1134 1320 1194 sunt
1335 1122 1506 1203 noticiae,
1532 1123 1768 1193 discernentes
1788 1119 1936 1196 honesta
1951 1137 2078 1195 ettur-

58 1247 233 1315 (ΨΜ
249 1222 443 1292 m⁰⁸⁰¹¹¹¹¹³0
484 1212 1045 1302 El¹¹¹1¹⁸⁰¹¹¹¹1⁸Vlllffllusslllfim
1096 1226 1164 1318 pia.
1215 1220 1263 1294 Et
1277 1236 1318 1293 ut
1333 1218 1401 1293 hoc
1424 1222 1614 1292 discrimen
1637 1225 1683 1295 sit
1703 1224 1843 1295 illustre
1867 1236 1903 1295 et
1925 1225 2080 1306 firmum,

59 1326 164 1396 allato
179 1322 221 1395 in
236 1322 368 1393 nervis.
419 1319 530 1391 Nervi
551 1318 784 1409 impelluntur
795 1316 840 1386 ab
857 1315 934 1403 lP³0
948 1332 1045 1382 ⁰0¹0·
1096 1326 1239 1396 additus
1252 1337 1304 1393 est
1318 1324 1448 1393 vindex
1465 1323 1504 1392 in
1518 1324 1634 1398 nobis.
1684 1323 1894 1416 Sequuntur
1911 1326 2081 1396 immuta-

58 1427 140 1511 ltffls
162 1424 267 1519 qu⁰d
289 1421 459 1492 ‘malam‘
480 1434 541 1492 aul
564 1413 796 1489 contrahitur·
852 1412 1045 1485 cerebrum
1097 1427 1163 1495 bili
1176 1425 1301 1495 ordine
1315 1419 1486 1494 horrendi
1501 1424 1694 1505 cruciatus,
1718 1426 1926 1497 damnantes
1941 1427 2083 1509 scelera,

59 1540 175 1598 &illem
189 1524 322 1597 feritur
337 1523 481 1594 nollcla·
514 1520 587 1591 Nec
602 1519 787 1590 ullerlol'et
801 1537 924 1586 calme
938 1536 1046 1605 quae·
1098 1550 1137 1596 ac
1153 1549 1252 1596 reum
1269 1548 1413 1616 prorsus
1429 1524 1597 1596 delentes,
1648 1524 1728 1595 Hoc
1747 1526 1939 1596 discrimen
1962 1540 2082 1597 osten.

59 1628 190 1699 rendae
214 1638 314 1696 sunt.
374 1621 445 1693 Sed
471 1616 539 1691 hoc
564 1621 669 1689 modo
699 1631 861 1687 naturam
886 1614 1047 1683 animm·
1100 1628 1170 1708 dit,
1197 1626 1310 1717 qualis
1325 1627 1370 1697 sit
1383 1627 1498 1709 Deus,
1523 1638 1558 1695 et
1574 1629 1668 1717 quod
1690 1626 1736 1695 sit
1752 1625 1859 1697 iudex
1882 1641 1917 1696 et
1942 1627 2083 1697 vindex.

61 1729 147 1799 tium
165 1725 320 1797 consilio
341 1722 478 1815 opificis
500 1721 700 1792 ordinatam
723 1741 795 1787 esse
820 1717 988 1794 telarum,
1013 1723 1049 1781 θῑ
1099 1725 1322 1817 Impossibile
1343 1739 1394 1796 est
1418 1725 1566 1796 noticias
1588 1750 1817 1797 numerorum
1839 1741 1875 1798 et
1901 1727 2008 1812 alias,
2049 1741 2084 1798 et

60 1822 921 1903 baciaculltlevolunlatllffl⁰luffltle1¹la¹¹¹¹¹h
1099 1826 1288 1897 discrimen
1317 1822 1548 1896 honestorum
1571 1850 1612 1895 ac
1634 1828 1810 1917 turpium,
1850 1841 1944 1897 ortas
1965 1849 2038 1898 esse
2064 1851 2084 1897 a

156 1942 238 2013 Iam
253 1935 541 2033 hicerphysicis
558 1950 641 2007 nota
657 1937 702 2005 sit
715 1933 912 2005 differentia
933 1943 1049 2000 motus
1101 1929 1205 1998 bruta
1222 1940 1368 2005 natura,
1394 1940 1455 1995 aut
1471 1949 1552 1995 casu
1568 1928 1617 1995 sie
1634 1928 1742 2000 nasci.
1781 1924 1847 1999 Est
1860 1929 1970 2018 igitur
1984 1951 2085 1998 mens

64 2043 235 2116 naturalis
262 2055 298 2112 et
317 2054 435 2111 motus
460 2037 665 2110 voluntarii.
731 2035 853 2106 Motus
879 2031 1050 2102 naturalis
1100 2022 1358 2099 architectatrix
1380 2027 1531 2117 sapiens.
1582 2022 1631 2096 Et
1650 2027 1883 2118 intelligimus
1906 2051 2086 2114 numeros,

64 2159 125 2230 est,
150 2143 219 2239 qni
240 2166 316 2212 non
335 2136 601 2211 inchoaturnec
624 2151 733 2207 cessat
754 2136 850 2207 iuxta
877 2133 1048 2220 imagina-
1101 2143 1135 2200 et
1151 2127 1340 2198 discrimen
1355 2121 1584 2196 honestorum
1608 2140 1643 2196 et
1662 2126 1821 2217 turpium
1843 2129 1881 2197 in
1905 2130 2086 2199 mentibus
2166 2170 2170 2189 ·

63 2246 192 2317 tionem
205 2242 396 2326 animalis,
420 2242 480 2310 sed
499 2239 636 2310 obiecto
652 2249 850 2328 praesente,
876 2235 905 2302 si
922 2246 1049 2302 natura
1101 2226 1267 2300 humanis
1282 2227 1551 2297 immutabiliter
1567 2229 1703 2312 lucere,
1734 2241 1769 2299 et
1786 2229 1985 2320 experimur
2005 2244 2086 2298 tan-

63 2370 130 2416 non
144 2356 200 2415 est
217 2342 403 2433 impedita,
428 2364 503 2410 non
519 2351 633 2431 potest
648 2361 721 2406 non
736 2337 827 2406 ciere
842 2330 907 2404 hos
922 2346 1049 2406 motus.
1101 2354 1206 2423 quam
1227 2327 1368 2399 vindice
1382 2322 1459 2399 Deo
1477 2343 1640 2401 naturam
1657 2325 1813 2398 bominis
1830 2329 1981 2413 destrui,
2005 2354 2087 2400 eum

63 2443 108 2518 Ut
126 2445 224 2536 ignis
252 2443 328 2513 urit
351 2441 535 2512 materiam
558 2440 722 2509 idoneam
745 2438 943 2525 admotam,
976 2447 1050 2503 tra·
1101 2429 1198 2501 bunc
1217 2429 1379 2498 ordinem
1401 2428 1522 2499 violat.
1579 2428 1680 2501 Talis
1702 2443 1754 2500 est
1768 2429 1882 2517 'igitur
1899 2426 2014 2515 Deus,
2046 2444 2088 2501 ut

65 2540 112 2616 bit
124 2567 277 2637 magnes
299 2544 433 2611 ferrum
456 2564 518 2611 sua
540 2540 691 2634 quadam
715 2537 770 2623 vi,
800 2538 876 2606 sine
902 2533 1048 2605 noticia:
1101 2527 1198 2601 bunc
1216 2530 1378 2599 ordinem
1396 2529 1499 2617 velit,
1526 2541 1561 2599 et
1574 2524 1640 2601 hae
1657 2529 1809 2603 noticiae
1823 2530 1915 2600 radii
1932 2545 2015 2602 sunt
2030 2553 2087 2602 sa·

63 2647 107 2717 its
134 2644 363 2717 ventriculus
382 2637 529 2715 attrahit
549 2640 687 2723 cibum,
719 2638 757 2706 vi
778 2636 903 2707 caloris
929 2649 965 2706 et
984 2658 1049 2725 ope
1101 2630 1255 2724 pientiae
1271 2629 1423 2700 divinae.

64 2747 243 2817 villorum.
296 2741 516 2814 Naturaliter
533 2755 567 2811 et
583 2764 644 2809 cot·
658 2739 770 2829 glgssll
789 2750 822 2807 el
841 2735 1051 2807 transmittit
1203 2743 1304 2818 Esset
1320 2762 1436 2819 autem
1454 2744 1540 2818 haec
1554 2749 1615 2818 lux
1636 2751 1675 2819 in
1693 2751 1800 2820 nobis
1816 2751 1929 2822 multo
1946 2751 2089 2834 clarior,

64 2848 222 2939 spiritus,
249 2867 312 2914 ⁸⁶¹1
324 2844 478 2929 lffl'diffl,
503 2865 565 2913 ⁸01¹
580 2840 749 2915 crebrlub
781 2834 868 2909 lude
883 2851 917 2909 02
928 2837 1050 2929 PU¹⁵¹1⁸
1102 2851 1133 2920 si
1148 2863 1275 2921 natura
1293 2842 1478 2917 hominum
1495 2873 1570 2919 non
1586 2851 1804 2939 languefacta
1821 2865 1927 2937 esset,
1952 2854 2014 2922 sed
2035 2866 2089 2922 ta-

10 3022 12 3037 ,
67 2960 110 3019 est
122 2961 249 3020 motus
264 2944 451 3018 naturalis.
1034 2966 1037 2971 ·
1103 2974 1184 3019 men
1200 2944 1316 3018 adhuc
1330 2949 1486 3041 reliquae
1499 2963 1584 3019 sunt
1605 2953 1777 3022 scintillae
1798 2965 1935 3032 tantae,
1962 2966 2019 3035 ut,
2045 2954 2089 3020 de

10 3044 13 3177 l
159 3063 240 3135 Sed
254 3074 374 3133 motus
393 3058 617 3129 voluntarius
634 3069 704 3142 est,
737 3052 800 3149 qui
814 3055 909 3124 iuxta
926 3049 1051 3140 imagi·
1103 3050 1263 3120 numeris
1279 3048 1378 3118 nulla
1400 3062 1451 3119 est
1473 3050 1661 3122 dubitatio.
1713 3049 1889 3122 Iudicium
1914 3053 2018 3122 etiam
2044 3055 2090 3119 de

68 3165 250 3236 nationem
276 3185 340 3232 seu
362 3162 537 3232 delectum
564 3152 772 3239 inchoatur,
804 3168 839 3225 et
864 3167 972 3224 cessat
995 3153 1052 3220 in·
1104 3150 1294 3220 sceleribus
1308 3162 1387 3240 post
1400 3149 1527 3220 delicta
1542 3165 1613 3222 tam
1630 3151 1798 3221 tenaciter
1812 3167 1943 3236 manet,
1968 3165 2009 3223 ut
2022 3147 2090 3221 ho·

10 3324 12 3347 2
65 3266 178 3337 citatis
192 3263 337 3346 nervis,
360 3260 530 3331 musculis
544 3274 579 3330 et
593 3252 735 3327 chordis
747 3257 786 3324 in
801 3256 845 3324 iis
860 3253 1052 3326 animanti·
1104 3252 1218 3320 mines
1234 3251 1285 3319 rei
1303 3250 1554 3339 extinguantur
1570 3249 1809 3323 conscientiae
1822 3254 2019 3325 doloribus.

9 3398 12 3451 3
65 3369 148 3447 tos,
187 3366 230 3433 ln
260 3362 392 3455 quibm
422 3374 476 3432 θδῑ
503 3360 601 3428 ’ὃῐῑθ
631 3358 871 3426 membfflfflm
897 3354 1054 3444 ἃὸῑῑθῑὶθι
1204 3365 1295 3438 Cum
1313 3367 1422 3455 igitur
1436 3367 1473 3435 in
1489 3361 1556 3438 bac
1567 3381 1666 3460 parte
1682 3363 1839 3439 hominis
1852 3383 1923 3441 tam
1940 3371 2091 3440 illustria

9 3554 12 3571 Ι
64 3466 233 3537 videlicet
254 3461 476 3555 Ρῐῠεΐθῦθὶθ,
513 3460 668 3542 V0l³l¹1⁸2
707 3457 864 3551 Hylam,
904 3455 1051 3526 natatio·
1105 3470 1177 3539 sint
1190 3469 1234 3538 de
1249 3466 1326 3538 Deo
1340 3467 1559 3553 testimonis,
1590 3490 1741 3561 cumque
1755 3472 1942 3562 praecipue
1958 3472 2090 3540 discer-

9 3606 11 3611 ·
65 3568 137 3639 Nee
168 3566 245 3635 ism
270 3563 455 3656 loquimur
474 3563 519 3630 de
541 3558 723 3629 vermibus
748 3572 785 3627 θῑ
807 3549 971 3640 ⁰⁰¹¹cl¹l⁸s
1013 3556 1052 3623 5¹¹
1105 3583 1167 3639 nat
1182 3564 1530 3650 hominesabestiis,
1557 3582 1591 3640 et
1606 3570 1651 3639 sit
1667 3570 1758 3640 vitae
1773 3573 1913 3657 rectrix,
1938 3572 2091 3661 diligen-

9 3676 11 3683 ‘
64 3667 194 3762 quibus
209 3677 353 3735 tautum
368 3661 531 3733 dilatatio
547 3673 581 3730 et
602 3657 805 3729 constrictio
830 3669 902 3741 est,
926 3669 1055 3726 utcun-
1105 3685 1160 3741 m
1179 3669 1435 3739 consideranda
1461 3683 1531 3751 est,
1563 3682 1735 3761 quantum
1758 3671 1836 3741 fieri
1857 3686 1981 3764 potest,
2041 3668 2091 3741 Εῑ

64 3792 132 3862 que
144 3785 363 3859 promovent
380 3785 547 3854 totvm,
570 3782 662 3851 ‘1¹¹³‘
677 3757 817 3830 etiamst
832 3756 871 3829 fil
885 3756 1056 3842 nervuli&
1106 3772 1222 3840 fontes
1257 3769 1416 3838 omnium
1448 3770 1578 3838 artium
1614 3782 1698 3839 sunt
1738 3771 1778 3839 in
1819 3768 1884 3842 bac
1923 3772 2093 3863 potentia.

63 3885 182 3940 tamen
200 3867 243 3934 in
259 3860 317 3933 his
340 3886 416 3932 non
442 3873 637 3931 cernuntur
652 3859 840 3929 distinctae
860 3852 1055 3938 machinae,
1108 3870 1229 3959 Quare
1244 3869 1319 3938 eius
1334 3867 1488 3957 cognitio
1504 3870 1549 3937 acl
1566 3869 1759 3941 multarum
1775 3895 1897 3943 rerum
1915 3875 2092 3944 diiudica-

64 3985 104 4040 nt
116 3969 157 4038 in
174 3966 259 4037 aliis
272 3963 526 4034 animantibus.
1107 3973 1241 4043 ajonem
1258 3970 1450 4040 necessaria
1465 3982 1528 4045 est,
2133 3958 2141 3968 '

172 4079 321 4150 Tertius
353 4092 473 4148 motus
503 4089 555 4148 est
583 4077 714 4147 mixtus
740 4099 782 4146 ex
805 4072 1007 4145 voluntario
1023 4084 1057 4143 et
1209 4087 1288 4158 Etsi
1302 4100 1419 4158 autem
1434 4080 1502 4156 hoe
1522 4087 1702 4177 speculum
1717 4087 1786 4162 Dei
1808 4115 1883 4161 non
1905 4103 2020 4182 potest
2041 4089 2093 4159 ita

64 4181 234 4262 naturali,
259 4191 300 4250 nt
311 4178 417 4251 urina
432 4178 561 4270 partim
578 4189 703 4268 sponte
719 4176 903 4262 emittitur,
928 4174 1055 4266 partim
1108 4189 1310 4272 monstrari,
1333 4201 1375 4259 ut
1388 4188 1529 4279 apecula
1544 4204 1747 4262 nostrorum
1761 4215 1948 4283 corporum
1964 4212 2092 4260 manu.

65 4309 129 4357 suo
142 4295 249 4354 motu
264 4280 412 4351 labitur·
1108 4291 1199 4361 facta
1221 4314 1262 4359 ex
1284 4290 1376 4359 vitro
1401 4302 1437 4359 ct
1456 4290 1622 4380 plumbo,
1662 4304 1781 4362 tamen
1800 4292 1954 4362 actiones
1974 4304 2093 4361 osten·

1110 4392 1211 4475 dunt,
1237 4413 1310 4460 esse
1328 4389 1367 4460 in
1384 4391 1487 4460 nobis
1500 4392 1604 4461 talem
1619 4392 1822 4482 potentiam,
1848 4386 1938 4483 (prae
1954 4405 1989 4462 et
2004 4414 2093 4485 qna·

195 4487 260 4558 De
283 4486 457 4576 potentio
483 4478 667 4551 rationale·
697 4498 765 4551 seu
788 4480 931 4554 Mente.
1110 4493 1153 4561 lis
1169 4493 1231 4576 sit,
1257 4491 1295 4560 in
1314 4491 1529 4560 illaaeterna
1545 4493 1831 4564 luceeememus.
1864 4491 2093 4565 Nuncactio-
2202 4532 2205 4539 ·

1109 4615 1172 4662 nes
1192 4592 1471 4676 consideremus,
1503 4604 1538 4661 et
1561 4590 1839 4680 distinguamus,
1870 4618 1960 4686 quae
1981 4616 2047 4663 nos
2072 4617 2093 4664 a

1110 4693 1230 4764 bestiis
1245 4693 1464 4777 discernunt,
1488 4703 1524 4760 et
1539 4713 1630 4783 quae
1645 4705 1728 4764 sunt
1742 4695 1941 4764 testimonia
1953 4692 2093 4780 cheo,

1109 4807 1144 4866 et
1156 4795 1264 4865 vitam
1279 4803 1426 4882 regunt,
1452 4804 1487 4861 et
1501 4790 1652 4881 gignunt
1667 4816 1794 4864 omncs
1808 4791 1974 4868 honestas
1989 4808 2092 4866 artes.

173 4627 256 4703 Etsi
288 4629 467 4724 penetrari
492 4628 567 4699 acie
590 4622 766 4698 humanae
787 4629 916 4701 mentis
939 4652 1057 4699 rerum

66 4746 197 4805 natura
222 4756 298 4802 non
322 4743 456 4824 potest,
481 4742 599 4801 tamen
622 4728 700 4800 vult
717 4725 814 4800 Deus
835 4755 911 4800 eam
927 4733 973 4801 ab
990 4725 1057 4799 lm-

65 4834 227 4906 minibus
243 4833 373 4924 aspici,
397 4844 440 4903 ut
453 4829 494 4899 in
511 4851 552 4900 ca
571 4829 835 4899 consideremus
857 4830 1055 4901 testimonia

66 4937 110 5006 de
123 4935 224 5028 ipso,
249 4957 341 5028 qnae
360 4932 554 5004 ostendunt
576 4943 609 5000 et
632 4951 706 4999 esse
719 4927 854 5016 Deum,
888 4944 922 5000 et
941 4930 1057 5023 qualis
1208 4926 1372 5000 Diximus
1387 4937 1503 4996 autem
1520 4937 1622 4997 antea
1642 4926 1687 4996 de
1707 4931 1895 5019 potentiis,
1920 4953 2008 5027 quae
2025 4954 2093 5000 no-

65 5037 122 5108 sit.
161 5035 216 5105 Ae
231 5036 321 5104 ordo
336 5034 377 5103 in
392 5045 465 5105 tots
480 5031 616 5122 reliqna
630 5044 775 5110 natura,
799 5044 938 5120 praeter
954 5056 1055 5101 men·
1107 5028 1290 5099 minantur
1311 5027 1515 5118 organicae,
1556 5027 1592 5096 id
1616 5040 1689 5115 est,
1720 5053 1810 5123 quoe
1834 5057 1907 5102 non
1931 5045 2094 5102 exercent

65 5150 134 5207 tem
149 5131 325 5222 hominis,
350 5133 527 5214 ostendit,
554 5126 651 5202 bunc
673 5131 846 5199 mundum
868 5155 941 5200 non
966 5133 1055 5202 exti-
1106 5155 1185 5202 suas
1206 5131 1317 5217 vires,
1340 5127 1410 5198 nisi
1433 5151 1497 5216 per
1517 5151 1647 5219 organa
1669 5153 1859 5224 corporea,
1891 5159 1981 5228 quae
2008 5133 2091 5226 quia

66 5238 146 5308 tisse
167 5260 268 5319 casu,
300 5237 365 5306 sed
385 5234 606 5306 conditorem
630 5255 704 5302 esse
722 5230 891 5302 artificem
913 5234 1055 5324 sapien·
1105 5233 1293 5303 monstrari
1317 5242 1466 5322 possunt
1488 5229 1594 5301 etiam
1615 5231 1655 5299 in
1678 5231 1819 5319 bestiis,
1863 5236 2024 5306 doctrina
2046 5235 2092 5301 de

65 5352 146 5426 tem,
159 5338 222 5434 qui
237 5336 408 5412 mirando
420 5334 571 5409 consilio
584 5333 720 5426 positus
735 5355 937 5424 corporum,
952 5334 1054 5420 coeli,
1104 5334 1154 5403 eis
1167 5335 1285 5405 minus
1304 5333 1453 5404 obscura
1468 5344 1531 5408 est.
1581 5330 1634 5404 At
1651 5332 1691 5403 in
1717 5328 1864 5407 bomine
1885 5359 1959 5406 esse
1977 5333 2086 5404 aliam

1904 5682 1936 5709 δι
2033 5680 2102 5710 hu·-
