4538 5754
174 226 254 308 sta
423 219 636 300 sentum
660 221 739 301 ert
765 217 885 298 uun
910 218 980 300 ao
1003 223 1132 303 utsr.
1154 223 1303 306 eaor.
1327 221 1398 302 ur
1421 225 1617 309 runos.
1642 178 2012 311 sommum(
2148 244 2227 316 sm

181 425 283 475 verso
305 397 444 491 positu,
469 397 568 490 quod
588 396 635 466 ad
649 395 719 466 loci
742 399 978 470 mutationem
1004 399 1175 492 pertinet,
1505 403 1567 475 De
1592 409 1718 477 camp,
1741 401 1932 502 finam

183 520 225 578 ut
238 500 329 592 tigni
340 500 503 590 paramus
516 497 621 567 aliter
632 497 757 589 poeta
771 500 811 572 n
825 514 954 573 statua·
1327 533 1557 607 necessest
1590 539 1808 610 considerari
1851 542 1977 612 aarum
2003 543 2226 626 aetermam,

284 631 437 706 Erudita
462 629 635 702 sententia
661 644 754 702 extat
773 637 869 725 apud
884 632 1110 705 Aristotelem
1136 634 1174 701 in
1228 635 1310 732 quia
1323 656 1425 729 saepe
1438 637 1631 707 bonitatem
1646 640 1797 712 actionis
1809 656 1923 714 motat
1936 644 2029 719 linis.
2063 644 2111 717 Ut
2125 646 2221 718 alins

185 739 291 812 tertio
304 731 515 806 Ethicornm
523 783 535 817 ,
562 733 627 802 ubi
650 756 771 803 causas
792 737 998 828 praecipuas
1015 736 1175 805 omnium
1228 737 1339 809 amieo
1355 738 1571 828 gratificatur
1586 741 1799 831 captatione,
1821 745 1913 813 alius
1926 745 2067 816 liberali
2083 749 2220 828 animo,

188 864 308 912 rerum
339 849 374 906 et
403 835 583 904 actionum
611 834 780 919 recitans,
815 838 864 906 sie
896 861 953 906 eas
975 834 1176 907 distribuit:
1228 838 1266 908 id
1283 851 1353 923 est,
1379 839 1519 909 virtutis
1534 863 1657 926 causa,
1682 865 1744 913 seu
1760 843 1894 914 officio:
1916 836 1962 916 'ut
1983 842 2070 918 hacc
2083 850 2220 920 linibus

90 972 93 976 ·
186 943 371 1022 Naturam,
384 934 647 1025 Necessitatem,
674 934 882 1022 Fortunam,
897 937 1069 1008 Mentem.
1102 936 1176 1007 Has
1228 939 1408 1024 differunt,
1422 933 1537 1013 νόσον
1551 938 1652 1032 ἔχεις,
1676 938 1819 1040 χαίρεις
1831 939 1973 1037 διδούς,
2001 948 2118 1042 inquit
2128 945 2220 1041 llpi·

189 1041 292 1136 ponit
307 1038 437 1131 species
452 1059 638 1108 cansarum
653 1037 895 1112 efficientium.
929 1039 1044 1130 Supra
1058 1051 1175 1109 autem
1229 1036 1410 1125 charmns,
1435 1042 1537 1112 letari
1559 1045 1701 1129 dando,
1721 1049 1888 1116 morbum
1912 1070 1996 1117 esse.
2049 1049 2119 1120 Sed
2137 1074 2221 1120 cum

191 1141 390 1236 expositum
404 1153 467 1223 est,
494 1138 581 1231 quid
598 1152 759 1209 naturam
777 1141 897 1212 vocari
911 1153 1082 1233 oporteat,
1110 1141 1178 1209 sci·
1229 1138 1298 1213 hoc
1316 1142 1410 1212 dicto
1433 1165 1591 1233 pugnare
1611 1145 1755 1216 videtur
1777 1149 1952 1219 sententia
1966 1149 2087 1219 Pauli:
2111 1149 2219 1221 Hila-

191 1239 556 1334 ticet,·substsntiam
582 1262 624 1309 ex
649 1241 795 1311 materia
817 1256 853 1313 et
873 1243 988 1313 forma
1012 1254 1178 1313 constan·
1230 1267 1305 1314 rem
1321 1245 1480 1314 datorem
1496 1245 1613 1334 diligit
1630 1243 1742 1323 Dens.
1778 1246 1875 1318 Haec
1891 1251 2022 1321 finibus
2035 1253 2222 1335 differunt,

192 1362 287 1437 tem,
313 1367 374 1414 sua
394 1341 429 1411 vi
443 1341 665 1431 gignentem,
692 1357 754 1412 aut
770 1356 987 1415 moventem:
1020 1357 1061 1415 ut
1085 1343 1179 1432 ignis
1230 1347 1376 1415 morbus
1398 1360 1449 1414 est
1469 1349 1590 1416 dando
1611 1347 1732 1427 letari,
1758 1350 1910 1431 scilieet,
1935 1353 2144 1442 profusione
2165 1355 2221 1420 le-

192 1472 268 1520 non
284 1446 429 1516 aliunde
447 1442 556 1513 snmit
571 1442 644 1511 vim
662 1443 907 1532 calefaciendi,
935 1447 995 1515 sed
1014 1445 1179 1516 substan·
1230 1447 1310 1518 tari.
1363 1446 1433 1517 Sed
1454 1447 1565 1538 pietas
1580 1463 1650 1533 est,
1676 1450 1793 1520 officio
1809 1451 1921 1524 letari.
1973 1448 2144 1544 Exempla
2158 1455 2219 1523 in-

192 1552 243 1622 tia
268 1562 320 1620 est
343 1567 446 1616 causa
468 1543 616 1628 caloris,
646 1567 719 1637 qno
749 1546 917 1617 ealefacit.
969 1544 1022 1618 lta
1053 1559 1178 1637 natura
1229 1548 1465 1618 numerabilia
1490 1549 1593 1619 offert
1622 1550 1831 1642 quotidiana
1855 1553 1937 1623 vita.
1994 1553 2142 1624 Necesse
2166 1569 2222 1625 est

192 1649 337 1744 proprie
350 1649 396 1717 de
411 1644 608 1718 substantia
624 1645 776 1732 dicitur,
801 1647 988 1720 constituta
1006 1673 1047 1720 ex
1068 1661 1179 1719 mate·
1229 1649 1340 1739 igitur
1358 1652 1405 1720 de
1434 1649 1636 1721 differentia
1661 1651 1787 1722 linium
1811 1653 1989 1724 studiosos
2011 1678 2221 1725 commone·

192 1753 245 1825 ria
262 1765 297 1824 et
314 1751 443 1822 forma.
1229 1750 1318 1824 lieri,

294 1882 434 1954 Deinde
448 1896 550 1954 vocat
571 1882 813 1954 necessitatem
831 1885 993 1956 ordinem
1015 1899 1177 1957 motuum
1331 1848 1501 1970 DFl'lifffl
1515 1866 1632 1924 amem
1648 1868 1731 1925 ⁸⁰⁰²
1744 1852 1846 1929 fissfflo
1878 1851 1955 1926 Alli
1971 1870 2220 1945 metuentes,

194 1987 417 2058 coelestium:
444 1997 485 2055 nt
504 2005 606 2054 causa
625 1984 880 2055 vicissitudinis
894 1988 1033 2057 dierum
1054 2002 1089 2059 et
1111 2011 1178 2057 no·
1231 1953 1477 2072 ⁸²¹²,l‘fflmm’
1502 1969 1541 2024 ¹¹²
1561 1956 1689 2024 dume
1703 1958 1887 2045 ⁶⁰⁰l⁰8⁶¹¹¹
1902 1959 2142 2059 P5⁰⁰²⁰³⁰d³⁸
2155 1981 2220 2027 ⁸⁰·

192 2089 323 2173 etium,
348 2086 671 2180 aequinoctiorum,
692 2100 725 2156 et
739 2087 973 2158 solstitiorum
990 2102 1042 2159 est
1058 2111 1178 2158 neces-
1230 2056 1325 2126 Μὴ*
1340 2077 1456 2126 ‘³⁰⁸⁸’
1498 2056 1573 2124 Am
1588 2058 1791 2127 “bellam“
1805 2082 1867 2128 ⁸⁰⁰
1882 2081 1956 2128 ⁰⁰¹¹
1972 2073 2219 2146 ⁶⁰⁰8n¹e¹¹¹⁸⁸⁹

193 2192 296 2272 sitas,
320 2189 445 2274 idest,
470 2202 634 2260 aeternus
654 2189 744 2258 ordo
760 2200 922 2259 motuum
938 2190 1154 2263 coelestium.
1231 2170 1272 2227 ¹¹²
1301 2159 1429 2227 ‘¹¹¹⁰‘oe
1452 2157 1636 2244 ⁶⁰¹¹i¹¹g⁰¹¹¹
1658 2172 1804 2250 Pf⁰l¹l²¹
1832 2181 1995 2248 ΜΒΝ
2021 2159 2220 2248 Pecuniam

554 2290 556 2301 ·
924 2282 927 2287 ’
1232 2258 1333 2328 Sunt
1349 2270 1464 2325 autem
1493 2273 1744 2345 congruentes,
1776 2262 1821 2329 ad
1844 2283 1933 2352 quos
1955 2282 2011 2328 res
2038 2279 2098 2328 aut
2125 2259 2217 2329 actio

292 2322 450 2409 D⁰l⁰d⁰¹
483 2326 625 2394 f⁰m¹¹¹³
650 2337 818 2394 ‘Nema
842 2349 905 2414 Per
927 2325 1110 2410 ‘meldim’
1134 2326 1179 2394 de
1232 2380 1314 2427 vere
1337 2358 1499 2425 ordinata
1521 2373 1589 2426 est:
1627 2371 1667 2427 ut
1695 2356 1792 2429 Ruta
1817 2363 1981 2430 ordinata
2005 2374 2077 2437 est,
2106 2375 2149 2432 ut
2170 2359 2217 2428 sit

192 2451 262 2522 qua
279 2425 397 2496 statim
411 2425 505 2494 inira
522 2425 689 2494 dicemus.
741 2423 922 2515 Significat
937 2442 1053 2498 autem
1069 2426 1180 2496 actio·
1231 2458 1528 2530 medicamenmm
1560 2480 1748 2548 corporum
1800 2484 1874 2529 non
1897 2475 1939 2530 ut
1964 2460 2071 2550 pellat
2093 2461 2218 2530 incan-

192 2552 276 2598 nem
292 2528 331 2596 in
355 2540 480 2617 agente
503 2524 687 2610 rationali,
713 2527 770 2597 eui
785 2527 911 2599 accidit
930 2528 1066 2621 aliquid
1084 2528 1181 2612 boni,
1232 2560 1395 2631 mione&
1756 2513 1767 2543 '

193 2645 254 2702 ant
269 2627 368 2713 mali,
393 2629 489 2720 quod
506 2650 580 2696 non
597 2626 799 2716 praevisum
812 2640 874 2712 est,
900 2643 940 2699 ut
954 2629 1063 2697 fossio
1077 2651 1180 2699 causa

193 2743 246 2802 est
261 2753 326 2821 per
343 2728 524 2852 accidens,
549 2723 872 2847 inventithesauri.
922 2727 991 2800 llic
1007 2743 1069 2800 aut
1080 2731 1180 2801 nulla
1216 2761 1361 2854 >aliquis
1377 2773 1428 2829 es,
1444 2760 1648 2851 principalis
1664 2778 1698 2832 e,
1714 2763 1879 2846 ultimus,
1904 2786 2009 2856 quem
2026 2784 2108 2833 cum
2123 2783 2218 2830 περ,

193 2832 526 2950 ⁰³⁰⁸³‚P¹'³⁰⁰‘{d¹²3
544 2842 598 2949 ‚Pl
630 2825 841 2948 Pb¹l⁰ff⁰ph¹
872 2831 1089 2950 ¹⁰q¹¹‚¹¹,¹¹¹¹¹‘’
1120 2846 1180 2949 ³¹¹}
1233 2864 1307 2933 cuti
1323 2885 1463 2941 sumus,
1486 2863 1759 2953 acquiescimus,
1783 2887 1848 2933 nec
1861 2862 2056 2955 expetimus
2070 2863 2219 2951 insuper

193 2948 287 3006 certe
306 2943 427 3022 ignota
444 2931 587 3002 rntlrcus
602 2926 780 3011 humanis.
829 2926 1014 3022 Exposrtto
1031 2929 1180 3004 Romuli
1232 2964 1344 3033 alium
1368 2963 1492 3031 finem,
1526 2978 1567 3032 u,
1593 2965 1679 3032 ΜΠ
1702 2964 1782 3033 finis
1804 2964 2035 3049 ultimum,
2059 2986 2128 3054 pax
2152 2959 2219 3030 ho,

193 3055 296 3107 causa
319 3045 371 3103 est
393 3056 456 3124 per
480 3032 645 3102 accidens
672 3032 881 3103 nutritionis
907 3033 1017 3104 factae
1040 3057 1059 3101 a
1084 3034 1181 3122 lupa.
1233 3077 1331 3134 nes„
1366 3075 1404 3134 ,p
1430 3063 1543 3135 firma·
1593 3061 1665 3134 sed
1694 3065 1776 3133 finis
1806 3065 1944 3135 medius
1972 3080 2025 3135 e„
2059 3064 2218 3133 vimi&

193 3134 265 3208 sed
282 3135 481 3253 d⁰⁰lri¹¹³¹¹f
499 3135 545 3253 de,
562 3133 675 3204 ⁰³u⁸i⁵
690 3157 753 3224 Per
772 3134 955 3251 accidffns’
986 3147 1103 3226 Ροεωἃ
1121 3158 1181 3254 ρξ’
1232 3163 1316 3234 Non
1335 3146 1440 3232 'enim
1463 3177 1601 3233 tantum
1625 3166 1758 3253 geritur
1777 3165 1933 3249 bellum,
1960 3180 2000 3235 ut
2023 3166 2218 3242 vincamus,

193 3259 388 3328 9⁰⁰⁹m¹²⁸’
412 3237 478 3304 ⁰¹³¹
500 3247 603 3305 ‘mm
619 3235 993 3315 ⁰⁰¹¹¹¹¹¹⁰¹⁰⁰¹³b¹¹¹¹¹¹⁸2
1018 3259 1128 3328 ‘luate
1143 3259 1182 3303 ¹¹¹
1232 3267 1293 3334 sed
1310 3277 1350 3334 nt
1365 3264 1466 3332 victis
1477 3258 1650 3342 hostibus,
1671 3278 1791 3355 postea
1804 3279 1879 3334 tuto
1895 3265 2038 3336 educari
2050 3279 2084 3334 et
2097 3264 2219 3333 erudi-

192 3332 420 3429 pbi¹⁰⁸⁰phi⁸
437 3335 579 3405 recitari
593 3356 650 3403 ⁸³⁵
665 3356 804 3404 meme
819 3335 877 3403 ω’
1234 3366 1267 3434 ri
1284 3364 1389 3436 liberi
1404 3365 1517 3433 nostri
1532 3365 1676 3455 possint,
1702 3379 1737 3434 et
1752 3361 1899 3436 honeste
1915 3366 1989 3456 regi
2004 3364 2204 3455 disciplina.

223 3454 226 3466 ¹
295 3467 457 3539 Mentem
479 3463 548 3537 boc
581 3467 661 3535 loco
681 3480 784 3538 vocat
807 3462 1015 3568 Aristoteles
1048 3484 1181 3560 partem
1334 3461 1407 3535 Nec
1422 3466 1576 3534 difficilis
1596 3480 1648 3534 est
1663 3467 1871 3558 diiudicatio
1889 3467 1983 3537 iuter
2007 3469 2095 3536 fines
2117 3465 2219 3554 prin·

193 3571 410 3642 iudicantem
436 3581 471 3639 et
501 3568 731 3641 voluntatem.
771 3565 1182 3640 ldeoenimibidiseer·
1233 3567 1363 3661 ripales
1390 3582 1425 3637 et
1446 3567 1565 3636 minus
1588 3568 1811 3658 principales.
1863 3566 1933 3637 Sed
1948 3568 2067 3637 minus
2084 3567 2219 3657 prinei·

194 3674 250 3743 nit
265 3694 395 3752 causas,
421 3693 508 3763 quas
524 3669 694 3754 recensui,
711 3681 750 3739 ut
766 3673 928 3740 ostendat
943 3671 1084 3744 virtutis
1099 3697 1182 3743 can·
1234 3671 1330 3761 pales
1345 3667 1571 3738 discernendi
1584 3682 1678 3737 sunt.
1730 3668 1804 3738 Alii
1819 3684 1904 3740 sunt
1919 3669 2153 3751 subordinati,
2179 3681 2219 3736 ut

196 3797 272 3845 sam
299 3796 388 3857 esse,
414 3797 489 3843 non
513 3784 694 3856 naturam,
719 3793 794 3841 non
815 3772 1073 3855 necessitatem,
1107 3798 1181 3844 non
1234 3769 1478 3864 principaliter
1498 3784 1590 3840 recte
1619 3768 1821 3838 laciendum
1848 3783 1899 3838 est
1924 3782 2068 3859 propter
2090 3765 2220 3850 Deum,

194 3879 396 3960 fortunam,
429 3876 490 3945 sed
515 3886 669 3944 mentem
693 3887 728 3943 et
750 3875 986 3945 voluntatem:
1019 3890 1059 3944 ut
1079 3875 1181 3945 iusti·
1234 3871 1364 3941 deinde
1387 3869 1491 3939 etiam
1515 3882 1655 3938 nostrae
1675 3869 1942 3962 tranquillitatis
1965 3892 2087 3948 causa,
2113 3869 2219 3937 tertio

139 4020 144 4025 ·
196 3978 272 4049 ciae
297 3977 335 4046 in
350 3972 508 4045 Aristide
527 3975 605 4044 vult
627 3997 766 4067 cansam
789 3997 880 4060 esse,
911 3999 986 4043 non
1007 3990 1182 4066 tempera·
1234 3988 1270 4044 et
1302 3984 1446 4064 propter
1477 3969 1628 4038 aliorum
1663 3971 1966 4063 tranquillitatem.
2031 3969 2083 4040 lta
2116 3991 2219 4058 saepe

194 4091 369 4164 mentum,
385 4077 479 4171 quod
496 4087 547 4145 est
563 4099 604 4145 ex
619 4076 765 4145 materia
781 4090 816 4146 et
831 4077 963 4159 forma,
989 4101 1055 4144 nec
1069 4078 1179 4167 legem
1234 4073 1342 4144 unius
1354 4072 1416 4155 rei,
1436 4071 1491 4139 vel
1506 4071 1656 4140 actionis
1671 4071 1774 4141 multi
1791 4070 1877 4139 lines
1888 4085 1972 4141 sunt
1985 4071 2113 4140 ordine
2129 4093 2220 4163 quo·

194 4181 350 4276 aliquam
372 4179 537 4258 letalem,
570 4189 611 4246 ut
633 4174 745 4246 Stoici
766 4169 966 4265 lingebant,
999 4173 1181 4250 Aristiden
1233 4178 1316 4245 dam
1332 4172 1540 4244 comitantes
1555 4172 1799 4264 principalem,
1825 4183 1887 4241 aut
1900 4173 2158 4255 antecedentes,
2179 4183 2219 4240 ut

108 4290 112 4314 ³
193 4281 266 4354 lato
290 4283 423 4353 iustum
455 4302 547 4363 esse,
584 4275 783 4369 Harpalum
811 4279 886 4349 lato
915 4301 988 4347 esse
1016 4279 1183 4367 furacem,
1235 4277 1383 4347 victoria
1399 4297 1518 4365 pacem
1534 4273 1720 4344 antecedit.

92 4445 99 4460 .
194 4406 259 4452 nec
281 4383 462 4453 loctunam
480 4404 553 4452 esse
565 4402 705 4451 causam
722 4379 886 4465 virtutis,
911 4394 952 4451 ut
968 4382 1094 4472 vulgus
1114 4405 1181 4473 pu.
1336 4375 1413 4447 Alii
1427 4388 1510 4444 sunt
1526 4397 1600 4443 non
1616 4372 1856 4457 subordinati,
1876 4370 1934 4440 sed
1951 4392 2093 4462 quoquo
2113 4371 2220 4438 modo

194 4496 263 4561 tat,
290 4505 354 4554 suo
377 4487 531 4576 quodam
556 4483 711 4572 impetu,
736 4503 810 4550 non
834 4482 1088 4552 deliberatione
1107 4484 1182 4554 lor·
1234 4489 1503 4557 concurrentes,
1529 4489 1569 4544 ut
1585 4500 1666 4544 eum
1681 4473 1894 4556 ambulatio,
1920 4494 1979 4539 seu
1996 4485 2101 4560 potus
2115 4492 2220 4561 expe·

193 4597 265 4653 tem
285 4607 357 4654 esse
374 4584 628 4655 Alexandrum.
1235 4580 1323 4651 titur
1336 4575 1495 4647 sanitatis
1511 4599 1631 4663 causa,
1657 4577 1765 4648 simul
1780 4587 1871 4645 recte
1892 4585 2007 4665 potest
2026 4571 2139 4663 expeti
2157 4596 2221 4639 vo-

1235 4680 1380 4772 luptatis
1395 4700 1508 4749 causa.

1333 2655 1381 2728 Et
1397 2652 1436 2728 hi
1452 2659 1538 2729 lines
1557 2672 1790 2748 congruentes
1808 2662 1966 2752 duplices
1981 2674 2076 2733 s'nnt.
2115 2658 2218 2731 Unus

296 4713 356 4787 Ab
371 4713 428 4788 his
444 4718 557 4787 causis
572 4717 742 4788 discernit
756 4730 923 4801 mentem,
948 4716 984 4784 id
1003 4731 1072 4802 est,
1097 4713 1182 4816 ἡγε-

194 4814 352 4910 μονικὸν
368 4817 407 4887 in
422 4814 568 4887 homine
579 4872 603 4902 „
614 4816 778 4889 videlicet
794 4817 987 4902 iudicium,
1012 4841 1074 4890 seu
1092 4821 1181 4891 deli-

140 4933 144 4940 ‘
192 4920 414 4992 horationem
439 4932 473 4990 et
504 4920 723 4990 voluntatem
760 4921 1063 5010 obtemperantem
1086 4935 1181 4992 recto

194 5020 346 5108 indicio,
371 5045 462 5116 quae
488 5032 572 5091 sunt
586 5021 798 5114 principales
815 5043 938 5092 causae
952 5016 1181 5094 honestarum
1418 5013 1518 5102 Quid
1540 5023 1596 5086 est
1615 5035 1733 5085 causo
1748 5035 1817 5106 per
1833 5007 2039 5085 occidens?

1302 4874 1303 4878 ’
1359 4859 2093 4955 Deooueisperoecidens.

195 5123 388 5197 mimum·
1335 5150 1450 5222 Causa
1475 5174 1538 5243 per
1558 5149 1720 5218 accidens
1746 5161 1817 5246 est,
1856 5170 1925 5240 qua
1943 5144 2054 5236 posita
2072 5145 2112 5211 in
2131 5156 2224 5226 actu,

1235 5275 1310 5322 non
1329 5276 1468 5323 necesse
1493 5267 1545 5324 est
1563 5249 1664 5343 sequi
1686 5249 1866 5331 ellectum,
1888 5250 1949 5315 sed
1970 5247 2150 5314 interdurn
2168 5265 2225 5312 se·

1236 5357 1360 5447 quitur
1390 5367 1537 5445 propter
1569 5352 1683 5423 atiud.
1742 5348 1838 5419 Haec
1871 5348 2128 5441 qualiscunque
2160 5347 2225 5413 de·
