4538 5754
50 293 129 369 589
434 318 439 329 ·
675 287 720 363 V.
771 285 1093 365 EROTEMATA
1126 288 1461 365 DlALECTlCES.
1785 301 1790 307 '
2005 297 2082 370 690

53 467 232 538 sententia
248 476 319 552 est,
341 488 422 535 cum
440 463 547 534 dicisi
572 459 656 534 Non
669 462 889 553 impossibile
902 475 954 532 est
967 460 1046 534 Ro·
1067 475 1072 563 ξ
1094 462 1253 535 cessitate
1266 462 1552 557 consequentiae,
1578 464 1701 549 idest,
1726 485 1817 558 quae
1834 476 1918 535 sunt
1932 467 2077 559 quidem

53 593 151 638 mam
177 568 257 661 capi
279 569 325 637 ab
349 564 564 637 Hannibale.
616 563 699 635 Alia
724 588 805 633 cuin
830 565 934 665 dicis:
970 562 1043 632 lin-
1066 571 1069 633 ἔ
1094 590 1132 634 re
1159 566 1234 657 ipsa
1255 566 1460 650 mutabilia,
1497 567 1655 635 sednon
1680 578 1880 650 mutantur,
1913 568 1969 635 vel
1995 570 2078 663 quia

53 671 227 764 possibile
240 683 292 741 est
305 667 552 741 Romamnon
566 668 645 759 capi
660 668 705 737 ab
719 663 936 740 Hannibale.
963 663 1044 736 Uti·
1093 668 1144 736 sic
1160 693 1179 737 a
1197 664 1272 737 Deo
1289 671 1426 738 decreta
1434 682 1535 756 punt,
1552 668 1609 738 vel
1623 667 1706 761 quia
1721 682 1919 762 sequuntur
1936 693 1977 738 ex
1994 694 2077 741 cau-

54 774 137 844 litas
151 787 271 843 autem
286 767 393 840 liuius
408 771 518 860 partis
543 769 666 859 ingens
683 781 752 853 est,
777 767 861 862 quia
887 762 945 838 bic
968 766 1042 835 dis-
1092 770 1158 854 sis,
1183 794 1273 862 quae
1297 794 1371 838 non
1396 782 1596 854 mutantur,
1625 794 1706 839 cum
1728 783 1845 841 tamen
1866 771 2077 862 mutaripo-
2144 781 2147 785 ’

54 875 191 945 crimen
209 873 407 943 illustratur
420 872 515 942 inter
528 870 722 941 necessaria
737 881 771 939 et
785 893 860 939 non
881 890 1042 938 necessa·
1092 871 1260 955 tuissent,
1287 872 1342 940 vel
1358 871 1441 964 quia
1464 896 1543 941 cum
1568 873 1679 956 fiunt,
1706 870 2000 943 contradictoriae
2023 875 2073 943 si·

54 978 121 1048 ria.
172 971 249 1044 Hos
266 997 385 1044 rerum
400 974 527 1042 modos
549 971 693 1062 agnosci
714 983 750 1040 et
772 970 929 1041 discerni
950 971 1039 1039 adeo
1093 973 1168 1042 mul
1191 997 1295 1042 verae
1315 996 1389 1042 esse
1413 997 1487 1042 uon
1511 986 1679 1065 possunt,
1706 986 1764 1043 ut:
1784 966 2000 1044 'Necessaria
2022 989 2074 1047 εει

54 1079 185 1156 refert,
218 1089 258 1145 ut
283 1069 468 1145 horribilis
492 1072 654 1143 conlusio
677 1095 839 1142 errorum
862 1082 1042 1164 sequatur,
1092 1074 1309 1145 resuscitatio
1335 1089 1385 1145 est
1408 1089 1650 1160 mortuorum,
1676 1074 1759 1168 quia
1782 1068 1880 1144 Deus
1903 1076 2015 1148 edidit
2030 1080 2074 1148 de

53 1202 137 1249 cum
155 1200 231 1247 non
253 1177 535 1248 considerautur.
587 1170 672 1243 Alio
701 1174 810 1242 modo
840 1172 933 1264 ignis
957 1174 1041 1263 agit,
1092 1199 1132 1246 ea
1148 1178 1339 1247 decretum.
1381 1174 1530 1247 Necesse
1547 1191 1598 1247 est
1612 1176 1735 1267 puniri
1752 1198 1861 1266 genus
1876 1171 2074 1248 humanum

52 1281 125 1350 alio
138 1279 246 1347 modo
264 1279 429 1346 voluntas
443 1273 611 1346 bumana.
653 1274 751 1364 lgnis
765 1278 960 1346 secundum
975 1297 1041 1344 na··
1092 1277 1230 1367 magnis
1246 1277 1523 1363 calamitatibus,
1549 1279 1632 1372 quia
1648 1301 1772 1349 causae
1792 1301 1865 1346 non
1882 1292 2075 1365 mutantur,

53 1396 155 1452 turae
170 1379 333 1449 ordinem
352 1401 427 1447 nou
444 1390 558 1468 potest
573 1401 648 1448 non
664 1376 865 1450 calefacere.
913 1374 963 1448 At
976 1401 1041 1445 vo-
1091 1380 1127 1447 id
1152 1393 1220 1463 est,
1247 1379 1331 1472 quia
1353 1381 1549 1450 multorum
1571 1380 1699 1450 scelera
1722 1379 1863 1450 irritant
1886 1378 1975 1447 iram
1994 1377 2074 1452 Dei.

53 1485 175 1553 luntas
194 1475 349 1549 bumana
376 1492 491 1569 potest
512 1480 604 1549 velle
636 1494 700 1549 aut
727 1477 845 1562 nolle,
876 1491 1040 1568 appetere
1091 1480 1188 1551 Haec
1204 1505 1425 1575 nequaquam
1441 1504 1579 1551 necesse
1595 1481 1747 1555 estberi.
1788 1480 1857 1552 Sed
1874 1481 2074 1576 aequisque

54 1597 115 1655 aut
141 1581 296 1651 aversari
320 1605 394 1651 rein
415 1581 609 1671 inspectam
633 1595 667 1651 et
682 1578 870 1668 aguitama
887 1580 1040 1660 ratione,
1090 1606 1211 1681 regere
1225 1583 1413 1675 disciplina
1428 1597 1563 1674 posset,
1587 1598 1651 1657 etc.
1677 1580 1976 1676 Deniqueomnia
1992 1608 2072 1653 cum

53 1685 177 1776 Scipio
201 1695 314 1774 potest
337 1683 683 1759 voluntatemsuam
706 1680 893 1773 inducere,
919 1705 965 1752 ne
985 1694 1039 1753 at·
1091 1685 1200 1764 fiunt,
1231 1686 1312 1754 ideo
1338 1698 1424 1755 tunc
1449 1684 1644 1754 necessaria
1666 1684 1853 1768 dicuntur,
1880 1684 1963 1777 quia
1987 1709 2073 1755 con-

53 1787 167 1875 tingat
185 1807 350 1876 sponsam
366 1783 530 1855 alienam.
1092 1787 1315 1857 tradictoriae
1331 1808 1404 1856 non
1419 1801 1567 1876 possunt
1581 1787 1689 1856 simul
1706 1810 1808 1856 verae
1826 1808 1910 1870 esse,
1936 1800 1976 1857 ut
1992 1811 2072 1856 cuin
2139 1874 2143 1879 ι

305 1964 313 1979 ι
467 1961 475 1979 ,
500 1962 508 1978 .
1091 1887 1192 1958 Plato
1215 1890 1330 1973 sedet,
1364 1889 1638 1959 contradictoria
1663 1888 1749 1958 salsa
1773 1901 1845 1973 est,
1872 1885 1973 1958 Plato
1997 1913 2073 1959 non

260 1962 333 2032 ΠΨ
358 1954 599 2056 defimfwm
623 1957 828 2033 mmmm·
1090 1992 1198 2063 sedet.
1225 1989 1312 2062 Vult
1328 1991 1422 2059 enirn
1440 1986 1537 2060 Deus
1551 1990 1798 2061 certitudinem
1813 1991 1969 2082 aliquam
1986 2014 2070 2062 esse.

153 2091 395 2164 Necessarium
412 2107 482 2187 est,
506 2095 602 2186 quod
625 2093 729 2163 aliter
751 2118 788 2164 se
809 2089 940 2163 habere
962 2115 1038 2160 non
1090 2089 1167 2163 Etsi
1183 2105 1301 2162 autem
1316 2112 1438 2162 revera
1452 2087 1539 2163 haec
1554 2114 1610 2161 res
1624 2091 1806 2164 mutabilis
1829 2105 1898 2171 est,
1924 2103 1961 2162 ει
1986 2089 2072 2162 baec

55 2209 177 2288 potest.
246 2192 316 2265 Sed
350 2208 503 2286 quatuor
541 2196 670 2284 gradus
698 2208 782 2266 suut
812 2194 1037 2268 necessitatis.
1089 2193 1285 2286 propositio
1311 2217 1433 2264 revera
1458 2195 1666 2285 contingens
1688 2206 1758 2275 est,
1784 2207 1902 2265 tamen
1920 2193 2071 2265 necessi·

54 2297 198 2367 Primus
220 2299 351 2386 gradus
377 2310 449 2381 est,
480 2294 683 2366 Necessaria
706 2298 910 2368 necessitate
931 2297 1037 2367 abso-
1088 2309 1160 2367 tate
1174 2294 1448 2390 consequentiae
1465 2309 1551 2369 tune
1565 2295 1759 2367 necessaria
1775 2293 1918 2367 dicitur.
1960 2291 2009 2366 Et
2026 2296 2071 2364 de

57 2399 141 2483 luta,
162 2420 225 2467 seu
245 2397 453 2487 simpliciter
467 2398 659 2467 necessaria
675 2399 855 2479 dicuntur,
881 2422 1035 2492 quorum
1087 2397 1157 2468 hoc
1172 2411 1350 2489 postremo
1370 2400 1477 2467 modo
1497 2398 1660 2490 loquitur
1672 2396 1880 2469 Aristoteles
1901 2420 1982 2466 cuin
2000 2396 2068 2467 ait:

57 2501 214 2592 opposita
229 2499 438 2591 simpliciter
452 2513 536 2590 saint
550 2500 793 2590 impossibilia.
833 2498 940 2570 Tales
953 2512 1036 2570 tunt
1086 2495 1207 2570 Omne
1227 2502 1323 2592 quod
1341 2513 1411 2581 est,
1437 2501 1581 2593 quando
1594 2512 1666 2585 est,
1691 2522 1830 2570 necesse
1848 2511 2000 2571 estesse.
2027 2495 2067 2566 ld

57 2601 314 2694 propositiones
328 2604 371 2669 de
389 2601 538 2671 essentia
564 2614 598 2672 et
615 2601 804 2672 virtutibus
826 2600 914 2683 Dei,
936 2600 1033 2671 Deus
1087 2615 1225 2672 tantuin
1242 2604 1286 2672 de
1302 2602 1508 2672 necessitate
1523 2602 1795 2695 consequentiae
1810 2600 2040 2688 intelligatur.
2127 2604 2134 2611 '

58 2719 122 2788 tsi,
146 2703 246 2772 Deus
270 2716 320 2772 882
342 2703 492 2772 0889111Ῑῆ
515 2703 736 2792 intelligens,
769 2728 891 2784 verax,
925 2705 1034 2773 bene·
1187 2718 1411 2812 {mpoggibsse
1426 2719 1709 2791 estcommium
1725 2719 1940 2803 necessario,
1965 2742 2005 2788 ac
2020 2717 2070 2788 si.

60 2805 133 2890 fiffli
166 2805 280 2884 5⁰⁵¹&
312 2819 426 2889 (Μ,
453 2804 647 2874 liberrima·
697 2803 883 2875 secundm
903 2807 1033 2895 8‘2‘111·
1085 2820 1236 2910 gnificat.
1245 2845 1447 2913 repugnans
1462 2821 1514 2907 ei,
1538 2821 1634 2915 quod
1652 2833 1767 2912 potest
1782 2843 1856 2891 esse
1871 2833 1932 2891 aut
1946 2820 2035 2890 lieri.

61 2921 115 2992 est,
138 2906 332 2975 necessaria
351 2906 553 2976 necessitate
571 2905 819 2977 definitionum
834 2920 868 2977 et
885 2908 1033 2977 demon-

10 3002 13 3077 i
61 3007 283 3126 ⁵¹¹2²3⁰⁰¹¹ffi
308 3007 586 3127 Pbldf-infflmr
609 3009 831 3126 PPPP⁸5²⁰¹¹¹a
857 3008 1032 3099 fitlml’fi’
1085 3041 1164 3110 ficat
1178 3040 1215 3109 id
1233 3042 1330 3134 qiiod
1347 3055 1461 3133 potest
1475 3042 1572 3126 fieri,
1597 3040 1671 3111 sive
1687 3064 1827 3111 causam
1850 3036 1979 3112 babeat
2003 3066 2068 3110 ne·

10 3130 12 3139 ·
63 3124 142 3179 catio
164 3110 475 3192 contradictionis,
500 3124 557 3180 ut:
585 3108 626 3180 Si
647 3123 805 3200 trigonus
829 3135 904 3181 non
926 3105 1033 3181 habet
1084 3142 1234 3212 ,mario
1258 3156 1434 3231 agentem,
1475 3143 1550 3213 ,qve
1572 3167 1646 3213 non
1670 3141 1866 3213 necessario
1894 3157 2067 3233 agentem·

64 3211 307 3301 ¹¹²⁸³¹¹g⁰¹⁰⁵2
332 3234 407 3282 ¹¹⁰⁰
429 3226 480 3282 ‘⁸¹
500 3210 681 3301 ''imm‘’
706 3210 745 3283 si
764 3212 962 3283 Vi¹¹¹¹⁵¹¹⁰¹¹
981 3225 1032 3283 ‘⁸¹
1085 3241 1214 3314 Graeci
1237 3258 1367 3316 vocant
1392 3239 1578 3329 δυνατὸν,
1612 3254 1668 3315 ut:
1695 3241 1870 3316 Possibile
1893 3259 1944 3317 est
1966 3245 2067 3315 iuve-
2171 3255 2172 3258 ’

63 3336 249 3402 congruens
272 3313 442 3405 quiddam
463 3338 544 3383 cuin
572 3314 691 3402 regula
722 3316 850 3385 mentis
878 3316 1032 3403 divinae,
1083 3370 1165 3415 uem
1182 3338 1358 3435 vigente&
1375 3358 1410 3417 ,q
1424 3347 1599 3418 valentem
1616 3342 1725 3416 hodie
1739 3346 1844 3423 mori·
2024 3405 2026 3410 ¹

64 3438 124 3483 non
145 3415 339 3485 estvirtus.
393 3413 461 3484 Hic
482 3417 610 3505 gradus
631 3415 810 3507 proximus
830 3430 881 3488 εει
904 3418 1031 3508 primo,
1528 3438 1530 3443 '
1929 3421 1932 3425 “

64 3515 132 3608 quia
154 3529 208 3586 est
231 3516 350 3606 regula
374 3517 505 3586 mentis
527 3517 669 3585 divinae
690 3519 855 3602 immota,
880 3534 921 3591 nt
944 3514 1030 3591 baec

64 3617 197 3688 immota
222 3632 289 3688 est:
329 3619 426 3689 Deus
449 3619 525 3688 vult
547 3619 752 3689 castitatem.
813 3619 864 3689 lta
887 3635 921 3691 et
944 3615 1030 3692 haec

62 3717 196 3790 immota
217 3734 287 3791 est:
313 3719 464 3791 Castitas
485 3734 537 3790 est
556 3721 680 3794 virtus.
733 3720 878 3792 Tertius
900 3725 1030 3814 gradus

62 3835 111 3905 est,
126 3822 321 3892 necessaria
334 3823 538 3893 necessitate
554 3819 709 3916 physica,
734 3847 838 3916 quae,
862 3826 946 3919 quia
965 3850 1029 3897 na·

60 3936 125 3991 tura
141 3924 192 3993 sic
204 3925 366 3999 ordinata
384 3939 456 4011 est,
481 3926 606 3995 eodem
625 3927 729 3996 niodo
745 3946 781 3996 se
796 3921 940 4015 habent,
965 3930 1026 4000 sed

59 4037 166 4094 tamen
181 4048 201 4094 a
217 4022 295 4095 Deo
310 4029 439 4097 mutari
463 4041 634 4119 possunt,
658 4042 698 4100 ut
718 4032 874 4121 exempla
896 4045 1030 4102 testan-

57 4139 115 4198 tur.
167 4123 216 4197 Ei
231 4127 281 4196 sie
297 4131 438 4201 condita
456 4145 541 4201 sunt
557 4129 739 4200 liberrima
757 4132 938 4203 voluntate
948 4132 1029 4221 Dei,

10 4202 14 4261 Ι
56 4243 102 4300 ut:
129 4226 227 4319 ignis
242 4233 436 4301 necessario
461 4231 617 4303 calefacit
640 4224 842 4305 necessitate
864 4230 1027 4328 physica,

1184 2937 1359 3008 Possibile
1375 2953 1426 3010 est
1440 2940 1642 3033 oppositum
1660 2939 1882 3031 impossibili,
1900 2964 1940 3009 ac
1956 2940 2068 3030 signi-

1184 3476 1415 3569 Contiugens,
1443 3478 1579 3553 Graece
1593 3476 1847 3575 ἐνδεχόμενον,
1863 3504 1964 3574 saepe
1983 3483 2064 3554 vul·

1081 3604 1126 3671 go
1144 3605 1209 3671 pro
1228 3583 1389 3671 possibili
1407 3599 1619 3676 usurpatur,
1635 3589 1694 3654 sed
1713 3585 1834 3655 differt
1849 3610 1868 3656 a
1886 3583 2064 3676 possibili:

1081 3708 1164 3752 nain
1178 3683 1388 3773 contingens
1406 3688 1601 3775 opponitur
1617 3686 1760 3779 utrique
1776 3686 1980 3778 particulae,
1997 3687 2065 3754 im-

1083 3784 1243 3877 possibili
1261 3800 1296 3856 et
1314 3787 1522 3856 necessario.
1561 3785 1697 3881 Estque
1714 3789 1940 3878 contingens,
1967 3792 2064 3882 quod

1081 3913 1162 3959 cum
1178 3889 1237 3978 lit,
1261 3881 1368 3958 habet
1383 3912 1522 3959 causam
1541 3913 1631 3982 quae
1645 3903 1841 3983 poteratex
1856 3903 1981 3961 natura
1999 3914 2062 3961 sua
2175 3902 2178 3923 '

1081 3991 1185 4062 aliter
1201 4013 1316 4081 agere.
1357 3989 1441 4061 ldeo
1460 4004 1494 4061 et
1511 3993 1597 4063 tales
1615 3993 1785 4065 dicuutur
1801 3993 2062 4081 contingentes:

1081 4091 1219 4164 Aeneas
1256 4091 1343 4164 vicit
1373 4091 1557 4180 Turnum,
1596 4092 1698 4164 Paris
1730 4095 1847 4187 rapuit
1875 4092 2062 4165 Helenam.

1079 4191 1158 4265 Etsi
1181 4194 1277 4263 enim
1302 4208 1487 4288 postquam
1513 4190 1600 4266 haec
1619 4197 1669 4267 ita
1684 4198 1914 4280 acciderunt,
1932 4195 2062 4265 mutari
2098 4228 2104 4242 ’

54 4329 107 4400 Sol
121 4331 319 4401 necessario
337 4347 500 4404 movetur
516 4333 721 4404 necessitate
739 4329 894 4428 physica,
911 4338 946 4404 iil
965 4352 1028 4422 est,
1081 4321 1153 4366 '¹⁰¹¹
1178 4309 1343 4413 9⁰⁵⁸¹¹⁰t3
1369 4310 1487 4367 tamen
1512 4298 1684 4389 paucula
1707 4297 1926 4385 C⁰⁰⁸i⁰⁸⁸⁰⁸
1950 4298 2062 4415 silni'

54 4433 94 4503 δὴ
114 4433 282 4503 immuto
306 4435 434 4505 ordine
458 4432 641 4506 difinitum
692 4434 763 4506 sed
790 4451 907 4508 ,amen
931 4436 1026 4510 neu⁸
1078 4401 1308 4468 ficatcausam
1325 4399 1424 4468 illam
1440 4401 1697 4489 gubernantem
1714 4411 1879 4468 eventum
1905 4412 2060 4490 potuisse

53 4549 157 4625 Potest
170 4534 437 4619 sistereSolem‚
464 4552 503 4607 ut
517 4537 600 4608 fecit
616 4531 654 4605 iii
670 4560 788 4628 Pugna
807 4537 940 4612 losuae.
972 4541 1028 4610 Ac
1078 4501 1182 4570 alim
1196 4522 1309 4589 ³3⁸¹*
1335 4513 1371 4570 εἰ
1386 4503 1540 4590 1)οωίὅδε
1555 4501 1663 4571 “lium
1682 4523 1755 4570 ‘⁸⁸‘
1771 4513 1949 4572 eventum·
1976 4498 2060 4572 ¹⁶⁰⁰
2107 4527 2108 4530 ’

51 4637 249 4708 sigim-„m
268 4637 434 4708 ggtffium
451 4640 686 4709 metandum
706 4652 776 4724 m,
799 4643 861 4732 qui
886 4643 1025 4732 fingunt
1077 4596 1134 4671 his
1152 4602 1268 4720 verbis
1283 4603 1495 4723 describitur
1511 4604 1721 4724 contingens
1738 4602 1776 4671 in
1787 4603 1881 4721 libro
1899 4603 2059 4694 priorum
2120 4654 2122 4659 -

50 4737 162 4810 Deum
179 4737 364 4827 animum
387 4764 461 4811 ,Ν
483 4740 804 4826 ς,ως,,ωωῃάῑ8,
836 4766 900 4813 nec
923 4767 1025 4837 posse
1077 4704 1335 4774 resolutiouum
1355 4703 1572 4776 Aristotelis:
1599 4702 1817 4795 Contingens
1837 4707 1937 4790 dico,
1963 4707 2060 4797 quod

47 4840 277 4932 aliteragere,
299 4864 406 4934 quam
420 4857 460 4914 ut
477 4843 571 4914 cient
586 4863 711 4912 causae
725 4846 911 4919 secundae.
947 4842 1024 4917 lmo
1077 4830 1156 4876 ‘¹¹¹¹'
1179 4830 1253 4876 ”⁰¹¹
1278 4807 1325 4875 ’ἢ
1351 4807 1611 4927 ”fcfflfffiuma
1629 4806 1659 4925 ’,ἱ
1683 4818 1801 4877 ῑὸῐῃθη
1823 4820 2062 4926 penaturseu

45 4942 121 5014 idm
143 4942 372 5029 mmmm,
395 4957 436 5015 ut
447 4968 511 5015 ω,
526 4945 690 5016 qumm
704 4958 821 5034 regat,
849 4960 884 5017 et
899 4950 1024 5017 mode·-
1076 4908 1154 4992 fiat,
1178 4903 1272 4976 nibil
1291 4921 1451 5000 sequitur
1468 4909 1700 5000 impossibile.
1749 4907 1804 4978 Ac
1818 4911 1947 4980 diserte
1964 4911 2062 4993 dicit,

45 5047 470 5132 „gurmfflfflndag
497 5048 533 5115 qd
550 5040 807 5140 ,qq-,physica
840 5044 922 5119 Non
940 5062 1022 5122 sum
1075 5010 1218 5103 utrique
1238 5010 1432 5129 particulae
1454 5012 1610 5102 opponi,
1636 5010 1767 5082 scilicet
1792 5010 2004 5102 impossibili
2027 5024 2062 5082 et

43 5141 149 5238 igitur
165 5166 313 5239 paunus
325 5145 563 5219 immutabilia
578 5143 677 5235 baec,
703 5174 793 5243 quae
814 5149 853 5219 iu
869 5145 937 5220 boc
951 5164 1021 5222 ter·
1075 5136 1235 5184 nemas
1239 5135 1283 5186 ¹⁰·

42 5251 88 5322 tio
103 5251 220 5340 gradis
233 5243 474 5337 temnant,
499 5251 629 5333 utilia,
644 5253 793 5346 quaead
812 5253 968 5342 primum
985 5267 1021 5324 et
1176 5247 1308 5319 Fontes
1323 5261 1442 5318 autem
1470 5250 1734 5341 contingentiae
1755 5265 1789 5323 et
1809 5252 2060 5323 mnigbfflmg,

39 5353 234 5424 ”emm
252 5351 403 5441 madum
417 5355 610 5445 pertinent.
648 5352 807 5443 Quartus
825 5359 953 5444 gradus
968 5371 1021 5429 est
1073 5354 1253 5423 actionum
1268 5376 1309 5420 ac
1323 5364 1514 5421 eventuum
1538 5369 1620 5425 sunt
1638 5355 1785 5425 libertas
1800 5355 2003 5424 voluntatis
2020 5353 2073 5415 ‘xxx

37 5454 282 5540 mutabilium.
306 5476 397 5548 quae
410 5467 530 5528 tamen
543 5469 717 5526 vocantur
738 5458 933 5528 necessaria
957 5480 1021 5530 ne-
1072 5450 1166 5543 Deo,
1192 5453 1341 5526 libertas
1356 5447 2113 5540 voluntatisiucreatur‘isrationalibius,
