4538 5754
198 208 249 299 aa
436 215 647 294 scalena
672 217 749 290 en.
776 215 892 290 uun
919 178 1310 298 annueram.
1340 219 1408 295 nr
1434 220 1625 302 entcos.
1652 166 1973 305 spectauerat
2152 195 2222 314 ¹ce

196 394 406 487 adpellatur.
463 385 513 461 Et
535 388 624 458 alibi
646 387 784 481 inquit:
820 383 891 458 Cor
914 405 965 467 tat
984 391 1090 462 situm
1115 393 1182 461 sub
1238 389 1427 462 Inferiores
1442 417 1526 463 vero
1549 394 1717 487 paulatim
1740 398 1920 471 breviores
1936 403 2046 489 fiunt,
2070 426 2117 474 ue
2134 430 2220 477 ven-

197 492 349 591 στέρνῳ.
1234 493 1382 564 triculus
1411 496 1564 587 repletus
1591 497 1745 567 nimium
1774 503 2086 593 comprimeretur,
2116 520 2152 578 et
2172 511 2220 579 ob

296 592 387 665 Ossa
404 590 555 683 pectoris
570 591 637 660 sub
654 589 747 659 collo
757 589 917 663 efficiunt
930 594 1105 663 surculam
1122 616 1182 664 su-
1234 597 1381 663 eandem
1393 618 1532 667 causam
1547 597 1731 670 molliores
1746 614 1848 687 suut,
1871 607 1971 673 acad
1989 602 2219 697 diaphragma

197 697 390 791 puriorem,
426 716 515 786 quae
542 686 668 788 σφαγὴ
693 693 910 764 nominatur.
971 693 1082 765 lta'in
1109 697 1182 764 imo
1233 695 1410 765 desinunt.

197 797 348 890 pectoris
373 793 529 863 efficiunt
550 794 752 877 cavitatem,
788 795 826 862 in
849 809 991 886 quaest
1015 797 1201 884 cartilago·
1332 790 1507 882 Πλευρὸν
1520 819 1646 886 genere
1663 811 1789 870 neutro
1805 800 1908 875 latus.

132 976 133 981 ἵ
199 898 409 989 conspicua,
436 917 525 987 quac
543 893 749 962 nominatur
765 890 960 988 ξιφοειδὴς.
1336 892 1489 990 Πλευρὰ
1505 920 1632 984 genere
1648 901 1843 970 foeminino
1857 903 2064 973 membrana
2079 909 2220 977 succin·
2244 907 2248 914 ’

299 994 496 1083 Cartilago,
520 988 720 1087 ξιφοειδὴς,
749 996 787 1062 in
805 997 864 1064 illa
880 998 1027 1067 cavitate
1043 998 1108 1067 sub
1123 1017 1183 1067 os·
1234 1020 1319 1086 gens
1337 1012 1466 1078 costas,
1492 1000 1614 1084 idest,
1639 1000 1733 1070 intra
1748 1014 1857 1071 totam
1875 1005 2058 1073 cavitatem
2076 1009 2143 1075 sub
2158 1034 2218 1076 co-

201 1102 299 1172 sibus
315 1094 477 1189 pectoris,
503 1094 591 1164 sacta
607 1097 716 1162 estad
733 1096 963 1166 muniendam
979 1112 1113 1188 partem
1128 1096 1183 1166 vi·
1235 1099 1296 1167 stis
1320 1111 1476 1178 extensa,
1503 1099 1652 1168 vestiens
1676 1101 1835 1195 undique
1857 1105 1977 1173 omnia
1998 1129 2088 1198 quae
2103 1109 2218 1178 couti·

201 1204 316 1272 cinam
330 1189 512 1265 stomachi.
565 1190 724 1262 Galenus
738 1196 829 1264 clare
844 1197 941 1282 dicit,
967 1195 1183 1290 εοιιστέρνῳ
1235 1212 1366 1267 nentur
1381 1197 1471 1266 intra
1489 1195 1688 1285 thoracem,
1713 1215 1749 1271 ει
1772 1202 1978 1274 nominatur
1992 1201 2112 1296 χιτών
2127 1202 2216 1279 ὑπε-

201 1326 274 1372 esse
311 1294 573 1383 cartilaginem,
615 1318 705 1386 quae
743 1294 950 1366 nominatur
991 1294 1183 1393 ξιφοειδὴς.
1236 1292 1378 1385 ζιοκώς,
1407 1313 1446 1368 ut
1461 1299 1553 1370 intra
1568 1323 1690 1371 rursus
1704 1302 1851 1375 dicetur.

200 1402 304 1472 Hanc
319 1396 531 1468 recentiores
546 1395 734 1465 nominant
750 1397 986 1486 cartilaginem
1003 1400 1183 1469 scutalem.
1335 1397 1503 1494 Hlevpai
1519 1425 1666 1471 numero
1682 1401 1812 1491 plurali
1827 1418 1952 1479 costae.

201 1503 292 1574 ltem
309 1498 441 1568 malum
457 1510 661 1586 granatum,
688 1499 782 1587 quod
799 1496 845 1568 sit
859 1498 985 1567 similis
1005 1500 1087 1568 ilori
1101 1500 1184 1568 mali
1335 1495 1413 1569 Etsi
1429 1514 1544 1569 autem
1559 1499 1659 1570 Heva
1684 1504 1825 1572 condita
1842 1517 1894 1573 est
1909 1529 1950 1573 ex
1966 1518 2059 1574 costa
2077 1520 2217 1597 sumpta

202 1602 338 1696 punici.
367 1615 369 1619 ‘
1236 1622 1276 1666 ex
1296 1598 1431 1684 Adam,
1464 1613 1582 1670 tamen
1608 1602 1743 1671 inviro
1766 1616 1802 1673 ει
1826 1601 1862 1671 ἰο
1880 1605 2027 1673 muliere
2046 1630 2216 1675 numerus

303 1697 504 1782 Mamillae,
537 1691 661 1767 τίτθοι
686 1719 746 1767 seu
770 1696 925 1791 μαστοὶ,
954 1701 993 1768 in
1017 1701 1184 1770 foeminis
1235 1713 1287 1769 est
1307 1716 1480 1770 costarum
1505 1703 1671 1793 aequalis.
1724 1699 2008 1774 Existimandum
2034 1721 2085 1775 est
2108 1708 2233 1794 igitur‘

202 1803 301 1875 lactis
327 1822 429 1869 causa
455 1799 617 1867 conditae
641 1812 722 1868 sunt
746 1798 906 1869 laxiores.
963 1796 1041 1869 Etsi
1067 1794 1185 1870 autem
1236 1801 1275 1867 in
1297 1801 1375 1867 viro
1395 1814 1507 1870 costas
1528 1815 1628 1871 antea
1652 1803 1758 1871 luisse
1773 1805 1951 1889 tredecim.
2001 1802 2049 1874 Et
2066 1806 2218 1875 tredeci-

202 1901 348 1999 physica
364 1919 466 1968 causa
483 1911 551 1982 εει,
577 1921 640 1967 cur
660 1900 801 1969 additae
825 1899 896 1970 sint
917 1902 1050 1991 pectori
1067 1902 1105 1969 in
1125 1924 1185 1990 ge·
1238 1924 1333 1968 mum
1356 1902 1476 1990 iugum
1500 1926 1540 1969 ex
1561 1902 1638 1970 viro
1661 1916 1858 1994 exemptum
1883 1927 1974 1989 esse,
1997 1905 2061 1974 ubi
2077 1918 2129 1974 est
2146 1906 2216 1972 viri
2256 1913 2260 1919 '

78 2018 81 2023 ⁴
204 2028 289 2075 nere
310 1998 487 2079 humano,
522 2010 563 2068 ut
586 2011 620 2066 et
640 1999 757 2066 cordis
774 1998 870 2067 calor
883 2001 994 2089 magis
1017 2003 1185 2071 delenda·
1237 2001 1392 2080 cinctus,
1420 2014 1452 2069 et
1474 2001 1558 2069 inde
1576 2002 1780 2072 fabricatam
1795 2000 1944 2076 Hevam.
1996 2000 2075 2073 Etsi
2096 2019 2214 2074 autem

204 2121 282 2189 tur,
310 2114 344 2170 et
366 2099 520 2168 vicissim
540 2098 667 2166 sortior
689 2099 736 2169 sit
758 2100 854 2168 calor
882 2102 926 2169 ad
950 2103 1004 2170 lac
1029 2125 1186 2195 coqueu-
1237 2101 1368 2169 multae
1392 2101 1664 2188 significationes
1689 2101 1775 2171 inde
1798 2116 2004 2182 sumuntur,
2040 2118 2157 2173 tamen
2183 2119 2218 2173 et

205 2209 312 2288 dum,
334 2213 479 2292 propter
499 2198 716 2267 vicinitatem
732 2200 867 2281 cordis,
893 2214 1010 2270 tamen
1026 2225 1101 2271 non
1118 2204 1186 2271 du·
1237 2201 1438 2292 complexus
1456 2201 1493 2271 in
1518 2203 1635 2273 cinctu
1649 2202 1877 2291 significatur.
2135 2202 2137 2207 ’

204 2307 304 2377 bium
324 2315 393 2386 est,
417 2313 450 2370 ει
474 2299 662 2367 consilium
686 2299 793 2368 tuisse
809 2300 964 2388 opificis,
986 2302 1186 2371 discernere
1340 2301 1416 2372 Sub
1431 2302 1533 2370 costis
1548 2324 1629 2392 pars
1642 2303 1793 2372 exterior
1808 2317 1841 2373 et
1857 2302 2006 2372 interior
2022 2327 2127 2394 supra
2137 2328 2217 2372 um·

204 2404 370 2476 homines
392 2415 426 2470 et
448 2399 651 2469 animantia.
704 2395 842 2470 Bestiae
863 2414 1000 2471 tantum
1023 2404 1205 2473 nutriunt·
1237 2399 1384 2469 bilicum
1405 2404 1562 2491 proxima
1586 2404 1690 2472 costis
1714 2397 1855 2484 nothis,
1889 2404 2094 2474 nominatur
2122 2398 2218 2476 duu-

207 2506 385 2585 sobolem,
416 2515 534 2589 postea
567 2499 766 2587 negligunt,
800 2515 833 2570 et
865 2501 998 2570 oblivio
1028 2503 1187 2596 sequitur
1234 2494 1430 2595 χόνδριον,
1459 2502 1549 2571 sicut
1575 2499 1733 2571 Galenus
1754 2525 1911 2592 expresse
1927 2503 2063 2595 inquit,
2094 2499 2217 2596 inhy-

207 2616 394 2700 parentum
417 2615 450 2669 et
471 2599 615 2673 sobolis.
665 2599 735 2670 Sed
756 2595 917 2671 homines
935 2604 1189 2672 transfundunt
1238 2597 1468 2693 pochondriis
1484 2603 1548 2670 sita
1565 2623 1638 2671 esse
1659 2602 1744 2695 epar
1764 2616 1799 2672 et
1813 2604 1979 2694 splenem.
2030 2602 2104 2672 Nec
2123 2620 2216 2672 recte

210 2699 422 2801 στοργὴνίο
439 2701 614 2784 sobolem,
642 2712 675 2768 ει
693 2699 865 2770 retinetur
879 2703 1067 2784 memoria,
1095 2718 1127 2772 et
1149 2705 1188 2773 fit
1238 2702 1401 2771 redditur
1432 2702 1621 2791 adpellatio
1657 2697 1947 2796 hypochondrii,
1978 2704 2218 2793 adpellatione

208 2820 353 2877 mutuus
378 2824 486 2872 amor.
539 2796 678 2870 Debent
698 2801 801 2869 etiam
819 2815 979 2891 parentes
994 2803 1188 2874 institutio·
1238 2804 1534 2892 praecordiorum.
1586 2801 1675 2871 Nam
1699 2804 1901 2891 praecordia
1923 2803 1998 2870 sine
2021 2805 2091 2871 ulla
2108 2806 2216 2872 dubi·

207 2931 289 2977 uem
317 2918 350 2973 et
375 2900 581 2992 sapientiam
604 2900 730 2974 soboli.
790 2899 949 2972 Galenus
970 2905 1186 2973 mentionem
1238 2903 1370 2972 tatione
1400 2903 1597 2990 significant
1627 2899 1872 2994 diaphragma,
1904 2917 1942 2972 ut
1969 2915 2115 2972 testatur
2140 2903 2217 2972 Pli-

206 3007 290 3078 facit
305 3016 448 3073 mutuae
463 3001 710 3086 calefactionis,
735 2999 917 3092 inquiens:
945 2998 1082 3098 aaudiat
1096 3003 1187 3098 θερ-
1238 3002 1337 3084 nius,
1362 3004 1423 3093 qui
1437 3005 1504 3085 ait,
1529 3005 1730 3092 praecordia
1745 3025 1818 3070 esse
1833 2999 1995 3093 phrenas.
2036 2999 2084 3073 Et
2099 3005 2216 3094 ipsum

207 3099 413 3201 μαινομένη
429 3096 521 3197 πρὸς
537 3097 665 3172 αὐτῶν
669 3151 682 3184 ,
710 3096 1000 3197 ἀντιθερμαίνει.
1238 3100 1465 3193 diaphragma
1484 3126 1544 3173 seu
1561 3117 1695 3193 septum
1712 3118 1949 3173 transversum
1965 3098 2117 3192 phrenas
2133 3105 2216 3182 dici,

309 3206 363 3274 Ac
385 3215 427 3271 ut
445 3202 588 3290 sanguis
609 3201 671 3292 qui
701 3201 814 3270 nutrit
836 3203 1029 3287 mamillas,
1061 3204 1188 3274 melius
1239 3203 1469 3273 certissimum
1487 3217 1549 3273 est.

170 3370 174 3381 ,
208 3321 399 3400 coquatur,
430 3326 505 3371 non
535 3314 627 3371 recta
653 3295 795 3370 vehitur
820 3324 859 3370 ex
883 3326 965 3371 cava
986 3327 1095 3393 vena,
1126 3306 1186 3373 sed
1339 3298 1393 3372 De
1409 3316 1505 3394 septo
1517 3315 1724 3388 transverso,
1750 3299 1980 3397 quodGraeci
1990 3297 2217 3399 διάφραγμα

207 3407 324 3498 longis
347 3402 552 3491 ambagibus
572 3427 591 3470 a
612 3400 734 3488 iugulo
758 3404 975 3472 descendunt
990 3427 1119 3488 venae,
1146 3417 1189 3475 ut
1240 3416 1273 3472 ει
1288 3401 1426 3498 φρένας
1444 3405 1640 3487 nominant,
1664 3416 1783 3493 postea
1801 3403 1939 3473 dicetur
1953 3403 1989 3470 in
2007 3404 2217 3492 descriptio·

207 3511 269 3582 liat
289 3506 401 3576 coctio
422 3502 636 3572 diuturnior.
687 3498 735 3571 Et
749 3503 832 3593 quia
853 3503 1090 3573 mamillarum
1105 3529 1187 3574 caro
1239 3529 1284 3572 ne
1308 3504 1531 3572 interiorum.
1580 3501 1645 3574 Est
1666 3518 1781 3574 autem
1805 3496 2027 3599 διάφραγμα
2043 3505 2217 3592 pannicu-

210 3609 360 3682 candida
378 3619 445 3683 est,
470 3598 650 3673 attrahens
675 3603 953 3688 nutrimentum,
978 3617 1189 3676 transmutat
1239 3607 1293 3674 lus
1313 3626 1482 3673 nervosus
1505 3618 1716 3688 etcarneus,
1741 3605 1801 3697 qui
1816 3617 1867 3672 est
1880 3604 2107 3674 interstitium
2122 3604 2217 3672 inter

211 3709 417 3799 sanguinem
435 3718 468 3774 et
485 3706 604 3772 album
619 3703 741 3787 elficit,
766 3725 807 3772 ac
825 3704 959 3796 reliqua
975 3727 1055 3797 pars
1069 3705 1189 3776 laceat
1239 3702 1417 3775 thoracem
1433 3717 1467 3772 et
1480 3719 1658 3792 ventrem,
1686 3719 1721 3774 ει
1735 3706 1850 3774 munit
1867 3705 2065 3794 superiora,
2091 3728 2136 3773 ue
2152 3699 2217 3773 ha·

209 3812 298 3884 utile
314 3811 357 3878 ad
376 3807 520 3876 alendos
536 3804 698 3873 infantes.
1239 3807 1323 3876 litus
1341 3805 1519 3873 immodici
1536 3805 1644 3874 simul
1658 3829 1699 3872 ex
1714 3803 1911 3873 ventriculo
1928 3807 2126 3873 ascendant.
2200 3812 2205 3821 '

311 3907 481 3998 Papillae,
501 3899 626 3997 θηλαὶ,
652 3904 751 3996 prior
764 3928 861 3995 pars,
883 3929 950 3998 qua
967 3907 1060 3997 sugit
1070 3907 1188 3977 iulans
1338 3904 1413 3975 Sub
1428 3900 1691 3995 diaphragmate
1713 3905 1800 3974 situs
1820 3919 1872 3975 est
1894 3917 2032 3989 venter,
2059 3901 2218 4000 γαστὴρ,

207 4009 395 4082 mamillas.
1240 4007 1339 4077 cuius
1370 4006 1520 4074 exterius
1549 4018 1807 4094 tegumentum,
1848 4006 1944 4096 quod
1978 4017 2031 4073 est
2060 4004 2150 4072 cutis
2181 4018 2217 4074 et

308 4107 452 4197 Castae,
470 4098 624 4198 πλευραὶ
631 4155 643 4189 ,
671 4105 857 4175 duodecim
873 4106 911 4175 in
926 4107 1086 4201 quolibet
1099 4108 1188 4176 late·
1239 4109 1442 4177 membrana
1460 4128 1603 4190 carnea,
1628 4107 1808 4195 superiore
1827 4117 1943 4195 parte,
1970 4103 2135 4173 videlicet
2155 4127 2218 4173 su-

208 4237 258 4288 re.
308 4209 402 4282 Sunt
424 4221 539 4278 autem
564 4221 689 4276 natura
712 4229 829 4290 ossea,
863 4210 922 4277 sed
945 4209 1064 4278 minus
1088 4209 1187 4277 dura.
1238 4232 1302 4298 pra
1315 4207 1546 4285 umbilicum,
1573 4206 1777 4276 nominatur
1793 4197 2039 4302 ἐπιγάστριον.

207 4308 257 4382 Ει
279 4325 360 4382 sunt
384 4311 520 4399 plures,
550 4321 590 4379 ut
613 4308 800 4377 interstitia
823 4308 966 4394 fierent,
988 4323 1030 4381 ut
1046 4308 1187 4406 dilatari
1340 4307 1426 4391 llia,
1452 4299 1631 4404 laydvec,
1645 4318 1730 4375 sunt
1747 4304 1882 4374 vicinae
1904 4318 2021 4394 partes
2047 4303 2218 4396 utrinque
2246 4316 2249 4321 ’

209 4423 245 4480 ει
267 4411 462 4499 constringi
482 4422 604 4498 pectus
625 4421 759 4497 posset,
785 4420 820 4477 et
843 4409 995 4478 musculi
1017 4410 1187 4479 interco-
1239 4410 1329 4478 circa
1361 4407 1591 4486 umbilicum,
1630 4418 1821 4476 retrorsum
1860 4405 2044 4495 proximae
2079 4403 2219 4474 ossibus

207 4522 278 4579 stas
302 4510 571 4581 collocarentur.
629 4507 836 4599 Superiores
861 4521 993 4601 septem
1016 4522 1187 4578 vocantur
1238 4510 1357 4588 ilium,
1381 4530 1442 4576 sen
1459 4530 1582 4591 coxae,
1608 4529 1697 4599 quae
1713 4506 1918 4576 nominatur
1932 4501 2065 4596 ἰσχίον.

208 4633 312 4679 verae
326 4622 449 4678 costae.
485 4607 673 4679 lnleriores
686 4609 843 4701 quinque
858 4623 1030 4680 vocantur
1045 4604 1186 4691 nothae,
1338 4605 1507 4677 Anterior
1522 4631 1604 4674 vero
1629 4629 1708 4696 pars
1724 4606 1791 4674 sub
1812 4601 1931 4675 nothis
1948 4604 2055 4675 costis
2070 4604 2219 4674 umbili-

208 4710 313 4797 vulgo
336 4709 543 4784 mendosae,
573 4710 657 4800 quia
682 4722 718 4779 et
743 4709 922 4778 breviores
947 4724 980 4778 et
1006 4708 1186 4777 molliores
1238 4733 1278 4777 co
1292 4707 1450 4797 proxima
1465 4707 1671 4785 nominatur
1684 4709 1867 4784 κενεῶνες.
1917 4704 1988 4776 Sed
2005 4701 2219 4774 baecsubti-

207 4819 299 4881 sunt.
354 4806 507 4898 Ideoque
522 4802 585 4875 bas
600 4806 757 4901 quinque
773 4822 944 4878 vocarunt
959 4806 1084 4878 Gracci
1095 4801 1187 4900 χόν-
1237 4809 1281 4876 lis
1292 4807 1471 4878 distinctio
1489 4807 1687 4891 nominum,
1712 4798 1865 4901 λαγόνες
1879 4818 1914 4876 ει
1928 4809 2113 4888 assedere,
2140 4826 2218 4875 sae·

137 4944 151 4965 ·
208 4903 317 5000 δρον,
346 4909 382 4975 id
406 4922 476 4991 est,
500 4907 758 4995 cartilaginem,
783 4907 868 5002 quia
889 4909 1084 4980 substantia
1109 4932 1186 4977 car·
1238 4908 1493 5000 penegligitur.
2112 4968 2115 4974 .

206 5008 371 5098 tilaginea
388 5022 451 5078 est.
1338 5008 1424 5078 Pars
1452 5007 1603 5076 exterior
1629 5008 1709 5077 sub·
1725 5007 1895 5078 umbilico
1920 5006 2052 5076 dicitur
2071 4998 2218 5102 ainoyoi-
2256 5038 2260 5053 ·

308 5105 489 5178 Oriuntur
505 5120 621 5177 autem
637 5120 766 5198 septem
782 5109 981 5202 superiores
999 5109 1186 5202 aspoudy-
1238 5129 1365 5206 οτριον
1379 5122 1413 5178 ει
1422 5100 1546 5201 ἦτρον,
1569 5106 1776 5204 utGalenus
1792 5128 1950 5201 expresse
1965 5106 2090 5177 scribit
2105 5107 2145 5174 in
2161 5127 2219 5175 se·

202 5208 266 5288 lis,
292 5222 325 5278 ει
345 5208 581 5278 terminantur
600 5209 644 5276 acl
663 5205 835 5300 στέρνον,
863 5206 931 5281 hoc
948 5223 1018 5296 est,
1042 5212 1186 5279 adme·
1237 5213 1353 5279 cundo
1376 5203 1693 5298 Apltorismorum,
1720 5204 1934 5300 Aphorismo
1949 5202 2013 5280 35.
2037 5199 2153 5301 ἦτρον
2174 5200 2218 5277 δὲ

200 5311 298 5380 dium
323 5310 550 5401 aspectoris,
577 5321 701 5378 utcor
724 5311 984 5400 etpulmoncm
1009 5311 1184 5385 muniant.
1237 5304 1340 5391 ἰδίως
1369 5301 1539 5400 ὀνομάζει
1568 5305 1611 5380 τὸ
1643 5302 1745 5382 κάτω
1771 5302 1914 5403 χωρίον
1949 5312 2013 5400 τῆς
2043 5302 2218 5406 γαστρὸς,
