4538 5754
125 261 225 340 mo
728 253 794 330 ιιι
847 240 1213 329 εοιιιιιιιιιιιιι
1246 241 1299 320 ιιι
1327 224 1589 348 asarotos.
1853 262 1862 271 ·
2044 174 2201 336 'arco'

119 446 250 531 ruptae
272 431 457 506 doctrinae
483 431 522 500 in
543 430 616 500 tide
636 442 671 501 et
694 428 791 500 bona
808 425 1041 508 couscientia,
1066 423 1115 495 ita
1169 414 1388 486 discedentes
1404 438 1426 485 a
1442 417 1565 502 verbo,
1578 416 1749 509 fingentes
1766 444 1827 495 sua
1845 427 2010 517 dogmata
2025 442 2059 502 ει
2075 455 2157 508 suos

119 539 371 628 intelligantur
396 532 529 606 similia
553 531 661 602 verba
681 530 720 600 in
746 524 815 600 hoc
836 527 1000 612 Psalmo,
1023 520 1115 595 Am·
1169 517 1309 603 cultus,
1333 530 1374 588 ut
1390 512 1596 607 Mahomet,
1628 519 1737 615 Papa,
1773 525 1939 601 monachi
1965 549 2158 622 operantur

116 641 285 714 bulantes
301 640 342 708 in
357 638 435 729 lege
454 650 526 711 tua.
560 631 663 720 Item,
677 630 1024 704 Custodiomandata
1041 642 1113 700 tua.
1166 618 1414 712 iniquitatem,
1447 619 1486 690 id
1510 635 1581 708 est,
1605 623 1828 715 displicentia
1849 627 1946 718 Deo,
1976 636 2155 723 damnata,

118 741 172 814 Ac
189 744 325 813 dictum
341 740 434 810 illud
449 732 585 809 Christi
603 757 747 828 prorsus
764 733 930 823 congruit
946 754 1029 806 curn
1045 724 1112 800 hoe
1166 720 1304 792 etiarnsi
1320 721 1360 790 in
1377 723 1528 812 speciem
1545 725 1635 795 ritus
1652 739 1687 796 et
1703 753 1820 802 mores
1833 747 1917 805 sunt
1932 735 2060 826 pulcri.

117 857 196 918 totu
210 843 370 927 Psalmo,
397 854 432 912 ει
447 836 518 910 hnc
533 839 821 909 accommodetur
840 849 1008 929 tanquam
1032 833 1110 924 pla-
1265 820 1424 913 Quartus
1452 847 1575 896 versus
1605 827 1811 930 αἰτιολογία
1827 847 1886 920 εει
1917 849 1951 906 ει
1980 838 2152 931 doctriua,

117 947 266 1018 nissima
284 943 471 1014 enarratio.
525 935 696 1012 Ostendit
713 940 809 1008 enim
826 961 916 1032 qnae
932 950 968 1007 et
983 935 1049 1006 ubi
1063 935 1111 1005 sit
1161 920 1261 996 Deus
1275 925 1495 996 sevensime
1510 924 1678 1019 prohibet
1692 933 1875 1007 'discedere
1898 961 1918 1008 a
1944 941 2052 1011 verbo
2068 941 2149 1031 Dei,

116 1046 275 1119 Ecclesia
285 1042 372 1127 Dei,
398 1059 433 1116 et
447 1044 549 1113 addit
565 1041 817 1132 promissiones
832 1040 993 1109 omnium
1011 1061 1109 1107 sum·
1161 1024 1258 1097 ituit
1287 1027 1348 1099 ills
1381 1028 1491 1100 dicta:
1535 1027 1643 1103 Hunc
1667 1036 1796 1111 audite.
1860 1036 1965 1110 ltem:
1999 1039 2150 1139 Siquis
2257 1064 2264 1074 “

115 1172 194 1220 mas
211 1148 408 1241 expressius
430 1169 539 1240 quam
553 1142 725 1217 Psalmus.
777 1136 879 1212 Nihil
901 1127 1014 1232 potest
1035 1138 1109 1209 dici
1160 1126 1259 1199 aliud
1277 1126 1514 1221 Evangelium
1531 1133 1646 1218 docet,
1667 1133 1855 1210 anathema
1870 1141 1928 1216 sit.
1979 1140 2148 1238 Sequun-

117 1250 236 1322 maius
250 1245 306 1320 his
322 1250 446 1319 bonis:
473 1245 580 1317 Pater
603 1269 703 1315 meus
717 1245 841 1334 diliget
855 1243 969 1333 eum,
984 1254 1020 1312 ει
1045 1265 1107 1310 ve·
1161 1243 1220 1301 tur
1242 1231 1417 1322 precatio,
1447 1249 1482 1306 et
1505 1235 1720 1324 consolatio,
1748 1242 1942 1329 gratiarum
1967 1245 2079 1335 actio,
2112 1264 2148 1322 ει

115 1353 260 1423 nimus
283 1352 328 1421 ad
352 1375 454 1436 eum,
479 1362 513 1418 et
535 1347 757 1419 mansionem
779 1347 873 1438 apud
896 1368 977 1415 eum
998 1343 1108 1414 facie.
1159 1333 1351 1417 confmim
1369 1334 1409 1402 in
1424 1358 1497 1432 qlld
1512 1335 1665 1408 affirmat
1680 1362 1717 1410 Se
1730 1365 1804 1413 110ss
1819 1344 2055 1418 discessurum
2073 1372 2147 1422 este

117 1477 212 1526 mua,
254 1452 360 1523 parer
380 1450 530 1522 remittit
545 1463 705 1543 peccata,
731 1448 855 1538 diliget
877 1469 964 1532 nos,
991 1459 1025 1516 er
1048 1469 1106 1515 re·
1158 1436 1303 1504 acerbo
1319 1432 1397 1506 Dei.
1448 1436 1499 1508 lta
1516 1431 1575 1508 hic
1587 1443 1791 1514 octonarius
1809 1447 1997 1538 praecipue
2012 1464 2064 1522 est
2077 1453 2147 1523 do-

117 1555 260 1649 putabit
282 1554 393 1625 iustos
413 1565 559 1644 propter
580 1551 712 1622 Filium
735 1546 821 1634 Dei,
853 1562 889 1619 et
914 1548 1107 1618 efficiemur
1158 1535 1271 1607 cirine
1291 1537 1443 1620 dotem,
1469 1562 1561 1632 quae
1583 1552 1618 1613 et
1640 1544 1704 1613 ubi
1728 1545 1773 1616 sit
1788 1572 1871 1619 vera
1885 1546 2046 1621 Ecclesia
2059 1554 2145 1646 Dei,

117 1656 342 1730 domicilium
353 1653 566 1726 divinitatis:
582 1652 698 1723 Filius
713 1652 890 1721 mediator
904 1650 1018 1741 placat
1036 1673 1106 1719 no·
1157 1649 1194 1708 et
1210 1631 1277 1708 hos
1298 1662 1372 1710 esse
1388 1664 1470 1712 vera
1487 1636 1666 1712 Ecclesiae
1688 1649 1866 1736 membm,
1890 1652 1954 1744 qui
1974 1666 2058 1724 sunt
2082 1680 2146 1726 cu·

117 1760 174 1832 big
194 1771 354 1852 patrem,
378 1771 478 1829 ptest
494 1755 754 1826 umbraculum,
805 1750 858 1823 Ita
874 1750 978 1824 Pater·
993 1765 1027 1822 et
1042 1748 1105 1821 Fi.
1156 1740 1275 1810 Sloded
1289 1742 1391 1813 verbi
1406 1742 1522 1813 divini
1535 1742 1736 1839 incorrupti
1750 1751 1790 1820 in
1804 1748 1875 1824 fide
1899 1768 1934 1825 ei
1946 1755 2041 1826 hond
2058 1781 2144 1829 con·

118 1862 189 1932 lius
208 1861 347 1953 spirant
365 1860 404 1928 in
434 1882 496 1928 cor
519 1869 622 1927 tuum
644 1853 827 1948 'Spiritum
856 1850 1036 1934 sanctum,
1070 1866 1106 1923 et
1157 1841 1311 1918 Sciffltid·
1362 1841 1487 1917 Postea
1504 1845 1698 1919 miscentur
1713 1845 1831 1948 πάθη.
1890 1835 1897 1849 ’

118 1977 241 2056 postea
263 1959 486 2031 manifestius
502 1953 678 2029 habitabit
695 1957 734 2025 in
748 1955 851 2028 nobis
872 1955 1043 2026 divinitas
1064 1954 1104 2024 in
1798 1991 1801 1995 -

117 2065 217 2136 omni
242 2065 469 2147 aeternitate,
493 2060 560 2131 erit
575 2059 696 2130 omnia
714 2059 754 2128 in
775 2057 963 2143 omnibus,
988 2057 1024 2126 id
1040 2070 1105 2142 est,
1570 2027 1598 2091 ³
1623 2012 1729 2152 Bf'ih·
1837 2134 1841 2141 ι

116 2181 197 2259 aget
219 2165 422 2236 immediate
444 2185 507 2233 sua
530 2163 608 2232 luce
630 2161 669 2230 in
691 2160 818 2243 nobis,
852 2172 887 2230 et
909 2158 1105 2251 conspicie—
1203 2132 1250 2198 Μ
1271 2151 1340 2222 ⁹¹⁴⁰
1366 2125 1549 2202 mundum
1575 2126 1704 2225 saiwi
1735 2131 2009 2214 Βᾶθῖθδθιιιιῑθι·
2040 2149 2144 2221 viam

116 2283 195 2351 tur,
229 2289 305 2337 non
333 2279 412 2357 aget
437 2287 501 2356 per
530 2263 771 2334 ministerium
795 2260 983 2351 Evangelii
1014 2259 1106 2332 sicut
1206 2226 1340 2303 imi
1366 2239 1440 2303 m·

116 2394 212 2443 nunc
228 2368 312 2459 agit.
1002 2363 1004 2366 ’
1258 2360 1400 2433 Primus
1415 2385 1535 2434 versus
1551 2375 1603 2434 εει
1617 2363 1776 2438 recitatio
1792 2364 1950 2444 mandati
1963 2375 2008 2446 de
2023 2392 2143 2451 custo.
2234 2377 2240 2389 '

217 2469 444 2541 Vocabulum
463 2491 528 2560 pro
550 2491 623 2561 quo
640 2467 848 2558 interpretes
871 2463 927 2535 usi
941 2478 1105 2536 suntno-
1157 2463 1286 2535 dienda
1314 2466 1468 2557 puritate
1496 2466 1693 2537 doctrinae:
1727 2464 1868 2540 Siscia
1896 2473 1965 2544 erit
1987 2476 2158 2567 munda,-

114 2576 214 2646 miue
238 2568 475 2656 immaculati,
507 2569 680 2642 Hebraeis
710 2582 762 2641 est
780 2580 902 2646 0³00,
934 2567 1030 2660 quod
1056 2564 1105 2634 si·
1156 2565 1193 2636 id
1221 2581 1290 2650 εει,
1323 2567 1404 2637 Deo
1428 2567 1589 2659 placens,
1624 2566 1662 2639 si
1691 2567 1870 2644 custodies
1895 2575 2040 2650 verbum
2065 2579 2147 2654 Dei

112 2675 262 2770 gnificat
295 2673 493 2762 integrum,
526 2684 567 2742 ut
597 2695 677 2744 cum
707 2673 751 2741 de
781 2671 917 2762 pecude
942 2668 1104 2747 dicimus,
1156 2668 1427 2763 incorruptum,
1452 2669 1584 2755 idest,
1610 2671 1641 2740 si
1663 2674 1834 2748 retinebis
1858 2678 2058 2753 doctrinam
2083 2686 2143 2757 iu-

109 2777 289 2874 pecudem
328 2799 394 2845 nec
422 2772 585 2844 mutilam
625 2796 697 2843 esse
728 2796 794 2843 nec
830 2794 989 2856 coccam,
1039 2791 1106 2838 nec
1157 2785 1359 2864 corruptam
1382 2771 1451 2840 tide
1471 2783 1505 2841 ει
1528 2772 1624 2842 ιιοιιε
1649 2777 1878 2854 conscientia.
1920 2781 1974 2852 Ae
1997 2808 2142 2876 prom,

108 2877 393 2959 claudicantem,
444 2900 511 2945 uec
542 2875 753 2960 scabiosam,
789 2897 854 2943 nec
883 2871 977 2942 febri
1002 2870 1105 2940 labo·
1157 2873 1277 2942 eadem
1306 2871 1480 2942 sententia
1514 2885 1582 2958 est,
1622 2898 1713 2967 quae
1745 2892 1797 2949 est
1828 2880 1936 2972 primi
1959 2887 2140 2962 versiculi:

108 2993 268 3056 cantem.
331 2975 444 3067 igitur
472 2977 708 3047 vetustissimo
740 2998 840 3045 more
867 2973 1039 3068 loquendi
1060 2973 1105 3041 de
1156 2971 1257 3046 Beati
1275 2973 1504 3048 immaculati.
2010 2999 2011 3002 ¹

106 3080 286 3165 homine,
317 3080 488 3168 significat
512 3079 688 3168 integrum
711 3076 788 3146 siue
808 3076 1030 3175 corruptela,
1065 3074 1103 3143 id
1258 3075 1443 3148 Secundus
1463 3098 1584 3146 versus
1604 3079 1760 3168 precatio
1786 3094 1855 3167 εει,
1890 3079 2141 3164 Oronesinas

105 3200 185 3270 εει,
211 3182 289 3252 sine
313 3181 399 3251 falsa
420 3180 606 3270 opinione,
631 3179 688 3249 vel
712 3179 812 3249 cultu
834 3176 1042 3258 idolatrico,
1064 3189 1104 3246 ut
1155 3201 1211 3248 me
1226 3201 1378 3249 errarea
1397 3178 1571 3251 mandatis
1587 3180 1669 3253 tuis.
1949 3172 1975 3193 ¹

108 3281 504 3359 Genes.12.dicitur:
542 3276 698 3350 Ambula
722 3303 840 3350 coram
872 3303 946 3363 me,
976 3291 1009 3348 et
1029 3290 1103 3348 esto
1257 3278 1401 3350 Tertius
1415 3279 1588 3349 confessio
1606 3293 1678 3365 εει,
1704 3278 1747 3350 ln
1763 3283 1870 3357 corde
1886 3285 2056 3362 abscondi
2072 3308 2139 3370 etc,

107 3391 277 3478 integer,
309 3384 346 3452 id
372 3394 441 3465 est,
467 3395 584 3452 custos
606 3382 833 3479 incorruptae
858 3379 1039 3450 dominae
1064 3379 1102 3448 in
1256 3380 1415 3470 Quartus
1447 3383 1620 3472 precatio,
1659 3380 1757 3454 Doce
1783 3407 1840 3455 me
1873 3386 2141 3469 iustificationes

107 3486 189 3561 lide
222 3498 256 3558 et
278 3486 373 3554 bona
403 3482 630 3554 conscientia.
689 3481 787 3553 Haec
812 3494 864 3552 est
896 3481 1103 3581 planissima
1154 3496 1245 3558 tuas.
1299 3481 1447 3577 Reliqui
1480 3507 1603 3556 omnes
1633 3499 1717 3556 sunt
1740 3486 1933 3577 confessio,
1964 3491 2007 3564 ln
2037 3498 2143 3570 labiis

106 3588 317 3670 enarratio,
350 3600 384 3657 ct
405 3597 525 3680 postea
548 3584 696 3668 dicitur,
726 3581 831 3654 Dent.
854 3577 933 3655 18.;’
962 3581 1104 3672 Integer
1156 3586 1257 3671 meis,
1283 3597 1348 3660 etc.
1928 3586 1934 3593 “

107 3707 192 3766 εειο
217 3714 335 3761 eoram
358 3685 514 3759 Domino
538 3683 614 3756 Deo
639 3700 717 3772 tuo,
750 3687 788 3755 id
813 3699 882 3770 εει,
914 3685 991 3755 εἰιιε
1016 3684 1104 3754 [alsa
1641 3741 1650 3759 ,

108 3793 291 3888 opinione
316 3804 350 3861 et
370 3790 469 3861 cultu
491 3774 699 3872 idulatricd,
733 3787 785 3856 ibi
814 3785 908 3856 enim
937 3781 1105 3877 prohibet
1305 3861 1314 3877 ,
1399 3819 1405 3827 ·
1562 3737 1755 3880 adunet..

110 3897 217 3968 idola
243 3906 279 3964 et
305 3894 469 3982 magiam.
528 3889 571 3961 In
602 3886 658 3959 his
687 3889 773 3959 locis
801 3887 958 3978 conspici
981 3899 1105 3979 potest,
1204 3853 1384 3930 Minime
1407 3879 1514 3930 ‘mm
1536 3864 1620 3949 luc,
1656 3865 1695 3930 ‘ii
1717 3880 1844 3935 vacum
1870 3870 1908 3935 02
1935 3868 2143 3943 “diocliam

108 3997 302 4096 quomodo
324 4009 476 4065 vetustas
500 3989 567 4062 hoe
587 3992 762 4063 vocabulo
785 4015 848 4061 usa
870 3992 928 4064 sit.
979 3988 1105 4060 Postea
1204 3981 1395 4033 ‘'emm‘'
1410 3967 1508 4032 Μ’·

108 4099 361 4173 eodemmodo
371 4095 531 4165 Psalmus
544 4094 714 4189 loquitur.
743 4090 926 4183 Significat
940 4114 1023 4182 ergo
1037 4092 1105 4160 im·
1248 4088 1400 4163 Primus
1414 4115 1536 4164 versus
1551 4107 1603 4165 est
1618 4097 1794 4192 precatio,
1822 4110 1862 4166 nt
1882 4098 1921 4165 in
1944 4100 2142 4177 calamitate

110 4198 288 4274 maculati
300 4199 462 4269 custodes
478 4197 706 4287 incorruptae
722 4194 904 4265 doctrinae
925 4193 965 4262 in
980 4195 1049 4264 lide
1073 4206 1107 4264 et
1157 4206 1193 4264 et
1206 4193 1451 4284 persecutione
1465 4209 1687 4288 protegatur,
1713 4210 1754 4268 ut
1771 4198 1883 4288 possit
1895 4222 2091 4295 propagare
2105 4222 2141 4279 et

109 4307 216 4376 bona
235 4300 464 4393 conscientia,
490 4300 613 4382 idest,
639 4296 726 4367 tales
744 4296 806 4389 qui
830 4308 913 4367 ειιιιι
928 4295 1007 4366 sine
1018 4296 1107 4365 falsa
1158 4319 1283 4367 sonare
1313 4320 1436 4368 vocem
1467 4321 1570 4388 verae
1598 4298 1800 4384 doctrinae,
1832 4292 2013 4372 distribue
2039 4328 2143 4378 sarco

110 4403 292 4502 opinione
308 4416 341 4473 ει
351 4403 454 4471 ‘cultu
473 4400 680 4484 idolatrico,
706 4410 742 4468 et
763 4422 845 4469 vcra
866 4399 937 4469 fide
955 4411 990 4470 et
1012 4399 1107 4468 bona
1159 4406 1244 4482 tuo,
1275 4397 1313 4465 id
1337 4413 1407 4484 εει,
1440 4399 1594 4470 vicissim
1620 4424 1662 4469 ex
1691 4402 1872 4471 aerumnis
1896 4427 1954 4484 me
1974 4406 2095 4496 erigas,
2108 4423 2145 4482 ει

113 4504 335 4580 conscientia
353 4526 476 4573 verum
492 4499 607 4571 Deum
624 4502 802 4573 invocant.
1034 4519 1036 4522 ⁴
1159 4498 1363 4573 consoleris.
1429 4498 1519 4570 Nam
1558 4502 1753 4571 retribuere
1780 4495 1838 4572 hic
1865 4527 1940 4575 non
1970 4507 2144 4598 significat

221 4604 409 4679 Secundus
428 4626 549 4675 versus
570 4618 620 4674 est
643 4603 806 4695 repetitio
823 4601 952 4695 prioris
967 4614 1110 4672 senteu-
1158 4603 1306 4671 reddere
1322 4605 1518 4672 mercedem
1539 4615 1600 4672 aut
1622 4625 1849 4692 compensare
1869 4607 2055 4695 meritum,
2081 4614 2141 4682 sed

112 4713 210 4795 tiae,
236 4701 317 4803 Qui
328 4704 543 4775 scrutantur
559 4705 759 4777 testimonia
773 4705 869 4789 eius,
895 4703 1023 4788 idest,
1047 4701 1111 4797 qui
1160 4703 1333 4794 significat
1355 4704 1635 4775 vicissitudinem
1657 4728 1700 4773 er
1721 4709 1983 4797 persecutione:
2007 4709 2145 4784 Trans·

114 4833 197 4883 nou
216 4811 407 4884 discedunt
428 4810 573 4880 averbo
586 4806 674 4892 Dei,
698 4814 730 4877 et
746 4812 822 4876 toto
838 4799 961 4891 corda,
984 4805 1023 4875 id
1048 4819 1111 4887 est,
1160 4808 1214 4875 fer
1237 4829 1294 4874 me
1316 4806 1361 4875 ad
1385 4806 1491 4876 talem
1513 4818 1642 4876 statum
1663 4807 1703 4876 in
1725 4830 1798 4900 qno
1820 4811 1953 4901 possim
1969 4813 2058 4885 alios
2077 4816 2143 4887 do-

114 4916 261 5004 integro
284 4913 408 4996 corde,
433 4933 508 4982 non
530 4911 699 4980 distracto
724 4911 771 4981 ad
792 4907 909 4991 idola,
935 4921 1113 5000 quaerunt
1162 4930 1257 4992 cere,
1281 4930 1358 4976 non
1374 4907 1469 4977 sinas
1485 4908 1643 4997 extingui
1658 4923 1691 4980 et
1708 4909 1821 4980 deleri
1834 4908 2041 5001 Ecclesiam,
2063 4917 2144 4988 ideo

114 5016 270 5088 verbum
288 5010 374 5098 Dei,
400 5009 537 5083 bisunt
552 5012 668 5097 beati,
696 5012 734 5083 id
749 5025 821 5097 est,
846 5022 932 5080 sunt
953 5010 1112 5081 membra
1163 5009 1278 5081 addit:
1306 5003 1480 5103 luctifico
1502 5031 1567 5084 ma.
1623 5008 1726 5083 Sicut
1753 5035 1858 5104 supra
1892 5015 2027 5110 inquit:
2062 5017 2144 5090 Non

115 5141 228 5190 verae
241 5113 421 5188 Ecclesiae
436 5110 524 5200 Dei,
551 5127 584 5185 et
607 5115 651 5183 ad
675 5136 735 5184 eos
758 5112 939 5205 pertinent
958 5112 1113 5203 promis·
1162 5111 1525 5199 moriarsedrivam,
1551 5125 1583 5183 et
1599 5114 1752 5185 narrabo
1770 5139 1875 5208 opera
1891 5114 2051 5188 Domini.

115 5222 250 5294 aiones.
1266 5211 1452 5285 δεειιιιάιιε
1470 5228 1505 5285 ει
1519 5214 1644 5288 ιειιίιιε
1662 5239 1783 5286 ιειειιε
1805 5231 1889 5290 ειιιιι
1903 5220 2079 5311 precatio,
2107 5234 2147 5292 ut

224 5318 368 5391 Tertius
393 5341 515 5389 versus
536 5330 586 5388 est
614 5310 820 5401 antithesis,
845 5319 931 5389 Non
951 5335 1113 5414 operan-
1164 5317 1288 5387 doceat
1310 5340 1377 5390 nos
1398 5314 1506 5397 Deus.
1564 5313 1611 5388 Et
1635 5319 1777 5412 querela
1802 5320 1933 5392 inserta
1958 5335 2025 5392 est:
2057 5317 2149 5392 Sum

96 5435 185 5536 jur
199 5419 437 5520 iniquitatem
458 5412 695 5492 ambulantes
717 5414 756 5490 in
778 5415 848 5489 viis
871 5415 1032 5502 sing-id
1050 5433 1114 5504 est,
1160 5414 1406 5517 peregrinos,
1435 5414 1657 5593 npp*habm
1687 5443 1858 5512 regnum,
1898 5422 2151 5506 defensionem,
