4538 5754
96 241 172 329 εει
519 241 573 297 a
689 195 1511 319 rx.c0uuuavln111ursansros.
1997 256 2094 335 ross

96 419 144 484 [nt
159 410 275 507 quite
290 432 372 481 vere
387 410 554 496 doceant,
575 421 610 484 et
624 412 670 483 ad
685 411 928 504 posteritatem
944 426 1061 486 trans·
1097 393 1285 513 ¹parientia
1310 413 1349 484 in
1376 434 1460 484 vera
1488 415 1731 489 consolatione
1751 420 1907 495 ostendit
1935 447 2094 502 necessa-

96 515 235 601 sittant,
258 508 389 584 Amen.
551 548 556 559 ·
605 560 610 570 ·
1111 519 1202 587 riam
1218 529 1254 589 et
1273 517 1464 588 salutarem
1483 538 1573 604 esse.
1623 516 1876 613 Anabaptistac
1900 537 1935 597 ει
1956 529 2018 599 alii
2039 532 2093 610 ia·

510 682 531 691 ..
642 684 646 689 .
1110 618 1219 689 natici
1232 631 1340 689 totam
1359 618 1499 703 delent,
1524 618 1588 712 qui
1604 621 1678 690 suis
1693 622 2007 712 imaginationibus
2032 656 2092 705 re-

218 724 562 819 Argumentum
586 741 639 792 tto
664 716 925 812 dispositio
1109 721 1194 791 licto
1224 715 1421 811 Evangelio
1454 743 1566 790 novas
1598 721 1879 798 illuminationes
1902 748 2089 824 quaerunt.

393 853 552 938 psalmi
577 850 745 936 XXIX·
843 895 845 901 ,
1110 820 1215 940 Tales
1234 823 1372 941 furores
1391 823 1577 942 execrandi
1589 836 1699 944 snut,
1714 841 1758 944 ⁸et
1778 835 1990 922 opponenda
2008 853 2092 911 sunt

452 946 456 953 “
1108 934 1306 994 ιεειιωοιειε
1324 925 1368 995 de
1384 925 1535 995 efficaoa
1550 928 1739 998 ministerii
1755 932 1958 1022 evangelici.

119 989 276 1099 wem
299 1001 462 1073 ”mim
492 996 568 1098 filii
587 993 781 1120 f⁰iif¹⁴ma
813 992 954 1095 afferte
979 1002 1058 1073 9⁰·
1209 1023 1330 1097 Tertia
1348 1049 1430 1118 pars
1446 1028 1491 1096 de
1504 1022 1662 1097 Ecclesia
1676 1029 1854 1123 loquitur:
1880 1058 2017 1128 semper
2031 1061 2090 1109 re·
2126 1120 2129 1127 ⁴

96 1103 226 1191 :il-”⁰²⁸⁰
248 1103 410 1196 dimam
434 1111 473 1175 ⁰²
495 1098 781 1195 f⁰fi²t¹⁴dmm
1107 1126 1231 1214 gnabit
1244 1149 1348 1197 verus
1364 1125 1459 1198 Deus
1477 1127 1516 1195 in
1533 1123 1711 1212 Ecclesia,
1736 1131 1776 1200 in
1797 1157 1867 1225 qus
1888 1153 1992 1211 sonat
2006 1164 2088 1211 ver·

173 1229 244 1302 Hic
260 1231 422 1303 Psalmus
436 1245 486 1304 est
502 1233 640 1323 generis
657 1230 948 1313 demonstrativi,
972 1232 1056 1326 quia
1105 1227 1192 1298 bum
1214 1228 1260 1299 ab
1284 1228 1361 1317 ipso
1379 1230 1560 1304 traditum.
1610 1228 1707 1302 Haec
1729 1237 1901 1308 sententia
1926 1239 2029 1312 docet
2054 1257 2089 1314 et

96 1330 231 1403 sudatio
262 1355 325 1403 seu
349 1335 537 1426 descriptio
564 1347 615 1404 est
645 1334 720 1403 veri
749 1331 834 1419 Dei,
867 1335 1056 1404 ostendeus
1106 1329 1192 1420 quid
1216 1329 1259 1401 sit
1281 1325 1453 1421 Ecclesia,
1485 1344 1521 1402 et
1548 1332 1817 1423 promissionem
1838 1340 1964 1426 tradit,
1998 1367 2089 1437 quse

96 1431 154 1503 uis
176 1433 223 1503 sit
248 1456 330 1504 vere
350 1431 467 1521 Deus,
502 1449 536 1505 et
559 1436 738 1527 quomodo
765 1448 801 1506 et
829 1434 893 1505 ubi
914 1435 1056 1525 agnosci
1104 1431 1267 1502 adfirmat
1278 1427 1473 1503 Ecclesiam
1489 1446 1659 1524 perpetuo
1676 1457 1877 1508 mansuram
1900 1463 1992 1524 esse,
2018 1469 2087 1537 qua

96 1532 170 1603 elit.
223 1533 384 1604 Primum
404 1535 514 1625 igitur
534 1537 730 1628 propositio
754 1536 938 1619 recitatur,
963 1560 1056 1634 quae
1105 1531 1346 1602 consolatione
1367 1532 1436 1624 piis
1459 1557 1549 1624 opus
1570 1547 1641 1620 est,
1673 1560 1719 1606 ne
1741 1537 1941 1614 existiment
1961 1539 2089 1615 Eccle-

96 1635 171 1704 rbet
188 1630 272 1705 huic
287 1638 366 1707 Deo
385 1638 528 1719 offerre,
555 1638 593 1705 id
611 1651 680 1722 est,
700 1633 796 1706 bunc
811 1637 926 1708 Deum
949 1639 1055 1711 invo-
1103 1634 1192 1703 siam
1207 1633 1430 1705 interituram
1448 1656 1540 1720 esse,
1568 1659 1649 1708 cum
1664 1649 1736 1708 tam
1751 1639 1848 1711 varie
1864 1660 2088 1736 oppugnetur

96 1757 171 1821 tre,
205 1737 325 1829 quise
354 1740 517 1830 patefecit
545 1739 675 1809 tradito
698 1740 806 1810 verbo
833 1739 872 1807 in
897 1735 968 1810 hoc
988 1763 1053 1830 po·
1103 1748 1137 1807 ct
1152 1749 1348 1829 quassetur.

96 1837 179 1922 nlo,
210 1850 248 1908 ει
276 1838 378 1908 cuius
408 1864 475 1909 vox
499 1840 584 1925 fuit,
617 1853 670 1910 est
693 1854 728 1910 et
751 1841 818 1909 erit
841 1841 979 1911 efficax:
1013 1854 1053 1913 ut

96 1937 249 2009 uassavit
261 1953 398 2009 montes
411 1966 477 2011 vox
485 1941 556 2012 Dei
571 1964 650 2011 cum
666 1941 818 2032 populus
832 1954 920 2012 esset
934 1943 973 2012 in
989 1944 1054 2012 de·
1237 1940 1578 2034 Argumentum
1602 1963 1655 2014 ac
1682 1939 1946 2038 dispositio

96 2051 185 2130 uto,
210 2038 261 2109 sic
280 2062 416 2131 semper
438 2066 506 2111 vox
520 2038 708 2130 Evangelii
725 2042 806 2112 data
826 2067 845 2112 a
869 2042 961 2131 Deo,
986 2044 1054 2115 erit
1206 2120 1208 2125 ,
1428 2055 1588 2140 Psalmi
1617 2058 1762 2143 XXX,
1848 2121 1852 2126 .

96 2139 213 2226 lioax,
235 2141 378 2231 colliget
391 2138 602 2229 Ecclesiam,
628 2157 660 2213 et
686 2142 724 2210 in
745 2166 784 2212 ea
806 2143 919 2213 lucem
942 2158 977 2216 ει
998 2147 1052 2214 vi·
1152 2199 1336 2275 mum
1369 2212 1409 2276 te
1440 2205 1602 2278 Domine
1771 2212 1780 2229 ,
1925 2207 1946 2283 ὃ
2024 2217 2032 2235 ὓ
2076 2221 2085 2237 ⁶

96 2265 141 2311 an
156 2255 336 2313 aeternam
354 2243 528 2330 incoabit‚
553 2257 586 2314 et
604 2244 642 2312 in
655 2267 693 2313 ca
708 2241 864 2314 Ecclesia
879 2258 1049 2337 perpetuo
1608 2253 1622 2297 ι
1668 2229 1846 2301 imam
1878 2232 1924 2282 ⁸¹⁴
1947 2223 2084 2287 ”emili

96 2342 259 2415 orosa.
1152 2325 1232 2395 Μ’
1259 2312 1332 2377 ⁰¹⁶·

171 2443 263 2514 Tres
286 2460 370 2517 sune
393 2446 502 2538 igitur
523 2461 638 2539 parre,
659 2444 766 2518 huin,
779 2446 923 2524 Psalmi,
971 2443 1053 2518 Pri.
1203 2432 1409 2508 Gratiarum
1427 2438 1518 2509 actio
1532 2453 1603 2525 est,
1623 2439 1774 2512 recitans
1793 2443 2001 2515 beneficium
2023 2469 2085 2520 seu

96 2567 123 2615 qa
145 2558 202 2616 est
219 2547 263 2615 de
284 2572 367 2617 vem
397 2549 636 2631 immistione}
669 2547 777 2620 Hunc
800 2547 916 2621 Deum
949 2549 1054 2619 invo-
1102 2535 1360 2610 liberationem·
1393 2538 1592 2611 Miscentur
1602 2552 1720 2612 aulem
1736 2556 1777 2614 ui
1790 2544 1848 2630 fit,
1874 2547 2085 2640 descriptio·

96 2658 165 2731 tte,
192 2646 255 2739 qui
274 2642 359 2717 huie
373 2650 504 2741 populo
523 2648 633 2720 lene]
646 2653 791 2731 verbum
807 2673 910 2722 suum
926 2650 1052 2740 ingen.
1101 2661 1165 2708 nes
1177 2641 1327 2729 periculi
1342 2655 1377 2713 et
1391 2641 1643 2727 afflictionum,
1670 2656 1705 2716 et
1727 2660 1940 2717 enarrantur
1960 2672 2084 2720 cauma

96 2747 167 2818 bus
182 2761 218 2817 ει
233 2746 432 2841 illustribus
447 2751 656 2821 testimoniis
671 2751 827 2824 tradidit.
1101 2740 1262 2832 periculis
1288 2756 1323 2812 θῐ
1338 2754 1543 2831 argumenti
1557 2756 1703 2835 ΡῑθΡῐθῐ
1718 2769 1809 2838 (1⁰³0
1824 2751 2017 2840 expetenda
2033 2763 2086 2821 esi

169 2845 337 2918 secunda
360 2863 412 2920 ese
435 2853 480 2921 de
502 2855 599 2922 voci,
629 2877 669 2923 ,c
690 2852 877 2923 ministerii
902 2875 1054 2942 evange·
1101 2842 1280 2912 liberatio.
1331 2841 1584 2935 Saepeautem
1608 2842 1742 2917 dictum
1769 2861 1840 2937 cst,
1874 2843 1941 2919 hac
1960 2874 2095 2922 narra··
2196 2896 2200 2907 ·

96 2946 129 3018 ci
143 2947 309 3022 efficacia.
358 2947 463 3021 Certo
478 2953 629 3023 sciamus
644 2953 759 3025 Deum
775 2955 864 3024 velle
879 2954 1051 3024 efficacem
1101 2942 1216 3013 tiones
1232 2942 1311 3013 i<100
1325 2946 1472 3036 script&
1488 2967 1572 3025 ⁸⁸⁸0,
1594 2959 1634 3017 ul
1648 2947 1806 3038 exempla
1823 2966 2083 3041 proponantur,

96 3050 144 3117 ιἐε
177 3072 242 3138 per
266 3073 387 3119 vocem
408 3047 619 3143 Evangelii,
650 3055 816 3145 colligere
845 3050 1053 3136 Ecclesiam,
1101 3067 1191 3137 quae
1213 3056 1384 3115 testentur
1403 3041 1521 3117 Deum
1538 3068 1620 3116 vere
1641 3048 1806 3118 exaudire
1827 3051 1963 3144 eosqui
1980 3055 2086 3123 iuvo-

96 3171 155 3221 sre
173 3149 419 3220 remissionem
442 3168 683 3244 peccatorum,
725 3179 855 3226 novam
881 3156 995 3226 lucem
1018 3171 1054 3228 ee
1101 3159 1183 3217 cant
1198 3144 1239 3214 in
1254 3142 1434 3232 Ecclesia,
1459 3160 1493 3218 ει
1507 3169 1589 3216 vere
1602 3148 1771 3240 opitulari
1787 3149 1856 3235 cis,
1883 3165 1918 3221 et
1933 3155 2084 3225 doceant

96 3248 180 3320 itam
197 3261 397 3336 aeternam,
424 3255 514 3325 sicut
528 3278 608 3324 vere
623 3255 693 3325 fuit
715 3257 835 3327 efficax
850 3282 929 3326 cum
947 3280 1054 3349 quas·
1101 3247 1206 3318 fidem
1221 3262 1257 3318 st
1271 3247 1544 3339 invocationem·
1595 3248 1805 3321 sicutenim
1820 3247 1916 3322 Deus
1931 3256 2094 3346 promis--

96 3363 163 3421 eret
175 3363 333 3421 montem
350 3350 471 3438 Sinai,
498 3368 533 3424 et
548 3354 665 3425 ederet
679 3357 747 3426 alia
769 3357 930 3427 miranda
955 3360 1052 3430 testi·
1101 3349 1398 3434 slonesiradidll‚
1418 3349 1574 3420 elstribl
1588 3351 1716 3436 volull,
1730 3365 1764 3423 ei
1778 3355 1936 3446 exempla
1951 3355 2084 3428 libera-

96 3450 192 3524 tonia
208 3450 248 3521 in
262 3454 411 3528 deserto.
462 3452 565 3524 Hanc
579 3456 804 3528 collationem
823 3457 956 3528 Paulus
970 3483 1053 3529 eru·
1101 3451 1238 3522 [ionum
1264 3451 1375 3521 multa
1394 3451 1554 3544 quotidie
1577 3452 1749 3532 ostendit,
1788 3467 1823 3525 el
1839 3453 1992 3546 insignia
2015 3459 2083 3529 ali·

96 3551 247 3625 itissime
267 3566 394 3625 tractat
419 3556 458 3623 iu
482 3560 516 3628 2.
532 3554 690 3646 Epistola
714 3560 759 3627 ad
777 3556 858 3633 Cor.
875 3558 925 3630 3.:
961 3552 1052 3630 Cum
1101 3575 1170 3645 qua
1187 3551 1294 3622 scribi
1312 3552 1443 3639 voluit,
1467 3566 1636 3646 tanquam
1654 3554 1853 3625 testimonia
1874 3557 2082 3649 promissio-

96 3652 178 3725 terit
192 3653 316 3743 ingens
331 3641 442 3744 gloria
457 3657 584 3726 veteris
593 3656 825 3745 Testamenti,
851 3661 963 3732 multo
978 3684 1053 3730 ma·
1101 3677 1187 3723 num
1195 3703 1208 3737 ,
1234 3660 1275 3725 'ut
1296 3652 1469 3727 diseamus
1484 3677 1566 3724 vere
1585 3654 1745 3725 exaudiri
1765 3655 1989 3730 invocantem
2004 3652 2082 3743 ¹Ec·

96 3778 124 3825 sr
141 3754 212 3824 crit
224 3755 338 3843 gloria
353 3757 438 3825 novi
454 3755 691 3841 Testamenti,
717 3762 838 3844 idest,
865 3786 944 3832 cum
953 3762 1053 3832 Deus
1102 3754 1262 3838 clesiam,
1294 3767 1327 3824 ει
1349 3756 1586 3826 accendantur
1604 3754 1711 3840 fides,
1735 3755 1933 3842 invocatio,
1960 3774 1994 3832 et
2018 3764 2081 3832 alii
2181 3790 2184 3800 ·

96 3856 269 3929 lustribus
285 3856 495 3928 testimoniis
512 3856 707 3931 ostenderit
728 3886 764 3932 sc
788 3886 861 3941 esse
878 3863 1051 3935 efficacem
1101 3869 1218 3927 motus
1241 3852 1317 3925 Deo
1349 3854 1525 3946 placentes
1548 3856 1587 3927 in
1612 3856 1779 3929 cordibus
1807 3860 1966 3957 piorum:
1999 3863 2081 3936 ideo

96 3979 106 4027 ι
130 3950 291 4028 Ecclesia
316 3958 392 4029 eius
420 3958 610 4050 temporis,
644 3976 679 4032 et
708 3964 845 4035 ornarit
867 3988 943 4033 eam
970 3979 1055 4035 tunc
1102 3957 1205 4028 toties
1226 3957 1296 4026 iam
1322 3959 1543 4044 dictumest,
1576 3972 1740 4050 oportere
1760 3983 1827 4031 nos
1854 3965 2011 4055 exempla
2035 3968 2081 4036 ad

96 4078 198 4147 tegna
211 4054 323 4146 gloria
332 4100 352 4150 ,-
373 4073 407 4129 et
429 4061 591 4130 miranda
608 4063 831 4145 defensione,
857 4090 931 4135 non
947 4064 1053 4135 dubi.
1102 4081 1206 4130 usum
1236 4071 1399 4129 nostrum
1429 4061 1629 4131 transferre.
1683 4061 1785 4133 Sicut
1808 4075 1842 4133 te
1862 4064 2016 4135 includis
2040 4067 2080 4135 in

96 4178 183 4227 snus
216 4158 332 4230 Deum
371 4160 542 4232 efficacem
583 4185 655 4233 csse
694 4166 797 4236 etiam
832 4167 1053 4257 promulgato
1102 4183 1222 4230 vocem
1248 4162 1545 4251 promissionum,
1576 4162 1627 4232 sic
1650 4163 1756 4233 etiam
1782 4165 1980 4255 exemplum
2013 4167 2080 4237 tibi

96 4254 282 4347 bangelio:
309 4264 511 4356 quanquam
529 4259 750 4335 horribiliter
774 4267 910 4338 onerati
932 4290 1054 4337 sumus
1102 4261 1308 4332 concionari
1328 4263 1434 4348 scias,
1462 4262 1545 4355 quia
1561 4260 1657 4334 Deus
1679 4287 1753 4334 non
1775 4277 1827 4334 cst
1849 4288 2079 4355 personarum

96 4358 227 4431 ruceio
243 4353 310 4428 bac
325 4362 416 4443 vica,
441 4386 481 4433 ac
498 4353 659 4436 nondum
675 4367 827 4438 efficacia
843 4369 905 4438 itta
923 4381 956 4438 et
972 4368 1050 4457 glo·
1101 4376 1273 4454 acceptor·
1333 4360 1526 4434 Tam'vult
1551 4361 1648 4435 Deus
1677 4379 1711 4434 te
1739 4366 1922 4451 exaudire,
1965 4393 2080 4462 quan-

96 4459 311 4553 acernitur.
1102 4486 1209 4558 quam
1231 4463 1411 4539 exaudivit
1432 4463 1623 4551 Davidem,
1657 4467 1765 4535 modo
1798 4479 1838 4536 ut
1859 4471 1957 4553 petss'
1978 4473 2079 4541 auri-

173 4556 373 4649 Diligenter
395 4564 512 4634 autem
529 4566 690 4637 doctrina
706 4570 751 4637 de
772 4568 924 4638 efficacia
944 4569 1052 4638 mini·
1100 4567 1200 4636 lium.
1252 4564 1374 4658 ltaque
1394 4567 1587 4656 gratiarum
1611 4565 1702 4635 actio
1719 4567 1757 4634 in
1772 4562 1839 4638 hoc
1854 4567 2015 4659 Psalmo,
2038 4588 2080 4646 ut

96 4659 168 4732 ‚crii
177 4656 365 4751 Evangelii
378 4664 542 4736 discenda
560 4680 630 4752 εει,
654 4692 700 4738 ne
714 4693 922 4764 quaeramus
936 4667 1050 4740 Deum
1101 4666 1208 4749 alibi,
1233 4678 1381 4739 testatur
1395 4690 1462 4739 nos
1477 4668 1656 4752 exaudiri,
1684 4680 1719 4738 ει
1738 4669 1836 4739 iubet
1857 4675 2015 4765 exemplo
2037 4690 2077 4748 ut

96 4786 147 4832 ne
175 4758 469 4852 suoEvangelio:
496 4768 626 4838 deinde
647 4783 688 4841 ut
709 4771 858 4840 sciamus
882 4771 987 4841 etiarn
1013 4771 1052 4840 in
1099 4782 1258 4861 petamus
1277 4769 1476 4855 auxilium,
1501 4783 1535 4840 ct
1567 4781 1709 4861 accepto
1744 4771 1913 4842 beneficio
1947 4778 2078 4866 gratias

96 4884 150 4934 iso
180 4858 379 4952 Evangelio
408 4869 701 4960 acquiescendum
737 4894 830 4956 esse,
870 4885 904 4942 ει
935 4869 1052 4942 Deum
1099 4892 1261 4960 agamus,
1282 4884 1316 4942 et
1328 4870 1417 4941 alios
1433 4882 1552 4940 nostra
1569 4869 1637 4940 lide
1663 4885 1697 4942 ει
1711 4872 1929 4945 confessione
1952 4878 1997 4949 ad
2019 4878 2077 4949 in·
2162 4876 2171 4893 ”

96 4988 152 5037 ere
167 4958 238 5063 hoc
252 4968 358 5035 modo
379 4990 445 5058 per
459 4969 563 5040 fidem
585 4972 860 5067 acquiescentem
878 4974 917 5042 in
930 4970 1052 5045 Evan-
1100 4973 1317 5044 vocationem
1333 4973 1534 5044 invitemus.
1662 5024 1666 5030 -

96 5065 180 5150 clio,
206 5066 292 5149 dare
306 5061 393 5137 haec
410 5069 486 5160 ipsa
503 5074 618 5159 bona,
645 5099 735 5168 quae
749 5076 931 5168 promisit,
956 5077 1052 5145 scili·
1200 5072 1290 5145 Tres
1304 5075 1411 5166 primi
1425 5096 1546 5144 versus
1562 5074 1710 5152 eandem
1727 5075 2002 5167 propositionem
2019 5104 2075 5152 re-

96 5165 384 5254 ssremissionem
401 5187 623 5261 pcccatorum
644 5189 679 5250 et
690 5177 864 5268 Spiritum
880 5191 1052 5251 sanctum.
1100 5187 1240 5264 petunt:
1261 5169 1322 5245 Tu
1335 5171 1442 5247 Deus
1457 5171 1635 5259 liberasti.
1671 5174 1844 5265 Quartus
1866 5203 1986 5252 versus
2011 5185 2075 5252 ad·

167 5264 276 5339 Hanc
292 5270 490 5347 doctrinam
508 5277 551 5344 dc
572 5273 725 5349 efficacia
740 5279 929 5352 ministerii
945 5294 1052 5350 evan·
1100 5275 1153 5347 dit
1182 5277 1373 5366 gratiarum
1402 5278 1593 5362 sotionem,
1629 5300 1734 5371 quam
1760 5279 1837 5349 vult
1859 5279 1936 5351 fieri
1959 5307 1977 5352 a
1999 5296 2075 5355 toto

96 5369 264 5447 dici-uon
285 5370 491 5463 intelligunt
505 5390 642 5448 mentes
655 5375 876 5472 prophanas:
907 5382 969 5451 sed
990 5402 1052 5456 ex·
1100 5389 1221 5462 coetu,
1244 5378 1327 5473 quia
1345 5376 1475 5473 passim
1488 5377 1622 5451 Psalmi
1644 5380 1824 5452 deducunt
1843 5404 1910 5452 nos
1932 5383 1976 5453 ad
1996 5407 2076 5456 coa·
2194 5382 2200 5391 '

1524 5475 1608 5553 ot·
