4538 5754
72 255 140 333 ιιι
821 254 871 334 11.
920 248 1162 331 urrunnu
1186 250 1363 331 smus
1544 349 1552 366 .
2017 268 2092 344 142

69 439 228 500 scentem
256 427 395 500 attinet.
452 422 502 498 Ut
535 425 631 496 enim
667 426 798 499 noticias
829 451 1059 499 numerorum
1108 447 1180 522 pov
1211 417 1276 496 seui
1306 428 1456 518 πνεῦμα
1484 438 1667 522 utcunque
1693 432 1910 521 ostenditur,
1951 441 2095 527 prodest
2210 434 2213 439 ’

67 552 208 622 semper
223 528 317 601 lucet
333 528 373 599 in
386 528 566 600 mentibus
580 522 767 616 humanis,
792 528 841 600 ita
862 543 983 602 manet
998 553 1060 600 re-
1109 548 1212 596 uosse
1241 527 1481 616 potentiarum
1504 527 1706 601 discrimen.
1768 531 1893 606 Redeo
1916 536 2024 627 igitur
2047 540 2094 613 ad

67 655 107 702 ra
124 630 274 716 noticia,
299 631 446 703 unicum
454 653 576 701 rerum
585 627 702 701 Deum
714 631 953 703 invocandum
968 653 1057 701 esse:
1108 639 1301 719 praecepta.

68 731 152 803 Nou
165 733 356 823 tingendos
371 754 446 803 esse
469 731 601 802 multos
617 733 718 803 deos:
744 730 828 804 Non
843 732 1059 804 interficien-

69 836 157 904 dum
177 856 254 904 esse
276 829 460 905 homiuem
481 830 707 903 innocentem
728 858 792 927 per
805 834 948 904 ludum:
975 831 1058 902 Non
1385 827 1483 916 Quid
1501 838 1557 904 est
1579 831 1818 908 intellectus?

70 934 322 1026 adprobandos
339 955 412 1004 esse
427 954 530 1022 vagas
547 933 727 1008 libidines.
779 932 858 1006 Etsi
878 948 996 1006 autem
1018 933 1057 1002 iu

70 1030 135 1106 hac
149 1034 304 1125 caligine
326 1029 483 1106 hnmana
506 1035 627 1105 miuus
648 1036 741 1106 clare
766 1035 878 1126 fulget
892 1030 978 1104 haec
996 1035 1057 1104 lux
1208 975 1275 1051 Est
1289 983 1447 1074 9⁰¹²⁰¹i³
1465 1006 1689 1075 ⁸⁰3u⁰³⁶²¹¹⁸2
1708 988 1910 1075 '‘wldass‘,
1931 987 2094 1064 iudicans

68 1135 105 1204 iu
118 1136 304 1207 mentibus
318 1129 495 1219 humanis,
519 1148 637 1205 tamen
653 1160 727 1207 non
744 1159 887 1228 prorsus
898 1135 1057 1223 extingui
1107 1093 1143 1199 ft
1166 1081 1382 1155 mimium
1410 1084 1603 1174 ⁸i¹¹3¹¹¹³ri³
1625 1100 1660 1159 εἴ
1691 1088 1925 1175 univemlh’
1956 1085 2093 1167 ΜΨ*

68 1249 193 1327 pm·
246 1233 335 1308 Ideo
350 1236 421 1306 viri
444 1236 635 1328 sapientes,
661 1250 702 1309 ut
724 1232 947 1328 Xenophon,
971 1233 1057 1307 Ari.
1107 1181 1231 1252 insitas
1245 1185 1414 1276 quasdam
1427 1186 1575 1256 noticias
1595 1187 1780 1260 nobiscum
1801 1203 2004 1278 nascentes,
2029 1217 2092 1268 seu

68 1337 210 1423 toteles,
235 1334 381 1424 Cicero,
408 1338 549 1408 turbam
564 1340 712 1409 deorum
730 1339 988 1429 improbarunt.
1107 1281 1283 1374 principia
1296 1307 1504 1375 mmmm
1519 1289 1671 1375 ‘nium’
1696 1284 1832 1361 bahem
1849 1302 1883 1361 0²
1900 1305 2018 1364 atium
2033 1319 2092 1367 re·

287 1455 296 1474 ,
870 1457 879 1474 ,
991 1454 1000 1472 ‚
1106 1384 1256 1470 flexum,
1288 1410 1360 1479 quo
1387 1409 1468 1456 suas
1494 1387 1649 1462 actiones
1679 1391 1792 1461 cernit
1815 1405 1849 1465 et
1871 1392 2025 1481 iudicat,
2056 1410 2092 1468 et

164 1452 241 1527 Sed
258 1449 318 1525 hrc
332 1477 561 1546 agnoscamus
577 1470 611 1528 et
627 1457 851 1547 deploremus
868 1456 1056 1526 mfirmrta-
1106 1496 1220 1554 em„
1236 1487 1423 1556 ,mendam
1437 1500 1563 1578 Potest·

68 1570 135 1626 tem
154 1569 338 1643 nostram,
362 1558 459 1650 quod
479 1556 585 1628 ctiam
602 1572 724 1628 contra
741 1557 913 1627 iudicium
935 1557 973 1624 in
991 1579 1055 1647 po-

14 1712 16 1719 1
69 1658 176 1729 tentia
190 1671 446 1747 cognoscente,
471 1672 581 1730 ruunt
598 1656 943 1729 voluntasetcorin
966 1669 1054 1727 tetra
1104 1707 1164 1755 Μ
1186 1698 1221 1758 ,p
1244 1687 1484 1776 intellectum,
1515 1703 1550 1762 ,g

68 1758 215 1842 scelera,
239 1770 283 1828 ut
299 1757 417 1852 inquit
434 1755 574 1860 Medea.
627 1758 740 1829 Video
755 1758 903 1830 meliora
918 1757 1053 1850 probo·
1104 1810 1190 1857 num
1207 1788 1437 1876 cognffiom

69 1881 143 1951 ‘1⁰⁸’
171 1860 352 1929 ‘mmm
367 1880 508 1950 mlum·
1206 1886 1299 1959 Sunt
1316 1901 1433 1959 autem
1449 1889 1672 1964 differentiae
1689 1909 1771 1968 tres.

160 1972 344 2047 V⁰l⁰¹¹l⁸⁸
359 1975 399 2045 in
413 1973 587 2047 3⁰¹⁰ssssst
610 1974 843 2066 gladiatorum
858 1976 980 2045 med&
997 1999 1053 2045 re-
1205 1986 1338 2063 Prima.
1378 1987 1509 2060 Sensus
1524 2005 1663 2065 tantum
1680 2011 1840 2070 versatur
1856 1996 1949 2067 circa
1964 1999 2086 2091 singu·

69 2074 170 2166 “95¹2
193 2088 322 2146 ‘⁰⁰³³
347 2076 520 2147 iuditium
546 2077 685 2149 menti&
734 2075 856 2149 P⁰l⁰⁸l
877 2075 1053 2146 ‘nimm-
1103 2088 1201 2175 laria,
1224 2112 1290 2158 nec
1306 2085 1558 2182 adprehendit,
1585 2117 1651 2164 nec
1665 2098 1849 2188 componit
1862 2098 2089 2175 universalia.

69 2176 182 2248 lunia
194 2199 399 2269 “pululare
415 2189 512 2248 recto
529 2177 674 2249 iudici&
751 2275 754 2279 .
1206 2188 1379 2262 Secunda.
1431 2190 1563 2265 Sensus
1578 2196 1695 2266 nullas
1711 2193 1818 2270 habet
1836 2198 1976 2273 innatas
1990 2204 2087 2273 noti-

157 2294 316 2367 Accedit
345 2290 415 2366 huc
440 2295 567 2379 etiam,
601 2295 696 2388 quod
726 2294 862 2365 diaboli
889 2311 924 2367 et
945 2297 1050 2366 corda
1103 2290 1192 2377 cias,
1214 2303 1256 2360 ut
1271 2292 1422 2382 pecudes
1437 2316 1511 2362 nou
1529 2311 1678 2387 possunt
1692 2321 1890 2373 numerare.

68 2396 269 2488 impellunt,
293 2408 329 2467 et
342 2395 521 2467 mentibus
535 2396 697 2466 inserunt
709 2397 862 2480 furores,
887 2410 927 2467 ut
945 2397 1050 2468 etiam
1203 2390 1338 2464 Tertia.
1396 2392 1497 2465 Nulli
1519 2418 1660 2482 sensus,
1695 2399 1794 2468 nulla
1817 2400 1921 2470 bruta
1950 2394 2085 2471 habent

68 2497 172 2589 caligo
190 2498 232 2566 in
249 2508 351 2589 parte
365 2509 597 2585 cognoscente
613 2495 784 2567 iudicium
801 2498 940 2581 obruat,
962 2497 1052 2569 sicut
1101 2504 1199 2564 actus
1223 2493 1383 2565 reflexos.
1436 2492 1531 2586 Apes
1555 2510 1722 2571 extruunt
1744 2496 1835 2570 mira
1863 2523 1991 2591 opera,
2024 2503 2086 2573 secl

66 2597 197 2692 dioqni
227 2596 337 2669 multi
359 2597 451 2669 fiunt
470 2596 595 2668 furiosi
603 2648 617 2681 ,
647 2610 680 2667 et
703 2598 886 2669 furoribus
915 2597 1051 2668 incitati
1101 2588 1195 2664 hauc
1215 2593 1328 2687 ipsam
1345 2590 1641 2669 architectonicen
1664 2623 1738 2669 oon
1759 2599 1931 2672 iudicant.

66 2701 225 2772 saeviunt
241 2699 284 2769 in
297 2720 374 2769 sese
394 2712 428 2772 ct
446 2696 486 2768 in
506 2720 605 2781 suos,
630 2712 670 2769 ut
690 2695 862 2768 Hercules
885 2698 1051 2770 interficit

64 2800 250 2893 coniugem
277 2813 313 2872 et
329 2796 436 2875 tilios.
494 2793 544 2869 Et
573 2798 613 2867 in
643 2794 791 2870 historia
810 2795 1050 2870 Xanthiomm
1266 2801 1476 2883 Quaerunt
1492 2800 1919 2876 actionestntetteotos?

62 2915 170 2973 mater
194 2900 391 2993 ⁵suspendit
418 2923 455 2970 se
479 2900 656 2985 detecto,
688 2922 813 2990 gerens
840 2923 1050 2992 suspensum

60 3001 169 3073 filium
192 3004 243 3073 de
268 3000 361 3071 collo
382 3023 465 3087 suo,
492 3014 528 3071 et
551 3013 674 3071 tenens
699 3001 830 3085 lacem,
857 3025 927 3094 qua
946 3002 1050 3071 aedes

58 3102 322 3177 inflammabat.
371 3095 420 3172 Et
437 3102 475 3171 in
490 3096 557 3172 hac
571 3101 648 3193 ripa
663 3097 787 3187 Albis,
810 3115 892 3171 aute
915 3102 1049 3172 bellum

56 3202 295 3283 Saxonicum,
307 3213 421 3272 mater
433 3201 472 3271 in
486 3202 675 3295 puerperio
688 3202 909 3272 surcnsduos
929 3201 1049 3272 insan-

53 3319 165 3376 tesex
190 3304 273 3397 ipsa
288 3315 390 3374 natos
413 3301 601 3377 interfecit.
652 3301 847 3396 Aliquanto
871 3317 952 3375 autc
977 3299 1050 3373 Ba-

53 3406 163 3476 sileae
184 3402 339 3475 maritus
367 3402 550 3494 gravidam
580 3403 765 3492 coniugem
790 3401 909 3493 gladio
931 3416 1049 3476 traus-

49 3506 170 3591 contr,
196 3517 322 3599 postea
344 3526 420 3577 sese
439 3505 485 3576 de
505 3502 645 3595 fastigio
659 3502 801 3574 aedium
822 3502 1049 3597 praecipitem

52 3606 202 3682 deiecit.

1207 1584 1303 1655 Haec
1324 1587 1484 1659 delinitio
1507 1589 1662 1661 ostendit
1684 1590 1875 1664 discrimen
1892 1594 1986 1666 inter
2007 1619 2089 1667 sen-

1573 1690 1667 1763 inter
1694 1693 1882 1766 brutorum
1910 1709 1945 1768 et
1971 1692 2089 1767 homi·

1203 2941 1271 3015 His
1288 2945 1406 3016 verbis
1428 2947 1553 3018 usitate
1576 2966 1811 3023 numerantur
1826 2964 1897 3023 tres
1910 2953 2083 3023 actiones:

1101 3043 1326 3136 Simplicium
1356 3043 1611 3141 apprehensio,
1643 3051 1851 3143 compositio
1880 3066 1916 3124 et
1944 3053 2086 3135 divisio,

1100 3170 1141 3216 ac
1161 3147 1352 3220 discursus.
1403 3147 1444 3220 Si
1468 3150 1525 3219 cui
1546 3145 1613 3221 hae
1640 3152 1896 3243 adpellatioues
1917 3154 2088 3231 videntur

1101 3247 1287 3335 obscurae,
1314 3263 1476 3321 numeret
1486 3245 1555 3321 hoc
1568 3253 1698 3324 modo:

1201 3348 1427 3442 Simplicium
1443 3353 1611 3443 cognitio.

1202 3448 1419 3524 Numeratio.

1202 3547 1419 3642 Compositio
1435 3565 1470 3623 et
1486 3554 1628 3627 divisio.

1200 3649 1454 3724 Ratiocinatio.

152 3734 234 3809 Nec
258 3748 404 3829 propter
430 3736 516 3810 talia
538 3736 629 3809 lactu
652 3737 713 3807 lux
735 3735 906 3807 naturalis
927 3736 967 3808 in
991 3732 1049 3807 his
1201 3750 1388 3838 Memoria,
1408 3767 1443 3824 er

50 3837 167 3932 ipsis,
190 3860 232 3907 ae
252 3837 369 3908 multo
388 3838 508 3908 minut
527 3837 567 3907 in
587 3838 666 3907 aliis
689 3838 785 3909 tanis
804 3836 958 3910 2¹ch2&
986 3850 1049 3912 esl-
1203 3850 1398 3938 Indicium,
1425 3877 1495 3949 quo
1520 3868 1554 3925 et
1578 3856 1675 3926 iuxta
1697 3878 1903 3928 communes
1928 3878 2086 3940 normas,

53 3941 128 4014 Sed
152 3937 298 4009 diaboli
321 3937 497 4008 violenter
519 3937 711 4028 impellunt
730 3940 903 4011 desertam
926 3963 949 4010 a
971 3934 1049 4009 Deo
1102 3976 1192 4047 quae
1226 3953 1451 4044 adpellantur
1479 3949 1666 4063 κριτήρια,
1706 3970 1945 4048 agnoscuntur
1979 3979 2084 4027 verae

53 4054 239 4112 mmmm.
292 4031 346 4108 Ac
361 4038 444 4157 talia
458 4040 616 4157 exempla
632 4034 957 4158 commonefaciunt
971 4061 1050 4121 110⁸,
1100 4053 1378 4147 propositiones,
1402 4070 1437 4129 ct
1453 4058 1723 4150 consequentiae
1737 4072 1829 4130 recte
1846 4053 2083 4139 cohaerentes,

54 4158 97 4215 nt
110 4156 279 4235 pelamm
293 4162 315 4209 δ
329 4138 404 4209 fillo
420 4140 493 4257 1?ss
508 4141 828 4229 gubernalwnem»
852 4141 916 4234 (1ΰὶ
941 4142 1050 4226 venii,
1100 4170 1136 4227 et
1150 4155 1257 4226 falsae
1270 4157 1529 4249 pmpositiones
1543 4171 1578 4231 et
1591 4182 1666 4230 non
1679 4156 1902 4231 cohaerentia
1923 4156 2082 4228 membra

56 4259 98 4317 ut
113 4245 400 4358 damlopeffl
415 4240 569 4324 d¹³b⁰¹h
593 4265 640 4311 ΠΕ
660 4241 721 4311 ¹¹¹¹
739 4241 865 4312 ludicii
879 4241 1050 4313 ‘Wlffl-
1100 4255 1322 4333 reiiciuntur.
1370 4255 1462 4328 Nam
1479 4254 1544 4330 hos
1559 4262 1690 4349 gradus
1702 4261 1787 4332 addi
1800 4278 1939 4329 necesse
1953 4268 2016 4327 cst.

58 4345 180 4416 turin
202 4341 332 4427 nollit,
355 4352 392 4410 el
414 4364 461 4410 ΒΘ
477 4343 585 4413 corda
607 4342 853 4433 impelltnlurs
883 4355 924 4412 ul
944 4356 1050 4414 ruant
1202 4354 1310 4445 Quod
1326 4358 1431 4431 etiam
1445 4359 1553 4451 vulgo
1569 4362 1819 4433 discernuntur
1838 4380 1961 4428 sensus
1976 4370 2010 4428 et
2023 4358 2082 4427 in·

59 4460 183 4518 muln
204 4441 427 4513 V⁰lu¹³i⁸i²m
447 4439 527 4514 Μ·
579 4440 700 4532 Quare
721 4443 816 4515 ⁰15ss
838 4443 1048 4537 (Ιΰθῑῖἅῑὸὓὸ
1101 4458 1260 4531 tellectus
1282 4455 1340 4528 his
1362 4459 1498 4531 verbis:
1519 4459 1652 4534 Sensus
1665 4474 1718 4531 est
1738 4458 1991 4549 singularium,
2017 4457 2080 4528 ln-

59 4545 267 4640 pransione
285 4542 456 4614 dicimus:
485 4540 541 4614 Ne
561 4543 711 4616 inducas
734 4567 802 4615 uos
822 4543 863 4613 in
879 4544 1049 4616 tentatio-
1099 4559 1259 4632 tellectus
1289 4560 1557 4634 universalium,
1611 4562 1651 4633 ld
1685 4562 1821 4631 (lictum
1856 4581 2082 4654 nequaquam

60 4671 155 4721 nem·
205 4640 260 4717 Et
282 4640 462 4716 Dominus
482 4643 620 4738 inquit:
670 4639 801 4732 Orate,
833 4667 880 4715 ne
909 4645 1051 4718 ῑῦῑῐθῑῑὸ
1100 4659 1275 4730 exclusive
1290 4659 1560 4753 intelligendum
1577 4675 1648 4746 est,
1671 4660 1985 4755 quasiintellectus
2001 4673 2082 4730 tan·

58 4746 361 4821 intentationem.
1100 4772 1176 4831 tum
1196 4759 1242 4831 sit
1262 4762 1531 4834 universalium.
1582 4760 1797 4856 Quanquam
1819 4777 1936 4834 autem
1959 4783 2084 4831 sensns

153 4863 305 4937 Horum
322 4875 358 4935 ct
372 4859 544 4933 similium
557 4876 845 4950 argumentomm
861 4863 1049 4956 explicatio
1100 4873 1238 4933 tantum
1263 4861 1467 4952 singularia¹
1482 4862 1621 4933 obiecta
1646 4863 1796 4954 arripit,
1828 4876 1946 4933 tamen
1975 4861 2082 4932 intel-

60 4968 235 5040 derebus
262 4962 498 5056 gravissimis,
531 4964 688 5035 ostendit
717 4965 906 5036 utilitatem
940 4959 1048 5037 huius
1099 4963 1211 5032 lectus
1233 4965 1366 5050 cernit,
1388 4962 1588 5054 componit,
1611 4962 1742 5035 dividit
1767 4976 1801 5034 et
1827 4963 1961 5034 iudicat
1983 4974 2084 5032 utra-

59 5069 255 5142 dortrinae.
304 5060 361 5135 Ac
380 5062 700 5157 multasequcntur
719 5065 811 5150 alia,
836 5089 926 5158 quae
941 5066 1046 5136 etiam
1099 5085 1180 5157 quc,
1201 5062 1391 5152 singularia
1405 5075 1440 5135 et
1454 5062 1682 5151 univ'ersalia.
1712 5062 1830 5135 Huius
1845 5075 1985 5133 nostrae
2000 5084 2082 5131 seu·

61 5171 192 5267 aliquid
218 5163 497 5239 lucisadl‘ereot
516 5167 563 5233 ad
586 5163 852 5253 intelligendam
872 5161 1048 5237 Ecclesiae
1097 5162 1228 5237 tentiae
1249 5165 1433 5255 perspicua
1456 5165 1678 5236 confirmatio
1701 5164 1795 5235 snmi
1815 5177 1930 5256 potest
1950 5187 1994 5234 ex
2013 5185 2084 5231 nn-

62 5273 268 5343 doctriuam.
298 5262 350 5339 Ut
363 5287 446 5335 cum
462 5263 596 5335 dicitur
609 5262 723 5334 Filius
738 5263 805 5335 Dei
819 5257 944 5363 λόγος,
973 5290 1046 5336 esse
1097 5264 1311 5348 mentione,
1343 5287 1437 5358 quae
1453 5264 1700 5359 pmpriissima
1723 5278 1773 5337 est
1796 5260 1903 5335 huius
1924 5284 2085 5334 summae

63 5372 173 5465 imago
189 5366 330 5443 aeterni
345 5361 488 5451 Patris,
507 5375 542 5438 ct
562 5386 642 5434 cum
660 5364 850 5436 discrimen
874 5367 967 5440 inter
986 5360 1048 5439 λό-
1097 5365 1277 5458 potentiae
1302 5364 1552 5458 intelligentis,
1584 5389 1661 5437 uon
1682 5388 1826 5451 sensus,
1855 5360 2086 5456 pmgreditur
