4538 5754
1071 100 1090 139 .
1179 96 1181 100 -
2016 110 2023 127 .

113 230 191 309 αττ
521 298 528 309 ,
637 244 642 253 ’
708 174 1725 357 κιωττττταοαῐηωῖωῶψ
2063 215 2114 297 9,

118 403 253 495 ingenii
276 400 515 490 sagacitatem,
541 419 612 490 qna
629 407 664 464 et
679 392 876 463 diiudicare
892 392 1026 484 optima
1041 417 1107 483 po·
1170 460 1174 469 ,
1260 389 1438 465 Recensui
1448 392 1828 467 calamitatesfatniliae
1837 391 2042 481 Alexandri,

121 521 222 587 terat,
241 519 275 575 et
288 503 486 593 prospicere
503 511 659 567 eventus.
685 494 839 583 Deinde,
858 508 990 588 quanta
1005 495 1108 565 celsi·
1158 518 1240 566 cum
1262 518 1337 565 nou
1358 495 1548 564 ’acciderint
1569 519 1671 577 casu,
1697 498 1858 588 prolecto
1871 520 1936 568 nos
1952 500 1996 567 de
2010 499 2064 567 ira

121 611 209 682 tudo
232 605 339 676 animi
364 604 433 674 fuit
453 601 641 693 coniuncta
662 621 742 667 cum
765 621 886 665 amore
901 596 1058 667 iusticias
1074 608 1109 665 et
1158 600 1364 667 admonent.
1419 595 1535 667 Multa
1546 594 1642 667 Deus
1658 598 1790 689 flagitia
1806 599 1844 668 in
1860 593 1927 668 hac
1943 600 2013 669 vita
2029 623 2077 688 pu

122 708 378 786 moderatione,
395 702 590 794 despiciens
598 699 753 791 pericula
763 711 797 766 et
806 698 954 768 labores.
983 699 1109 789 Quan-
1158 711 1192 768 et
1210 699 1404 786 cogitemus
1417 711 1548 767 restare
1564 699 1735 769 iudicium
1754 713 1833 790 post
1850 694 1943 769 banc
1957 702 2082 786 vitam,
2128 700 2135 719 '

123 828 158 885 ta
188 833 269 900 erga
292 831 374 878 suos
397 801 642 874 benevolentia
666 814 701 872 ct
719 799 877 870 comitas.
943 798 1108 890 Denique
1158 824 1229 893 quo
1254 802 1292 868 in
1314 814 1473 870 aeternas
1495 823 1627 891 poenas
1650 802 1887 872 coniicientur
1911 826 2052 886 omnes,
2083 827 2107 894 q
2138 802 2145 821 ⁹

123 914 260 984 nullius
290 932 413 999 regum
434 900 671 976 Ethnicorum
696 898 877 985 omnlum,
911 901 973 992 qui
1002 900 1107 970 nobis
1158 903 1265 971 vitam
1290 925 1366 970 non
1388 902 1590 973 emendant.
1638 899 1799 974 Brevitas
1823 917 1940 973 autern
1961 899 2069 974 huius
2091 905 2147 1025 vig

27 1009 28 1012 ¹
123 1015 200 1087 noti
218 1025 302 1083 sunt
317 1035 358 1079 ex
372 1003 549 1089 historiis,
576 1017 672 1075 tanta
687 1003 800 1073 virtus
815 1003 883 1072 luit
900 1000 1107 1087 Alexandri,
1158 1017 1213 1073 tae
1235 1002 1528 1076 commonefaciat
1551 1026 1637 1089 nos,
1661 1002 1777 1075 Deum
1800 1017 2144 1096 nontantumprae2

124 1141 205 1188 cum
224 1108 341 1183 adbuc
357 1130 462 1179 sanus
476 1120 583 1190 esset,
609 1101 763 1189 horest,
788 1118 1019 1195 anteceptam
1037 1102 1108 1173 Ba·
1158 1103 1229 1173 mia
1253 1118 1288 1174 et
1309 1127 1441 1195 poenas
1462 1103 1501 1172 in
1521 1100 1588 1174 bac
1608 1105 1682 1177 vita
1704 1130 1921 1198 proponere,
1947 1107 2011 1175 sed
2035 1106 2144 1177 multo

122 1219 303 1313 bylonem.
353 1207 441 1281 Erat
457 1209 565 1300 igitur
581 1207 763 1297 ingenium
781 1207 855 1276 eius
872 1207 977 1297 longe
996 1207 1108 1276 maius
1158 1206 1268 1296 magis
1293 1206 1331 1273 in
1356 1206 1418 1274 illa
1441 1205 1560 1276 futura
1580 1207 1800 1282 aeternitate.
1850 1206 2035 1302 Quicquid
2050 1207 2141 1276 enin

123 1323 251 1400 decus,
277 1337 382 1408 quam
399 1312 472 1403 ipsa
491 1309 632 1399 imperii
646 1308 829 1400 possessio.
1157 1308 1350 1400 aliquando
1390 1307 1553 1392 finietur,
1595 1309 1701 1378 breve
1726 1310 1928 1380 ducendum
1961 1324 2033 1395 est,
2075 1309 2141 1401 vita

224 1416 293 1487 His
316 1414 423 1486 tantis
444 1410 652 1482 muneribus
673 1411 843 1492 donatus,
868 1432 943 1477 non
966 1408 1110 1497 agnovit
1158 1422 1250 1478 certe
1265 1403 1422 1478 bominis
1437 1409 1545 1478 breve
1560 1411 1777 1481 curriculum
1796 1423 1858 1481 est.
1904 1409 2066 1481 Sciamus
2080 1406 2140 1499 igi·

123 1521 241 1593 Deum
270 1531 448 1598 autorem,
481 1528 516 1584 ct
546 1514 689 1582 remissa
717 1521 836 1602 priore
856 1510 965 1578 animi
991 1510 1108 1590 inten-
1157 1522 1217 1582 tur
1233 1524 1364 1582 restare
1379 1509 1553 1581 iudicium
1569 1511 1614 1581 de
1628 1513 1780 1584 aeternis
1794 1513 1960 1605 praemiis
1969 1527 2005 1584 et
2015 1510 2140 1605 poenis

109 1613 239 1707 tione,
264 1617 400 1689 dedidit
423 1638 459 1684 se
481 1614 666 1685 obscoenis
688 1612 946 1703 voluptatibus,
970 1603 1108 1681 hellua-

124 1739 182 1797 tus
205 1735 276 1803 est,
302 1718 478 1790 interfecit
500 1717 617 1786 ebrius
633 1714 783 1799 amicos,
807 1706 930 1782 saeviit
948 1711 986 1779 in
1004 1715 1109 1782 duces
1347 1712 1400 1763 ns
1422 1713 1715 1765 successorum
1741 1714 1960 1767 stercores

124 1826 247 1897 lldeles
263 1838 296 1894 et
312 1820 445 1911 optime
461 1819 623 1900 meritos,
645 1816 804 1905 pollutus
819 1827 870 1885 est
886 1814 1109 1883 libidinibus.
1192 1890 1200 1902 Ι
1258 1809 1351 1895 Cum
1376 1828 1455 1905 post
1468 1812 1664 1886 Alexandri
1686 1832 1834 1889 mortem
1858 1831 1994 1890 teneret
2011 1817 2143 1908 regium

124 1926 193 1997 His
220 1922 363 2014 flagitiis
393 1919 530 1991 addidit
558 1918 761 1986 manifestas
791 1916 1020 1985 contumelias
1046 1917 1109 1983 ad·
1158 1937 1289 1983 nomen
1311 1915 1421 1986 frater
1436 1916 1631 2005 Aridaeus,
1656 1922 1751 2011 apud
1773 1944 1878 2012 quern
1902 1942 2063 1990 summus
2085 1941 2144 2008 gu-

126 2022 394 2098 versnsDenm.
444 2018 551 2093 Credi
573 2017 688 2089 voluit
711 2041 746 2087 se
771 2041 877 2115 supra
904 2016 1108 2085 mortalium
1158 2017 1326 2085 hernator
1356 2029 1431 2087 erat
1451 2015 1662 2101 Perdiccas„
1687 2021 1893 2111 provinciae
1924 2020 2019 2090 inter
2043 2022 2146 2090 duces
2184 2034 2186 2095 1

127 2129 366 2201 conditionem
380 2122 549 2218 quiddam
563 2120 678 2190 divini
694 2118 851 2189 numinis
865 2113 1014 2200 habere,
1034 2141 1109 2186 non
1159 2117 1367 2187 distributae
1382 2130 1483 2203 sunt,
1509 2119 1558 2189 ita
1573 2134 1614 2192 ut
1627 2117 1915 2193 omnesAridaeo
1929 2123 2002 2212 regi
2020 2119 2146 2192 etPer·

125 2230 333 2324 agnoscebat
354 2250 391 2296 se
414 2249 470 2295 res
490 2238 604 2295 tantas
619 2219 695 2292 Deo
712 2233 854 2290 aeterno
873 2220 1017 2288 iuvante
1033 2241 1109 2308 ges·
1159 2218 1277 2288 diccas
1299 2243 1422 2310 parere
1445 2220 1664 2296 iuberentur.
1722 2224 1849 2295 Ambit
1871 2223 1981 2313 igitur
2002 2219 2146 2292 Perdicl

127 2336 229 2411 sisse,
256 2332 314 2400 sed
340 2351 422 2397 suae
445 2325 638 2417 sapientiae
659 2336 693 2393 et
715 2321 788 2391 suis
808 2315 1110 2390 virtutibushanc
1160 2343 1236 2404 cas,
1269 2320 1352 2413 quia
1381 2322 1569 2393 autoritate
1597 2324 1679 2416 plus
1706 2348 1812 2417 quarn
1844 2324 1972 2395 caeteri
1995 2323 2148 2406 valebat,

126 2435 275 2526 gloriam
297 2429 486 2500 tribuebat.
535 2424 706 2495 Prodibat
728 2423 907 2492 interdum
930 2436 1110 2505 cornutus,
1160 2421 1365 2510 coniugium
1387 2423 1525 2511 sororis„
1540 2420 1736 2495 Alexandri
1756 2422 1975 2516 Cleopatrae.
2039 2420 2089 2495 Et
2110 2437 2148 2494 ut

126 2550 168 2609 ut
191 2534 326 2626 lupiter
346 2527 549 2611 Hammon,
582 2525 763 2594 interdum
785 2536 826 2594 ut
845 2521 979 2594 Diana:
1006 2525 1110 2593 deni·
1159 2523 1301 2593 tolleret
1324 2546 1343 2591 c
1367 2523 1485 2592 medio
1509 2548 1586 2608 eos,
1612 2551 1701 2620 quos
1716 2527 1886 2596 obsistere
1899 2527 1973 2597 suis
1988 2523 2148 2596 consiliis

127 2660 196 2732 que
211 2629 430 2704 intolerabili
444 2627 637 2719 petulantia
652 2626 807 2697 ludebat.
1160 2623 1418 2707 arbitrabatur,
1458 2625 1557 2696 iubet
1585 2627 1738 2698 interfici
1765 2626 2007 2719 Meleagrum,
2044 2626 2147 2698 struit

227 2734 373 2806 Secutae
388 2742 472 2829 sunt
485 2729 594 2818 igitur
608 2726 825 2799 tristissimae
836 2749 982 2819 poenae.
1032 2721 1111 2814 lpse
1160 2723 1308 2794 insidias
1329 2721 1522 2815 Antigono.
1566 2724 1642 2814 Qui
1665 2754 1746 2800 cum
1769 2730 1913 2820 fugisset
1934 2730 1979 2800 ad
1996 2723 2146 2821 Antipa-

127 2839 289 2909 nondum
313 2832 505 2905 constituto
525 2853 633 2920 regno
655 2828 830 2913 moritur,
861 2852 941 2898 curn
959 2827 1110 2896 nimium
1161 2840 1257 2897 trum
1288 2826 1325 2894 in
1349 2823 1620 2915 Macedoniam,
1652 2830 1779 2899 missus
1804 2846 1855 2901 est
1874 2826 2076 2917 Eumenes,
2109 2841 2147 2899 ut

129 2937 304 3011 hausisset
332 2935 409 3005 vini
437 2933 475 3003 in
505 2927 842 3028 convivio'Amasii.¹
907 2926 985 2998 Hac
1006 2929 1111 2998 ruina
1161 2928 1296 2998 bellum
1319 2926 1465 2999 inferret
1483 2928 1673 3022 Antipatro
1691 2945 1724 3002 ct
1740 2930 1942 3023 Antigono,
1968 2956 2050 3003 curn
2068 2931 2146 3025 qui·

129 3041 235 3115 simul
259 3059 424 3130 oppressa
452 3049 503 3106 est
528 3035 694 3106 universa
718 3034 857 3105 domus.
915 3029 1112 3123 Aliquanto
1161 3031 1228 3100 bus
1251 3041 1285 3100 et
1306 3026 1531 3100 Ptolemaeus
1553 3055 1589 3101 se
1610 3033 1858 3104 coniunxerat.'
1910 3030 2019 3103 Ducit
2042 3033 2145 3122 igitur

129 3157 209 3238 post
232 3153 345 3211 mater
366 3133 575 3231 Olympias,
610 3158 731 3219 soror,
757 3154 885 3202 uxores
906 3132 1016 3214 duae,
1039 3131 1111 3199 duo
1162 3131 1351 3200 exercitum
1367 3127 1552 3202 Perdiccas
1568 3132 1833 3227 inAegyptum,
1856 3131 2145 3205 ntPtolemseum

129 3247 193 3317 lilii
211 3241 311 3335 parvi
323 3241 497 3310 interfecti
516 3251 598 3308 sunt
614 3236 659 3306 ab
673 3236 784 3324 ipsius
799 3232 1113 3303 commilitonibus.
1163 3231 1247 3300 inde
1275 3232 1472 3322 expelleret.
1536 3232 1606 3305 Sed
1634 3235 1793 3306 desertus
1822 3236 1868 3307 ab
1898 3235 2056 3306 exercitu
2086 3257 2144 3307 suo

233 3342 341 3432 Quod
370 3341 568 3430 exemplum
599 3335 868 3407 commemorari
889 3346 1004 3426 potest
1026 3332 1112 3401 illu·
1162 3329 1365 3423 Perdiccas,
1391 3333 1549 3404 inlicitur
1573 3359 1593 3405 a
1612 3337 1686 3407 suis
1707 3337 1905 3430 equitibus,
1929 3336 2038 3407 tertio
2055 3358 2144 3406 anno

131 3447 236 3520 strius
273 3439 530 3511 inconstantiae
562 3462 680 3508 rerum
706 3431 971 3505 humanarum?
1033 3432 1114 3503 llu-
1163 3447 1242 3525 post
1265 3430 1460 3504 Alexandri
1481 3450 1644 3509 mortem.
1697 3436 1749 3508 lta
1769 3437 1906 3528 primus
1926 3450 2034 3508 autor
2057 3436 2144 3508 sedi·

133 3550 189 3620 ius
225 3543 316 3616 tanti
351 3542 444 3636 regis
479 3539 613 3609 familia
649 3551 685 3608 ct
714 3536 899 3626 posteritas
925 3548 1000 3607 toto
1029 3533 1114 3607 orbe
1161 3535 1270 3607 tionis
1285 3535 1384 3607 dedit
1398 3561 1543 3628 poenas,
1569 3563 1660 3632 quae
1673 3539 1744 3611 late
1758 3554 1898 3629 vagatae
1913 3553 2008 3611 sunt.
2062 3535 2145 3608 Mox

20 3688 23 3697 =
133 3664 310 3720 terrarum
338 3644 478 3715 nullum
507 3641 617 3709 lidum
647 3639 799 3709 amicum
828 3633 953 3708 habuit
975 3661 1016 3707 ex
1042 3638 1115 3707 illis
1163 3637 1258 3707 enim
1286 3650 1323 3708 et
1350 3638 1460 3709 frater
1479 3638 1668 3710 Perdiccae
1691 3637 1831 3712 Alcetas
1860 3642 2068 3712 interfectus
2087 3651 2145 3718 cst,

134 3749 237 3844 ipsis,
276 3747 406 3840 quibus
435 3743 510 3835 ipse
538 3739 737 3836 provincias
766 3740 930 3822 dederat,
964 3754 998 3812 et
1024 3761 1115 3834 quos
1164 3751 1198 3810 et
1213 3739 1289 3809 eius
1304 3762 1416 3812 soror.

134 3862 304 3922 evexerat.
1267 3837 1366 3909 Alibi
1393 3865 1496 3926 vcro,
1529 3865 1607 3913 cum
1629 3839 1808 3913 Eumenes
1838 3843 2041 3914 dimicasset
2065 3865 2142 3911 curn

236 3950 432 4025 Cassander
459 3944 640 4037 Antipatri
672 3945 785 4029 lilius,
819 3941 881 4037 qui
913 3942 1115 4011 adolescens
1163 3939 1343 4031 Antipatri
1365 3945 1538 4029 exercitu,
1565 3945 1748 4035 perierunt
1760 3943 1927 4017 Craterus
1944 3959 1978 4015 et
1992 3943 2145 4034 Neopto·

135 4054 229 4149 apud
255 4049 499 4123 Alexandrum
523 4050 691 4117 educatus
718 4059 809 4132 erat,
842 4043 1018 4114 interfecit
1040 4043 1115 4132 pri·
1163 4043 1287 4112 lemos.
1339 4040 1437 4114 Haec
1457 4045 1604 4117 fuerunt
1625 4048 1728 4118 initia
1749 4048 1948 4137 ingentium
1972 4061 2146 4129 motuum,

133 4178 233 4227 mum
262 4148 514 4247 Olympiadem
539 4145 734 4219 Alexandri
762 4160 922 4217 matrem.
949 4139 954 4151 '
989 4142 1113 4214 Postea
1162 4156 1217 4214 tot
1239 4143 1334 4212 enim
1349 4145 1543 4217 interiectis
1557 4148 1728 4239 ducibus,
1753 4149 1824 4217 iarn
1837 4149 1918 4218 odia
1934 4161 2145 4227 exarserant,

133 4257 307 4335 Roxanen
330 4267 364 4325 et
383 4254 458 4323 eius
478 4250 591 4320 lilium
608 4249 863 4319 Alexandrum.
915 4241 963 4317 Et
978 4258 1116 4338 practer
1163 4256 1198 4315 et
1220 4269 1315 4315 nova
1326 4247 1469 4318 foedera
1486 4248 1635 4330 fiebant,
1661 4262 1694 4319 et
1708 4273 1745 4319 se
1759 4250 1887 4340 singuli
1902 4252 1946 4320 ad
1962 4273 2058 4320 nova
2075 4274 2145 4320 cer·

135 4358 232 4432 hunc
252 4356 402 4428 alterurn
424 4353 536 4424 lilium
551 4348 741 4421 Herculem
759 4375 800 4421 ex
816 4348 965 4421 Barsine
981 4363 1115 4422 natum.
1163 4347 1297 4418 tamina
1319 4351 1589 4440 praeparabant.
1639 4346 1721 4422 Duo
1739 4365 1856 4422 autern
1871 4352 2033 4422 omnium
2052 4363 2148 4422 erant

135 4461 239 4532 Hanc
259 4459 407 4550 gratiam
429 4455 594 4525 alumnus
615 4452 769 4545 principi
784 4453 874 4522 bene
892 4451 1018 4520 merito
1033 4450 1116 4518 red·
1164 4449 1345 4529 acerrimi,
1383 4446 1585 4540 Antigonus
1611 4467 1645 4524 et
1668 4449 1856 4527 Eumenes.
1923 4450 1973 4523 lli
1997 4454 2093 4525 inter
2113 4476 2146 4522 se

136 4563 239 4635 didit.
289 4557 418 4630 Narrat
430 4552 516 4627 haec
532 4552 724 4625 Pausanias
737 4554 775 4622 in
784 4552 961 4625 Boeoticis
974 4549 1114 4622 chas·
1163 4551 1371 4620 dimicantes
1400 4553 1557 4647 reliquos
1587 4553 1625 4623 in
1648 4569 1763 4647 partes
1786 4568 1980 4626 traxerunt.
2051 4554 2148 4624 Tau·

138 4665 285 4735 sandro:
315 4655 337 4733 ὅ
363 4651 598 4752 κάσσανδρος
624 4647 838 4749 ὀλυμπιάδα
865 4649 1115 4753 γετιαρέβαλε
1163 4653 1243 4720 dem
1257 4646 1463 4743 Antigonus
1483 4656 1598 4727 victor
1613 4657 1706 4756 cepit
1718 4653 1916 4728 Eumenem
1933 4646 2148 4748 proditione,

138 4767 362 4838 καταλεῦσαι
392 4765 469 4842 τοῖς
497 4756 547 4831 ἐπ’
571 4752 691 4851 αὐτὴν
710 4750 932 4850 μακεδότων
953 4754 1115 4850 παροξυ-
1163 4753 1322 4825 deditum
1340 4778 1359 4824 a
1374 4757 1567 4842 militibus,
1592 4781 1742 4854 eumque
1757 4759 1944 4830 interfecit.

139 4863 302 4959 σμέτοις,
327 4859 392 4939 καὶ
415 4858 503 4941 τοὺς
520 4852 658 4940 παῖδας
679 4853 925 4955 ἅλεξάνδροα,
952 4849 1058 4928 τόντε
1075 4854 1115 4927 ἐκ
1264 4854 1395 4928 Fuerat
1417 4872 1535 4930 autem
1558 4855 1738 4930 Eumenes
1759 4862 1874 4932 scriba
1897 4863 1990 4952 apud
2008 4856 2149 4954 Philip-

134 4963 317 5066 βαρσίνης
338 4959 518 5060 donalia,
541 4955 605 5033 καὶ
619 4957 845 5058 ἀλέξανδρον
859 4955 926 5033 τὸν
943 4958 983 5032 ἐκ
997 4949 1114 5053 ρωξά-
1162 4977 1247 5047 pum
1271 4971 1306 5028 ct
1322 4954 1582 5045 Alexandrum,
1609 4976 1645 5032 et
1668 4963 1706 5030 in
1728 4958 1785 5032 bis
1802 4964 2016 5034 tumultibus
2031 4977 2149 5034 osten·

134 5098 200 5165 της
222 5067 430 5141 ἀπέκτεινεν
450 5058 524 5137 ὑπὸ
545 5056 770 5158 φαρμάκων.
840 5062 1006 5134 Sororem
1030 5085 1113 5131 vero
1163 5059 1216 5129 dit
1238 5082 1274 5128 se
1296 5084 1370 5128 non
1395 5084 1479 5130 suae
1501 5063 1648 5133 utilitati
1670 5065 1820 5148 servire,
1844 5066 1906 5135 sed
1923 5066 2149 5157 propugnare

132 5173 357 5262 Cleopatram
374 5168 566 5260 praelectus
582 5165 746 5238 Sardium
765 5164 958 5253 interfecit,
981 5163 1113 5233 ntAn·
1162 5154 1346 5245 haeredes,
1384 5163 1580 5233 Alexandri
1611 5179 1776 5252 matrem,
1815 5189 1990 5252 sororem,
2023 5167 2149 5237 coniu-

132 5276 254 5363 tigono
276 5271 544 5362 gratificaretur,
572 5268 637 5341 etsi
660 5269 690 5339 is
706 5268 846 5357 negavit
862 5291 925 5336 suo
942 5267 1038 5335 iussu
1056 5266 1112 5334 in·
1160 5277 1294 5351 gemet
1317 5263 1425 5333 lilios:
1454 5267 1590 5360 etquis
1612 5268 1763 5340 multum
1787 5270 1881 5338 valet
1897 5271 1936 5337 in
1951 5269 2148 5341 concilian-

130 5376 310 5447 terlectam
326 5397 419 5458 esse,
444 5373 512 5444 luit
526 5370 621 5443 enirn
635 5371 744 5441 frater
758 5364 916 5463 Philippi
932 5363 1077 5444 nothus.
1160 5365 1215 5433 dis
1235 5379 1270 5436 et
1291 5365 1486 5438 retinendis
1508 5370 1752 5443 voluntatibus
1769 5372 2004 5442 mediocrium
2028 5366 2149 5442 borni-
