4538 5754
677 222 721 301 V.
773 215 1096 299 EHOTEMATA
1122 212 1460 296 DIALECTIOES.
1721 264 1724 271 ·
2002 208 2080 291 iso

466 393 620 468 Aliud.
1089 387 1169 463 Etsi
1196 406 1315 464 autem
1346 393 1442 462 bono
1473 389 1622 460 consilio
1652 384 1718 458 hos
1746 389 1877 478 gradus
1908 384 2078 457 discernit

1089 493 1318 580 Aristoteles,
1343 506 1383 564 ut
1405 492 1611 583 diligentius¹
1632 490 1892 575 consideretur,
1918 489 2016 558 unde
2032 486 2077 556 sit

199 630 324 705 Gragi}
352 647 404 705 ρει
432 632 520 724 pegi,
541 632 800 726 promulgatio,
832 630 916 726 quq,
939 628 1037 702 Deus
1089 596 1320 685 ambiguitas,
1361 609 1481 667 tamen
1510 594 1615 664 liceat
1645 592 1850 663 iunioribus
1877 589 2082 683 promiscue

253 734 361 827 grati,
389 744 529 805 tantum
552 735 766 807 beneficium
789 748 860 806 ,am
884 730 1036 805 illumi,
1089 694 1147 768 his
1170 698 1284 769 titulis
1306 697 1372 770 uti.
1423 695 1539 789 Supra
1559 709 1678 783 autem
1700 694 1796 781 dixi,
1820 715 1928 788 quare
1951 713 2078 763 conse·

253 839 321 908 bu,
338 835 741 922 pegtimonpisexhjbuq,
989 894 996 900 ι
1089 799 1233 894 quentia
1255 822 1330 870 non
1352 800 1479 871 valcat.
1531 795 1584 869 Ita
1608 799 1648 866 in
1669 791 1736 867 hac
1754 795 1894 866 fallacia
1910 806 1972 865 aut
1988 808 2077 886 qua-

199 934 294 1030 Ergo
310 937 509 1011 lexgufficig
526 940 570 1009 ,d
587 938 778 1010 iusticiam,
863 938 866 944 ·
1088 915 1172 973 tuor
1202 902 1346 972 termini
1376 901 1485 986 liunt,
1518 914 1580 973 sut
1611 900 1650 969 lit
1674 899 1754 1017 plus
1775 897 1815 966 in
1837 894 2076 968 conclusione.

158 1037 219 1112 Sic
255 1041 595 1130 argumentabantur
632 1036 802 1111 haeretici
841 1035 1034 1129 Pelagiani.
1087 1000 1297 1075 Reiicifflda
1313 1015 1364 1074 ⁰⁸¹
1380 1003 1490 1093 igilur
1505 1015 1781 1095 ⁶0¹¹⁸²q¹¹ffll¹³s
1806 1012 1864 1069 ¹¹²²

202 527 326 601 Gratia
342 552 465 603 sumus
481 530 582 617 iusti,

96 1141 113 1212 l
143 1143 306 1233 neganda
335 1155 386 1212 est
413 1142 685 1236 consequentia,
718 1142 802 1236 quia
832 1150 885 1210 est
911 1137 1035 1233 aequi.
1241 1119 1393 1193 Croesus
1408 1120 1540 1216 Halym
1562 1119 1736 1193 transiens
1759 1130 1892 1189 evertet
1907 1137 2075 1207 magnum

96 1240 197 1314 ratio.
257 1241 349 1312 Nam
372 1266 452 1314 cnm
474 1240 607 1316 Paulus
629 1243 735 1315 dicit:
763 1239 890 1313 Gratia
913 1262 1035 1311 sumus
1291 1223 1494 1315 imperium,

96 1342 149 1430 si,
174 1368 250 1414 non
273 1338 342 1414 hoc
361 1345 456 1430 voit,
478 1367 545 1415 nos
568 1346 645 1437 lege
665 1366 727 1415 seu
750 1343 938 1432 disciplina
959 1364 1034 1410 me-
1238 1321 1342 1396 Nunc
1357 1338 1454 1396 moto
1470 1324 1565 1395 bello
1582 1325 1744 1396 transibo
1761 1320 1904 1417 Halym,

96 1445 115 1514 ri
145 1445 391 1516 remissionem
422 1458 663 1537 peccatorum,
703 1468 769 1515 nec
796 1444 908 1535 legem
933 1454 1035 1514 vocat
1119 1494 1126 1503 -
1241 1423 1356 1516 Ῑέἷῑΰῑ·
1386 1439 1541 1498 ‘vestim
1572 1448 1741 1518 1116111111]
1774 1423 1956 1525 inperium
1991 1419 2077 1490 ³¹5⁰·

96 1546 216 1638 tuem,
241 1549 302 1618 sed
323 1546 471 1636 gratiam
493 1562 595 1620 vocet
611 1544 856 1617 remissionem
873 1557 1035 1638 peccato·
1289 1552 1396 1610 num,
1422 1552 1498 1599 11011
1514 1553 1646 1603 meum·
1721 1612 1726 1620 .

96 1672 139 1738 n,
167 1650 335 1719 donatam
349 1646 740 1741 propterMediatorem
755 1670 818 1740 per
832 1645 1035 1717 misericor·
1138 1645 1209 1720 Hic
1223 1647 1262 1718 fit
1276 1647 1357 1740 plus
1371 1647 1410 1717 in
1427 1646 1667 1720 conclusione.

96 1774 141 1869 [¹¹¹
156 1750 284 1840 8¹³5&
309 1764 344 1820 ⁶¹
358 1745 615 1867 ⁰¹i¹3blli⁰¹¹²m
626 1748 918 1866 spilimssfflclh
945 1770 1035 1866 ‘1¹2⁸‘
1188 1777 1336 1853 Veteres
1373 1781 1480 1853 etiam
1511 1781 1699 1852 nominant
1729 1771 2074 1877 ἐπαμφοτερίζοντα

96 1874 137 1921 111
152 1875 234 1922 vem
249 1875 480 1923 ⁶⁰¹¹V²f⁵¹⁰¹¹0
495 1853 540 1922 ld
554 1854 686 1938 Deum,
713 1874 775 1922 ⁸⁶¹¹
789 1863 1019 1943 P⁰²¹¹¹¹e¹¹¹¹³·
1087 1883 1170 1954 talia
1192 1883 1368 1973 generalia
1392 1882 1504 1970 dicta,
1531 1884 1569 1952 iu
1590 1883 1722 1976 quibus
1742 1878 1835 1952 nihil
1856 1879 1943 1953 certi
1960 1883 2004 1950 de
2018 1879 2077 1947 in-

528 2053 536 2072 ,
1087 1984 1235 2055 dividuo
1264 1997 1502 2072 asseveratur,
1535 1998 1576 2056 ut
1604 1980 1664 2056 hic
1688 2008 1764 2055 non
1782 1983 1941 2068 dicitur,
1974 1980 2076 2053 cuius

462 2053 616 2128 Ahud·
1087 2084 1276 2179 imperium
1299 2108 1488 2158 eversurus
1510 2074 1556 2158 sit
1568 2083 1739 2172 Croesus,
1763 2084 1997 2179 propriumne
2027 2105 2075 2153 an

197 2183 376 2280 Propheta
385 2186 488 2258 dicit:
513 2183 598 2257 Non
612 2196 664 2255 est
678 2182 812 2257 malum
826 2185 867 2257 in
881 2184 1035 2274 civitate,
1085 2187 1254 2259 alienum.
1297 2185 1332 2260 N
1333 2213 1372 2261 cc
1388 2211 1478 2279 opus
1493 2201 1546 2258 est
1558 2189 1665 2279 longa
1679 2186 1944 2261 coacervatione
1956 2207 2076 2255 exem·
2100 2199 2108 2209 ·

252 2289 349 2384 quod
365 2312 440 2358 non
456 2288 539 2359 fecit
553 2286 748 2370 Dominus,
1084 2289 1248 2382 plorum,
1288 2312 1368 2361 cum
1405 2288 1614 2383 quotidiana
1650 2289 1721 2362 vita
1751 2289 1906 2382 plurima
1938 2287 2075 2359 offerat.

195 2390 341 2462 Peccata
375 2391 489 2461 multa
518 2404 553 2462 et
585 2384 776 2459 horribilia
814 2399 899 2458 sunt
926 2388 1035 2477 mala,
1084 2388 1203 2461 Multa
1226 2391 1384 2483 exempla
1407 2391 1446 2460 in
1468 2405 1563 2464 statu
1585 2386 1784 2478 rhetorico,
1804 2390 1862 2461 cui
1882 2390 2008 2462 titulus
2024 2400 2075 2457 est

252 2516 345 2587 qnae
362 2504 447 2565 sunt
463 2492 503 2560 in
519 2490 672 2572 civitate,
1085 2492 1209 2584 scripti
1225 2506 1259 2564 et
1273 2493 1486 2581 sententiae,
1511 2494 1663 2585 cognitis
1676 2488 1785 2564 huius
1796 2492 1957 2563 fallaciae
1971 2512 2074 2583 prae-

193 2590 296 2686 'Ergo
313 2606 348 2667 et
365 2592 497 2684 peccati
512 2591 656 2664 effector
671 2604 723 2662 est
736 2585 846 2666 Deus.
1085 2593 1195 2686 ceptis
1211 2594 1351 2666 facilius
1365 2594 1608 2688 explicantur,
1634 2619 1715 2666 cum
1732 2593 1916 2690 quaeritur
1932 2604 2075 2664 senten-

141 2693 244 2786 Nego
267 2694 576 2789 consequentiam,
600 2692 685 2786 quia
705 2689 948 2786 aequivocatio
971 2695 1034 2778 cst,
1084 2695 1134 2767 tia
1155 2693 1271 2766 velex
1288 2692 1546 2783 Grammatico,
1571 2698 1689 2768 velex
1704 2697 1947 2768 membrorum
1964 2692 2075 2764 colla·

96 2800 166 2871 tior
180 2797 341 2891 loquitur
355 2810 494 2868 tantum
508 2796 553 2865 de
568 2795 663 2866 malo
677 2817 825 2887 poenae,
850 2806 893 2864 ut
907 2792 1034 2865 usitate
1084 2797 1183 2870 tione
1198 2796 1236 2866 in
1252 2798 1399 2888 scripto,
1425 2823 1516 2893 qnae
1531 2799 1625 2872 inter
1639 2822 1676 2868 se
1690 2799 1967 2889 coagmentanda
1981 2807 2076 2879 sunt,

96 2900 275 2973 mittamus
296 2898 532 2988 calamitates,
566 2920 657 2990 quac
677 2919 753 2966 non
774 2910 859 2968 sunt
880 2906 1033 2986 peccata,
1085 2923 1131 2968 ne
1152 2900 1342 2969 inter-sese
1364 2900 1591 2986 dissentiant,
1618 2913 1653 2970 et
1673 2900 1918 2990 restringenda
1936 2899 1980 2968 ad
1996 2894 2074 2969 cer·

96 3029 118 3074 n
139 3002 303 3097 loquitur
326 3001 371 3070 dc
393 2999 488 3069 malo
510 2998 646 3091 culpae.
710 2992 807 3088 Ergo
830 2997 870 3066 in
893 2995 1032 3067 minore
1083 3015 1156 3071 tam
1185 3001 1356 3092 speciem,
1389 3025 1432 3071 cx
1463 3000 1735 3072 definitionibus
1764 3015 1800 3071 et
1825 2999 2073 3087 divisionibus,

96 3117 235 3177 nrecte
256 3103 297 3174 tit
318 3100 538 3186 subsumtio,
571 3099 654 3193 quia
677 3111 857 3190 peccatum
881 3103 935 3168 ‘est
956 3121 1032 3168 ma·
1084 3115 1125 3174 ut
1154 3125 1233 3171 cum
1264 3102 1418 3173 dicitur:
1453 3101 1536 3172 Non
1566 3102 1643 3174 sitis
1671 3100 1803 3173 soliciti
1831 3103 1875 3172 de
1906 3101 2072 3181 crastino,

96 3231 120 3277 n
135 3206 281 3296 culpae,
305 3203 402 3297 quod
419 3225 641 3295 nequaquam
657 3202 851 3285 vultDeus,
875 3222 941 3269 nec
955 3199 1031 3268 elfi—
1085 3227 1160 3273 non
1187 3198 1399 3296 prohibetur
1423 3228 1506 3276 cura
1529 3204 1680 3293 laboris,
1716 3227 1778 3275 sen
1800 3203 1984 3295 diligentia
2006 3225 2072 3292 gu-

96 3356 104 3380 .
150 3303 248 3377 Cum
262 3318 379 3377 autem
397 3304 604 3397 quotidiana
621 3304 692 3374 vita
709 3301 865 3392 exempla
877 3299 1031 3393 plurima
1082 3307 1238 3377 bernans
1265 3305 1445 3397 laborem,
1484 3319 1655 3401 quaeest
1683 3329 1810 3398 magna
1840 3307 1973 3387 virtus,
2009 3305 2074 3373 sed*

96 3416 188 3494 erat,
215 3407 300 3479 setis
323 3420 373 3478 est
397 3406 517 3476 locum
541 3417 756 3476 monstrasse
779 3418 814 3476 et
837 3401 1030 3484 monuisse,
1082 3401 1294 3498 prohibetur
1321 3408 1519 3480 diffidentia
1550 3423 1585 3481 et
1613 3408 1829 3500 desperatio,
1862 3431 1942 3477 cum
1969 3428 2073 3475 mens

104 3511 145 3581 in
165 3507 382 3600 argumentis
403 3507 666 3593 consideretur,
691 3529 781 3600 quae
802 3529 871 3575 vox
891 3504 938 3575 sit
954 3527 1031 3572 am·
1083 3508 1246 3602 angitur,
1272 3509 1356 3603 quia
1374 3504 1549 3582 existimat
1563 3535 1599 3581 se
1615 3535 1689 3582 non
1707 3510 1823 3591 iuvari
1837 3505 1960 3594 aDeo,
1986 3508 2071 3578 item

96 3636 172 3702 ma.
197 3624 232 3682 et
245 3609 491 3702 interpretatio
505 3609 583 3679 eius
597 3621 758 3680 sumetur
774 3607 831 3677 vel
848 3601 1029 3676 exGram-
1083 3610 1209 3682 metuit
1233 3612 1372 3682 labores
1394 3611 1471 3682 fore
1492 3613 1624 3686 irritos.
1676 3611 1754 3684 Hae
1770 3613 1860 3681 duae
1875 3632 1978 3682 curae
1994 3632 2071 3689 ma-

96 3715 192 3798 tica,
225 3712 281 3782 vel
311 3737 353 3783 ex
373 3710 601 3796 delinitione,
634 3710 692 3781 vel
714 3733 755 3779 ex
780 3706 1030 3794 divisionibus,
1082 3733 1151 3802 gna
1174 3725 1258 3783 sunt
1281 3712 1546 3803 impedimenta.
1605 3713 1690 3785 Ideo
1712 3709 1852 3783 revocat
1874 3733 1941 3782 nos
1961 3712 2012 3804 ad·
2028 3710 2071 3778 ti-

96 3839 133 3888 ae
160 3815 202 3885 in
229 3813 275 3883 iis
298 3813 434 3885 artibus
454 3814 664 3897 traduntur,
693 3813 789 3883 unde
815 3809 1028 3880 vocabulum
1081 3814 1175 3898 dem,
1199 3825 1241 3883 nt
1254 3812 1357 3883 alibi:
1385 3810 1477 3885 lacta
1493 3840 1615 3886 curam
1630 3829 1727 3888 tuam
1742 3816 1780 3884 in
1794 3811 1924 3889 Deum.
1965 3804 2096 3884 ltem:.'
2161 3865 2173 3872 .

96 3933 201 3992 ntum
225 3928 289 3989 ect.
310 3993 313 4000 ,
342 3912 469 3984 Monet
491 3927 592 3985 vetus
613 3913 829 4000 versiculus,
855 3936 898 3982 ex
913 3913 1029 3981 ambi·
1081 3912 1202 3985 Labor
1222 3926 1337 3986 vester
1353 3938 1428 3984 non
1445 3916 1513 3988 erit
1529 3917 1647 3988 inanis
1661 3917 1699 3987 in
1714 3916 1889 3988 Domino.
1940 3911 1992 3985 lta
2009 3909 2069 3984 hic

96 4021 123 4092 is
144 4017 234 4092 oriri
252 4015 489 4087 dissensiones
501 4028 536 4086 et
551 4015 655 4086 falsas
671 4016 879 4106 opiniones,
903 4014 964 4108 qui
979 4014 1029 4085 sic
1082 4012 1217 4110 inquit:
1243 4014 1327 4087 Non
1349 4016 1426 4088 sitis
1448 4017 1595 4101 soliciti,
1620 4018 1658 4088 id
1682 4031 1753 4104 est,
1777 4042 1852 4090 non
1871 4014 2070 4089 excruciate

96 4122 229 4195 utatur:
254 4115 399 4189 Erroris
421 4115 573 4208 genitrix
595 4129 647 4187 est
671 4117 915 4211 aequivocatio
936 4137 1028 4186 sem·
1080 4117 1221 4189 animos
1241 4117 1437 4191 diffidentia
1460 4133 1521 4191 aut
1544 4120 1800 4213 desperatione.
1850 4117 2070 4217 [Videndum

96 4248 119 4295 c.
169 4220 255 4293 Ideo
278 4233 313 4291 ct
337 4216 480 4311 proprie
502 4218 603 4314 loqui
619 4216 706 4311 ipsi,
731 4230 766 4288 et
782 4217 934 4288 aliorum
952 4242 1029 4295 οων
1081 4232 1134 4292 est
1161 4219 1285 4301 etiam,
1318 4219 1383 4291 uhi
1411 4219 1504 4294 dicta
1530 4223 1704 4295 concinne
1726 4234 1786 4293 aut
1809 4221 2024 4292 inconcinne
2045 4241 2068 4289 a

96 4350 149 4416 pue
167 4323 281 4407 dicta,
307 4323 428 4392 dentre
445 4319 672 4413 interpretari
690 4315 879 4395 discamus.
1080 4319 1202 4395 nativa
1224 4318 1398 4392 sententia
1419 4324 1464 4393 ad
1479 4325 1588 4396 aliam
1603 4324 1880 4407 transferantur,
1904 4321 1999 4394 utin
2015 4323 2066 4392 ci·

1081 4421 1201 4495 tendis
1225 4422 1436 4515 scriptorum
1451 4425 1557 4497 dictis
1570 4428 1667 4496 varie
1683 4425 1837 4497 luditur:
1864 4423 2070 4497 Heraclitus
2181 4521 2184 4525 ἱ

373 4583 375 4586 <
428 4531 638 4620 aestuata.
1079 4523 1296 4596 calumniose
1310 4520 1544 4617 reprehendet
1559 4550 1699 4598 versum
1715 4524 1880 4597 Homeri:

142 4656 323 4732 nimmip
349 4654 557 4727 Aristotele,
581 4642 675 4726 hanc
701 4653 846 4726 classem
874 4675 894 4723 ῃ
922 4677 1028 4747 supe.
1130 4645 1179 4713 stt
1194 4654 1303 4734 procul
1318 4671 1336 4712 a
1350 4650 1454 4716 divum
1469 4667 1559 4739 atque
1572 4652 1735 4717 hominnm
1749 4654 1900 4716 discordia
1913 4668 2013 4716 coetu.
2132 4652 2136 4658 ’

98 4787 150 4837 re.
201 4758 318 4852 Supra
342 4757 416 4828 dixi
439 4759 485 4829 de
506 4756 700 4848 ambiguis,
732 4757 772 4825 in
792 4755 923 4848 quibus
943 4757 1027 4827 uni·
1183 4761 1371 4835 Transfert
1398 4767 1442 4836 ad
1466 4761 1663 4862 Physicen,
1696 4779 1731 4839 et
1756 4767 1843 4839 dicit
1864 4766 2065 4839 Homerum

96 4891 122 4936 n
137 4861 354 4934 vocabulum
370 4858 464 4950 parit
477 4882 643 4930 errorem.
683 4855 753 4928 Hic
767 4853 1027 4929 nominatAm·
1078 4887 1236 4956 pugnare
1252 4889 1333 4936 curn
1349 4879 1494 4953 natura,
1520 4867 1604 4962 quia
1619 4891 1696 4940 non
1712 4869 1849 4961 possint
1864 4869 1943 4940 beri·
1957 4891 2064 4959 gene-

96 4966 207 5051 ibola,
232 4962 296 5034 uhi
311 4961 467 5056 syntaxis
480 4973 542 5033 aut
555 4962 658 5055 plura
673 4959 780 5030 verba
793 4981 947 5030 errorem
962 4984 1027 5052 pa·
1078 4966 1234 5037 rationes
1253 4965 1332 5037 sine
1353 4967 1529 5038 discordia
1553 4971 1777 5065 qualitatum.
1841 4968 1891 5042 At
1912 4969 2064 5042 Homeri-

96 5082 157 5157 ιη,
180 5079 237 5139 nt:
1078 5066 1213 5140 dictum
1233 5091 1310 5138 non
1330 5083 1381 5141 est
1403 5065 1609 5167 physicum,
1642 5076 1705 5144 sed
1727 5073 1878 5146 morale.
1928 5071 1981 5145 lta
2004 5097 2061 5144 ars

193 5168 454 5240 mannans·
469 5168 873 5252 Romanosvlnsereposse.
1076 5162 1284 5262 quaeratur,
1331 5172 1377 5241 ad
1412 5195 1518 5266 quam
1556 5176 1701 5266 proprie
1733 5176 1914 5267 pertinent
1954 5175 2065 5249 dicta.

138 5264 190 5344 Et
208 5267 367 5359 exempla
387 5267 500 5339 multa
521 5267 657 5338 suntin
672 5265 872 5357 proverbiis
887 5287 929 5335 ac
943 5289 1026 5337 ora·
1076 5264 1191 5361 Optat
1218 5268 1417 5355 Homerus,
1469 5286 1510 5347 ut
1546 5270 1671 5348 omnes
1704 5277 1874 5350 obediant
1912 5279 2063 5371 legibus,

96 5376 145 5460 is,
171 5385 213 5447 ut
232 5370 357 5446 civitas
371 5365 491 5442 Attica
508 5369 605 5441 salvs
618 5366 687 5448 erit
701 5366 741 5442 in
757 5367 872 5439 muris
887 5366 1024 5459 ligneis.
1077 5371 1156 5443 sine
1171 5374 1393 5447 contumacia
1407 5388 1442 5449 et
1456 5374 1535 5450 sine
1549 5377 1740 5455 discordis.
2080 5401 2083 5407 ’
