4538 5754
119 237 193 315 ³59

93 406 324 502 praesertim
348 404 547 493 durabiles,
572 414 613 472 ut
635 421 815 484 amorem,
840 400 981 484 odium,
1016 424 1104 496 qua-

119 515 233 584 litates
251 530 335 579 esse.

222 610 309 682 Ioci
325 603 475 676 mutatio
501 615 553 672 est
574 616 710 686 ιιιοιιιε,
746 625 816 695 quo
832 584 982 673 subinde
1009 605 1107 673 aliud

122 715 279 806 spacium
293 707 488 800 acquiritur
504 705 542 772 in
560 703 764 774 continente
782 728 928 795 corpus,
956 719 1017 775 aut
1029 729 1109 775 cor-

124 816 219 907 poris
237 825 362 904 parles

230 1010 411 1100 Quomodo
437 1011 684 1079 nominantur
711 1011 825 1079 initio
857 1017 895 1078 et
917 1004 1010 1103 pines

519 1105 712 1180 omissum?

225 1244 417 1315 Terminus
433 1265 533 1334 aquo
542 1242 685 1325 dicitur,
701 1242 797 1310 unde
812 1242 851 1311 fit
866 1256 995 1316 motus.
1021 1242 1110 1311 Ter-

124 1351 242 1419 minus
260 1350 302 1418 ad
320 1345 424 1439 quern
442 1355 493 1411 est
508 1343 567 1426 id,
595 1344 690 1435 quod
709 1343 904 1435 acquiritur
917 1360 1028 1416 motu.

340 1552 443 1633 Quae
457 1556 514 1617 est
525 1550 740 1638 proprietas
752 1544 896 1619 moires?

78 1737 82 1746 .
227 1678 429 1769 Proprietas
452 1688 569 1745 motus
585 1688 655 1759 est
681 1676 872 1745 successive
887 1676 975 1745 fieri.
1028 1673 1112 1744 Ideo

56 1814 63 1821 ⁷
128 1778 337 1852 Aristoteles
360 1778 493 1896 inquit:
547 1730 679 1846 Omnis
693 1791 809 1847 motus
832 1777 901 1846 fit
890 1800 929 1845 su
944 1790 1113 1866 ιειιιροιε,

127 1886 163 1951 id
181 1898 245 1974 est,
271 1883 476 1968 successive,
498 1903 573 1949 non
590 1880 629 1946 in
645 1878 804 1950 instanti.
830 1874 895 1948 Est
911 1878 1005 1946 enim
1021 1890 1113 1946 tem-

126 2007 192 2076 pus
221 1983 383 2075 duratio,
420 1982 477 2049 vel
504 2004 667 2050 mensura
692 1979 909 2063 durationis,
941 1973 1011 2046 hoc
1042 1992 1113 2064 est,

126 2109 289 2155 mensura
306 2099 420 2153 motus
434 2084 627 2150 secundum
643 2082 741 2173 prius
757 2095 791 2150 et
805 2081 989 2171 posterius

230 2184 300 2257 Sed
324 2188 367 2253 de
395 2184 621 2283 generatione
646 2197 680 2252 et
705 2182 932 2274 corruptione
960 2179 1112 2272 quadam

126 2287 307 2356 dialectica
323 2286 516 2354 subtilitate
530 2285 833 2373 aliterdispntant.
857 2280 993 2352 Dicunt
1006 2303 1113 2370 geue·

113 2390 298 2457 'rationem
315 2401 347 2457 et
364 2387 630 2504 corruptionem
646 2386 754 2452 lieri
744 2409 781 2452 ru
799 2384 964 2466 instanti,
991 2396 1031 2452 ut
1050 2407 1112 2449 vo-

127 2502 226 2574 cant,
252 2513 324 2557 non
343 2489 547 2558 successive.
600 2482 754 2578 Ideoque
771 2509 827 2554 eas
841 2486 978 2554 malunt
994 2483 1114 2551 nomi-

127 2614 213 2658 nare
226 2589 450 2670 mutationes,
466 2611 570 2680 quam
586 2601 712 2659 motus.
746 2584 863 2656 Huius
877 2584 1113 2657 cavillationis

127 2685 185 2757 hic
202 2691 282 2759 sons
296 2704 357 2763 est.
407 2685 590 2758 Dialectici
609 2689 733 2757 dicunt
748 2689 879 2756 formas
899 2687 1112 2757 substantia-

125 2791 176 2860 les
201 2815 275 2859 non
298 2791 453 2880 recipere
476 2790 584 2879 magis
607 2804 642 2858 et
663 2790 801 2873 minus,
828 2814 892 2869 nec
918 2786 1113 2857 divisibiles

125 2916 218 2976 esse,
233 2892 558 2985 sicutqualitates,
585 2892 697 2974 calor,
721 2891 833 2981 frigus
861 2905 895 2960 et
914 2890 1002 2958 aliae
1023 2889 1113 2958 reci-

126 2997 230 3084 piunt
246 2995 355 3084 magis
371 3006 405 3063 et
420 2993 558 3076 minus,
585 3005 618 3061 et
636 3006 719 3062 sunt
734 2992 949 3076 divisibiles,
975 3005 1010 3060 et
1024 3013 1112 3080 pau-

125 3095 276 3164 latim¹
242 3121 278 3186 p
270 3119 359 3165 ures
377 3097 507 3182 gradus
530 3095 774 3187 acquiruntur.
827 3091 911 3163 ldeo
930 3116 1009 3161 cum
1034 3091 1113 3159 ani·

125 3191 197 3289 mal
213 3211 421 3285 generatur,
450 3210 580 3282 negant
600 3196 749 3264 sormam
767 3184 1032 3264 substantialem
1051 3216 1113 3282 per

125 3312 240 3386 partes
253 3300 400 3389 acquiri.
451 3295 520 3366 Sed
536 3308 723 3386 postquam
723 3292 1008 3365 alterationibus
1029 3294 1112 3362 satis

126 3397 297 3486 disposita
320 3412 372 3467 est
395 3397 561 3478 materia,
593 3408 667 3464 tum
693 3397 984 3484 demum2dicnnt
1007 3394 1113 3463 simul

128 3496 308 3568 introduci
322 3499 471 3567 formam
489 3495 754 3566 substantialem
775 3497 812 3564 in
830 3497 987 3566 instanti.

228 3594 326 3669 Haec
355 3598 493 3669 somnia
516 3597 627 3690 aliqui
659 3619 787 3685 magno
812 3600 966 3669 tumultu
990 3599 1113 3667 defen·

126 3701 236 3780 dunt,
263 3723 341 3770 cum
358 3712 474 3769 autem
492 3699 628 3769 vanitas
641 3700 825 3769 manifesta
840 3699 904 3781 sit,
931 3699 1112 3791 relinqua-

123 3797 205 3871 mus
236 3825 295 3884 ea,
328 3825 391 3870 nec
416 3823 504 3891 opus
535 3815 587 3871 est
616 3801 841 3875 refutatione.
900 3800 1034 3871 Verum
1062 3813 1113 3870 est

36 3925 40 3941 ’
127 3902 222 3971 ειιίιιι
237 3903 340 3972 etiam
356 3903 488 3971 formas
505 3902 749 3972 substantiales
768 3898 897 3971 habere
915 3915 1031 3993 partes
1051 3924 1112 3969 seu

96 4058 101 4066 .
127 4005 274 4091 gradus,
301 4015 335 4074 et
358 4003 526 4094 paulatim
548 4004 668 4094 plnres
690 4005 820 4090 gradus
837 4003 989 4095 acquiri,
1017 4016 1057 4073 ut
1074 4001 1113 4069 in

127 4104 352 4193 generatione
372 4105 528 4183 arboris,
556 4118 617 4174 ant
637 4104 750 4172 bovis.
800 4102 941 4173 Horum
966 4125 1108 4191 genera·

127 4207 241 4275 tiones
254 4207 358 4276 etiam
375 4206 588 4276 successivae
603 4217 696 4289 sunt,
720 4218 761 4274 ut
773 4205 925 4276 aliorum
940 4219 1112 4277 motuum.

89 4388 93 4393 .
128 4303 239 4400 quue
255 4308 413 4381 defendit
429 4304 613 4380 Averrois.

369 4514 445 4583 Dio
465 4512 667 4586 divisiones
691 4519 870 4584 motuum.

230 4634 312 4708 Alia
329 4663 441 4728 perse
457 4645 658 4727 moventur,
676 4641 744 4711 alia
759 4666 822 4732 per
835 4640 1010 4712 accidens.
1044 4638 1114 4708 Per

128 4765 163 4813 se
179 4753 387 4825 moventur,
413 4764 502 4833 quae
516 4744 658 4834 proprie
676 4757 710 4814 et
732 4741 976 4835 principaliter
989 4740 1120 4833 acqui-‘

128 4859 212 4914 runt
228 4841 417 4915 terminum
435 4855 561 4912 motus.
592 4841 645 4914 Ut
661 4857 827 4933 generato
841 4839 1000 4927 homine,
1026 4842 1111 4911 sub·

128 4947 254 5015 stantia
271 4954 459 5033 generatur
471 4966 534 5033 per
547 4966 593 5014 se.
638 4944 844 5015 Accideutia
861 4948 924 5034 pe'r
938 4944 1112 5026 accidens,

127 5047 163 5115 id
182 5059 253 5130 est,
279 5042 457 5113 haerent
445 5067 484 5111 ιιι
508 5067 568 5126 εο,
594 5047 690 5163 quod
715 5059 919 5135 generatur,
941 5068 1007 5114 nec
1027 5057 1112 5113 sunt

125 5099 332 5239 principalis
345 5145 518 5215 terminus
531 5147 778 5233 generationis.
883 5224 889 5231 ,

227 5246 414 5321 Caeterum
439 5268 513 5314 nou
534 5267 610 5315 uno
626 5252 753 5332 modo,
778 5249 840 5317 sed
864 5238 1110 5365 multipliciter

127 5350 294 5424 dicuntur
315 5370 371 5419 res
391 5347 527 5420 moveri
541 5370 606 5440 per
622 5348 803 5434 accidens,
826 5361 867 5422 ut
879 5349 917 5419 in
937 5358 1038 5418 motu
1053 5345 1111 5415 lo-

357 227 564 308 SCRIPTA
597 227 673 303 PH.
699 224 818 305 MEL.
844 226 913 302 AD
936 227 1063 305 HIST.
1089 228 1234 307 PROF.
1262 231 1329 305 ΕΤ
1353 229 1551 311 PHILOS.
1577 229 1901 308 SPECTANTIA.

2070 239 2152 312 860

1158 402 1244 486 cali,
1277 426 1357 473 curn
1382 426 1503 494 perse
1525 418 1689 474 movetur
1712 418 1847 489 totum,
1879 428 1962 497 pars
1984 420 2153 477 movetur

1157 526 1221 594 per
1246 506 1408 574 accidens
1434 509 1480 574 ad
1503 520 1640 575 motum
1655 509 1775 580 totius.
1826 506 2057 578 Contentum
2070 533 2150 579 mo-

1158 619 1261 674 vetur
1278 631 1341 697 per
1356 606 1517 675 accidens
1542 610 1587 674 ad
1611 623 1748 678 motum
1776 610 2014 688 continentis,
2041 624 2081 680 ut
2096 635 2152 681 se-

1159 707 1273 775 dens
1263 730 1301 774 ιιι
1317 709 1412 787 navi,
1430 730 1520 799 quae
1536 707 1714 798 ἰιιιριιΙεε
1703 734 1742 776 ιιι
1758 710 1861 802 aquis
1876 707 2030 782 vehitur.
2059 709 2151 781 Cum

1160 810 1307 878 morbus
1323 823 1487 892 curatur,
1513 820 1554 877 ut
1568 810 1751 880 eruditas
1740 834 1779 878 ιιι
1797 812 2016 897 ventriculo,
2044 814 2153 881 simul

1160 923 1305 979 curatur
1318 934 1381 1000 per
1394 910 1557 979 accidens
1571 925 1778 1003 symptoma,
1804 926 1845 982 ut
1859 913 2011 1002 vigiliae.
2044 912 2152 984 Facta

1162 1011 1369 1079 alteratione
1384 1012 1421 1079 in
1441 1011 1658 1093 ventriculo,
1684 1026 1724 1083 ut
1737 1036 1860 1082 rursus
1876 1029 2092 1107 concoquat,
2118 1026 2154 1085 ει

1163 1112 1300 1181 emittat
1316 1136 1440 1181 suaves
1456 1109 1605 1196 halitus,
1631 1108 1669 1181 hi
1685 1115 1724 1183 in
1740 1116 1885 1185 cerebro
1903 1130 2024 1206 postea
2047 1117 2151 1190 etiam

1162 1235 1326 1282 somnum
1345 1215 1483 1284 efficere
1495 1227 1657 1304 possunt.

1531 1432 1620 1501 Alia
1637 1429 1782 1505 divisio.

1164 1538 1169 1547 ’
1263 1553 1378 1625 Valde
1403 1557 1503 1627 utilis
1526 1573 1578 1628 est
1598 1560 1750 1646 divisio,
1784 1587 1852 1655 qua
1875 1577 2011 1634 motum
2033 1565 2155 1633 distri-

1164 1654 1332 1727 buimus
1322 1681 1360 1725 ru
1379 1661 1589 1746 naturalem,
1617 1618 1827 1748 violenium,
1852 1677 1886 1732 ει
1896 1666 2105 1737 animalem.

1265 1773 1445 1845 Naturalis
1460 1789 1528 1860 cst,
1562 1778 1662 1847 cuius
1676 1804 1779 1851 causa
1796 1794 1847 1850 est
1861 1783 2078 1873 principium
2097 1785 2153 1849 in-

1165 1887 1325 1961 ternum,
1350 1878 1533 1962 videlicet,
1559 1879 1634 1968 ipsa
1657 1895 1784 1951 natura
1807 1883 1983 1952 inclinans
2003 1887 2048 1954 ad
2071 1907 2154 1953 cum

1163 1990 1312 2050 motum.
1365 1977 1425 2048 Sic
1451 1991 1485 2048 ct
1506 1980 1633 2050 usitate
1655 1981 1803 2053 dicitur:
1837 1981 1961 2054 Motus
1977 1984 2154 2055 naturalis

1164 2092 1233 2161 est,
1267 2080 1330 2170 qni
1352 2079 1390 2149 fit
1413 2105 1434 2148 a
1457 2081 1635 2171 principio
1659 2082 1830 2153 interiore
1855 2085 2055 2156 conserente
2078 2086 2154 2150 vim

1165 2202 1284 2267 passo,
1316 2181 1354 2249 id
1376 2194 1446 2262 εει
1479 2184 1682 2251 conferente
1713 2185 1982 2256 inclinationem
2012 2186 2153 2256 mobili.

1165 2279 1281 2370 Supra
1301 2282 1395 2350 enim
1411 2282 1621 2364 dictumest,
1647 2274 1816 2357 omuibus
1833 2288 2042 2404 corporibus
2055 2312 2152 2357 com-

1165 2395 1281 2468 petere
1297 2404 1379 2451 suos
1395 2397 1531 2467 motus,
1557 2398 1593 2454 et
1608 2399 1772 2456 naturam
1788 2412 1907 2456 vocari
1898 2388 2050 2457 '‘illam
2039 2410 2152 2506 ipsam

1165 2483 1434 2552 inclinationem
1452 2485 1494 2552 ad
1512 2497 1626 2554 certos
1642 2502 1770 2558 motus.
1814 2485 1869 2559 De
1886 2483 1952 2558 hac
1966 2490 2081 2579 specie
2096 2513 2153 2558 re-

1164 2583 1244 2671 gula
1269 2599 1336 2653 est:
1369 2583 1511 2653 Motum
1537 2587 1731 2655 naturalem
1756 2612 1829 2658 esse
1845 2589 2153 2676 uniformem,·si—

1164 2698 1224 2752 eut
1245 2707 1350 2772 grave
1374 2710 1513 2777 semper
1536 2689 1702 2759 deorsum
1724 2690 1846 2763 sertor.
1899 2688 1996 2779 ignis
2016 2714 2154 2783 semper

1164 2785 1334 2857 calefacit.

1267 2885 1373 2975 Quod
1389 2889 1667 2960 autemdicitur:
1695 2890 1818 2963 Motus
1834 2894 2008 2962 naturalis
2018 2908 2069 2964 est
2082 2895 2154 2961 ini·
2203 2882 2208 2899 ⁴

1165 2989 1214 3058 tio
1239 2991 1419 3061 remissior
1451 2992 1545 3061 etin
1570 2990 1639 3060 fine
1658 2994 1834 3079 velocior,
1869 2995 2023 3083 intelligi
2047 2996 2153 3067 debet

1165 3092 1209 3158 de
1232 3103 1331 3160 motu
1365 3092 1487 3173 locali,
1519 3104 1561 3160 ut
1587 3094 1707 3178 gravia
1735 3097 1773 3163 in
1803 3101 1902 3178 aere,
1935 3096 2018 3189 quia
2041 3098 2153 3184 magis

1163 3192 1344 3284 magisque
1371 3193 1511 3284 pellunt
1536 3193 1673 3279 a'e'rem,
1705 3197 1744 3264 in
1770 3198 1840 3266 fine
1873 3211 2063 3268 moventur
2090 3221 2153 3265 ve-

1163 3292 1288 3363 locius.

1267 3391 1456 3463 Violentus
1477 3406 1594 3463 motus
1610 3408 1680 3475 est,
1706 3396 1769 3485 qui
1788 3409 1876 3466 esta
1899 3399 2075 3491 principio
2093 3424 2151 3467 ex-

1165 3506 1278 3577 terno,
1300 3517 1375 3563 uon
1392 3495 1593 3565 conferente
1609 3497 1681 3564 vim
1698 3518 1814 3585 passo,
1832 3497 1951 3580 idest,
1973 3524 2048 3569 non
2065 3524 2154 3569 con-

1164 3595 1299 3665 ferente
1330 3596 1528 3665 naturalem
1560 3597 1830 3667 inclinationem
1859 3600 2009 3670 mobili..
2050 3601 2152 3670 Adeo

1165 3697 1260 3765 enim
1285 3698 1416 3766 mobile
1441 3722 1516 3766 non
1539 3692 1646 3768 habet
1667 3697 1936 3770 inclinationem
1952 3703 2153 3783 naturalem

1164 3799 1209 3866 ad
1235 3821 1317 3866 enm
1341 3812 1497 3883 motum,
1525 3813 1564 3870 ut
1586 3800 1724 3871 resistat
1739 3800 1845 3871 etiam
1868 3801 2085 3893 impellenti:
2112 3818 2153 3872 ut

1165 3922 1244 3967 curn
1263 3899 1353 3988 lapis
1374 3923 1514 3969 sursum
1533 3901 1733 3991 proiicitur.

1216 4080 1219 4084 ,
1265 4015 1322 4085 De
1346 4010 1410 4085 hac
1433 4018 1549 4106 specie
1571 4018 1722 4096 dicitur,
1749 4017 1896 4089 violenti
1919 4034 2037 4091 motus
2060 4023 2153 4092 acci-

1164 4117 1248 4184 dere
1265 4118 1329 4185 uni
1352 4119 1493 4209 corpori
1509 4120 1723 4210 multiplices
1738 4133 1896 4209 possunt.
1941 4119 2002 4192 ‚Ut
2015 4123 2152 4214 lapides

1164 4241 1303 4287 sursum
1323 4220 1468 4309 proiici,
1494 4221 1604 4290 autin
1621 4243 1725 4314 gyros
1745 4222 1953 4309 circumagi,
1978 4237 2040 4292 aut
2055 4225 2153 4295 varie

1165 4319 1203 4386 iu
1229 4320 1334 4408 plano
1359 4321 1457 4389 volvi
1480 4336 1639 4411 possunt.
1693 4318 1798 4389 Item:
1833 4319 1956 4392 Motus
1972 4324 2151 4395 violentus

1165 4421 1269 4491 initio
1288 4423 1444 4491 velocior
1460 4435 1523 4506 est,
1548 4415 1677 4491 deinde
1694 4421 1865 4512 paulatim
1881 4424 1919 4493 lit
1937 4424 2151 4514 languidior.

1265 4537 1442 4606 Animalis
1464 4551 1582 4608 motus
1604 4550 1675 4618 est,
1708 4539 1770 4629 qui
1793 4539 1950 4610 oritura
1973 4543 2151 4635 principio

1166 4640 1329 4722 interno,
1360 4642 1422 4709 sed
1451 4663 1526 4709 non
1548 4640 1750 4710 conserente
1775 4641 1847 4708 vim
1871 4666 1990 4729 passo,
2024 4644 2063 4713 id
2088 4660 2152 4727 est,

1163 4764 1240 4809 non
1267 4741 1471 4810 conserente
1500 4740 1697 4810 naturalem
1723 4741 1989 4812 inclinationem
2014 4747 2151 4818 mobili.

1162 4838 1253 4911 Nam
1278 4843 1316 4909 in
1340 4842 1554 4911 animalibus
1578 4841 1711 4933 regitur
1729 4855 1845 4912 motus
1860 4868 1880 4912 a
1896 4845 2072 4935 principio
2089 4871 2151 4916 co-

1162 4956 1370 5029 gnoscente,
1396 4943 1519 5033 quod
1509 4953 1659 5032 imperat
1672 4955 1809 5010 motum
1826 4947 1956 5029 nervis,
1978 4969 2043 5015 suo
2060 4971 2150 5040 quo-

1162 5045 1244 5112 dam
1260 5045 1379 5112 modo.
1406 5041 1478 5112 Nec
1493 5043 1613 5112 nervis
1629 5043 1799 5114 inseritur
1812 5045 1980 5138 aliqua
1948 5070 2000 5115 vas
2013 5071 2034 5115 a
2047 5049 2148 5139 prin-

1162 5144 1255 5233 cipio
1280 5158 1521 5233 cognoscente.
1572 5140 1628 5213 De
1648 5137 1715 5214 hac
1737 5148 1853 5237 specie
1883 5148 2025 5235 regulae
2049 5162 2148 5219 suut:

1161 5242 1285 5315 Motus
1302 5246 1466 5315 animalis
1483 5259 1625 5315 nonest
1640 5245 1841 5316 uniformis.
1892 5246 1997 5318 item:
2026 5248 2149 5322 Motus

1160 5346 1353 5418 animalis'
1341 5347 1453 5420 initio
1460 5344 1642 5419 remissior
1656 5359 1720 5434 cst,
1745 5347 1786 5416 in
1798 5347 1916 5419 medio
1930 5349 2149 5436 fortior5ca-
