4538 5754
132 264 148 289 1·
178 264 288 348 1155
780 264 908 344 auin
934 260 1052 341 usn
1075 264 1288 361 scaram
1313 262 1616 343 uxucnnm.
2119 271 2215 349 11⁵6

186 444 282 538 quod
296 443 371 535 ipse
386 438 599 520 FiliusDei,
627 437 690 532 qui
708 451 760 509 est
776 454 960 509 coaeterna
982 441 1100 531 imago
1115 466 1179 532 pa·
1229 442 1330 512 nitur
1365 443 1461 511 enim
1495 436 1583 512 haec
1616 440 1789 535 particula
1823 442 2023 514 sacerdotio
2050 442 2214 531 Levitico,

183 547 267 630 tris,
294 545 467 614 immenso
486 565 607 612 amore
624 542 737 610 nostri
755 541 939 613 descendit
953 544 996 610 ad
1021 567 1087 612 nos
1110 544 1179 613 mi·
1229 544 1331 638 quasi
1348 545 1458 615 dicat:
1486 543 1635 615 Messias
1649 544 1717 616 erit
1731 548 1893 617 sacerdos
1916 547 2051 616 nonin
2064 547 2215 618 ministe-

185 647 364 718 serrimos.
416 645 535 714 Huius
556 640 688 713 amoris
711 644 959 732 magnitudine
983 646 1179 715 excitentur
1229 647 1284 717 rio
1299 646 1475 727 Levitico,
1503 648 1563 715 sed
1582 647 1661 717 talis
1677 647 1792 740 qualis
1809 649 1877 718 luit
1895 643 2180 720 Melchisedech.
2210 702 2214 706 e

183 751 270 819 fides
289 762 322 817 et
338 749 536 831 invocatio,
561 758 596 816 et
608 746 853 834 confugiamus
869 748 911 815 ad
933 742 1028 815 bunc
1045 745 1177 815 Filium
1329 746 1491 819 Primum
1516 763 1635 820 autem
1657 748 1883 820 considerent
1915 743 2082 820 iuniores
2113 745 2214 820 bisto-

185 850 411 920 liberatorem
435 847 734 940 omnipotentem,
756 848 846 918 sicut
868 849 944 939 ipse
967 848 1070 917 dicit:
1107 847 1177 916 Ve·
1227 847 1318 919 nam
1344 849 1383 919 in
1407 849 1552 945 Moyse,
1578 851 1642 922 ubi
1669 850 1837 923 scribitur
1860 846 2137 921 Melchisedech
2167 875 2214 922 re·

184 952 261 1023 nite
277 955 319 1021 ad
337 976 394 1020 me
410 973 534 1020 omnes
552 950 613 1043 qui
630 949 803 1020 laboratis
819 963 853 1019 et
867 951 1004 1021 onerati
1021 951 1115 1035 estis,
1142 963 1177 1020 et
1227 973 1351 1040 gnasse
1380 953 1419 1020 in
1444 951 1582 1039 Salem,
1614 969 1649 1026 et
1668 953 1888 1023 benedixisse
1914 949 2102 1026 Abrabae.
2160 948 2213 1024 lle

187 1077 250 1145 ego
267 1054 422 1122 reficiam
441 1076 517 1121 vos.
1228 1067 1345 1125 autem
1371 1055 1570 1124 communis
1592 1053 1767 1125 sententia
1793 1054 1999 1144 vetustatis,
2027 1050 2213 1126 Melchise-

263 1149 765 1232 IaravitDominas,eirson
779 1148 1087 1248 poenitebiteum:
1154 1178 1177 1222 u
1228 1152 1319 1225 decb
1342 1156 1452 1226 fuisse
1483 1156 1596 1227 filium
1622 1150 1747 1226 Nobae
1773 1154 1875 1240 Sem,
1907 1156 1995 1248 quia
2015 1170 2109 1226 tunc
2128 1156 2213 1241 vixit,

187 1280 223 1327 es
242 1251 470 1326 sacerdocio
487 1262 673 1324 aeternum
689 1249 886 1324 secandum
902 1249 1065 1323 ordinem
1123 1251 1178 1327 el-
1229 1270 1263 1327 et
1281 1257 1350 1328 fuit
1367 1257 1577 1349 praecipuus
1593 1262 1719 1328 doctor
1734 1252 1963 1336 inEcclesia,
1991 1257 2097 1329 testis
2112 1271 2146 1328 et
2160 1264 2244 1327 cu·'

187 1350 390 1433 chizedech.
428 1354 590 1429 Observa
615 1358 777 1425 ordinem
807 1358 1042 1447 narrationis,
1075 1372 1177 1427 antea
1229 1372 1301 1430 stos
1324 1360 1506 1429 doctrinae
1531 1374 1694 1452 patrum,
1720 1359 1804 1454 quia
1828 1372 1912 1429 ante
1929 1359 2117 1428 dilnvium
2139 1359 2212 1428 vixit

189 1462 280 1532 dixit
298 1463 342 1530 de
357 1482 485 1549 regno,
512 1456 681 1528 Messiam
697 1458 821 1528 divina
838 1462 996 1551 potentia
1011 1473 1177 1549 regnatu·
1229 1484 1342 1532 annos
1364 1461 1427 1547 98,
1448 1475 1484 1532 et
1504 1463 1642 1532 audivit
1666 1462 1799 1531 multos
1821 1461 2146 1552 praestantissimos
2165 1459 2212 1528 ri-

184 1579 269 1634 'rum
296 1586 387 1644 esse,
414 1563 505 1632 dixit
526 1561 589 1630 ubi
615 1560 850 1650 patefacturus
873 1562 915 1631 sit
939 1561 1039 1630 initia
1063 1561 1176 1650 regni,
1229 1586 1306 1645 ros,
1332 1578 1367 1634 et
1382 1565 1512 1633 deinde
1525 1576 1702 1655 superstes
1726 1562 1794 1633 luit
1817 1561 1886 1653 ipsi
1901 1557 2096 1647 Abrabae,
2121 1561 2212 1630 annis

119 1696 124 1710 ·
190 1663 324 1736 scilicet
348 1664 387 1732 in
414 1663 518 1735 Zion.
571 1660 676 1732 Nunc
700 1663 800 1732 addit
814 1665 859 1732 de
878 1663 1090 1733 sacerdotio:
1117 1660 1177 1732 Tu
1229 1663 1292 1738 35.
1344 1667 1521 1736 Hierum
1545 1679 1634 1735 esset
1660 1665 2133 1748 custosveraedoctrinae,
2156 1657 2211 1732 ba·

189 1788 227 1836 es
243 1769 406 1836 sacerdos
428 1778 493 1835 etc.
547 1763 616 1835 Sed
641 1764 782 1833 orditur
803 1765 1060 1848 aiuramento‚
1087 1764 1178 1834 sicut
1230 1767 1309 1836 buit
1324 1762 1519 1837 Ecclesiam
1534 1769 1641 1836 etiam
1657 1789 1749 1862 quae
1771 1789 1852 1833 eum
1865 1765 2056 1850 audiebat,
2081 1766 2147 1835 etsi
2166 1765 2212 1832 vi·

190 1891 298 1959 supra
321 1890 465 1964 exorsus
487 1881 539 1939 est
562 1868 608 1935 ab
631 1867 910 1948 asseveratione,
936 1865 1037 1936 Dixit
1049 1864 1177 1935 Domi·
1229 1867 1283 1937 dit
1297 1869 1430 1937 interea
1447 1867 1847 1958 magnasdissipationes
1861 1879 1895 1936 et
1908 1866 2130 1938 calamitates
2145 1879 2215 1957 post

191 1992 275 2040 nus:
311 1968 360 2040 ita
385 1965 449 2039 bic.
468 1969 595 2061 repetit
617 1969 911 2039 asseverationem
933 1961 1055 2038 addito
1079 1968 1177 2038 iura·
1228 1970 1427 2055 diluvium,
1446 1969 1590 2059 linguae
1603 1969 1837 2057 mutationes,
1864 1991 1999 2037 novum
2017 1968 2216 2059 imperium,

190 2083 330 2154 mento,
357 2068 492 2143 Iuravit
516 2067 712 2155 Dominus,
738 2093 802 2139 nee
825 2094 915 2161 opus
931 2084 983 2140 est
998 2070 1104 2158 longa
1121 2069 1179 2137 in·
1230 2084 1264 2141 et
1277 2072 1373 2141 idola
1390 2069 1606 2166 Babylonis,
1633 2068 1828 2140 horrendas
1851 2069 2024 2139 libidines
2044 2082 2081 2139 et
2096 2068 2215 2141 interi·

191 2173 464 2264 terpretatione,
499 2172 609 2241 simus
632 2169 710 2242 Deo
734 2171 867 2243 dicenti
896 2186 931 2242 et
956 2170 1178 2264 promittenti
1230 2188 1305 2244 tum
1330 2172 1591 2256 Sodomorum,
1615 2187 1659 2244 ‘et
1681 2172 1750 2240 alia
1772 2170 1885 2240 multa
1911 2194 2003 2263 quae
2032 2194 2113 2240 non
2139 2182 2243 2240 sunt.

189 2276 407 2345 credendum
433 2296 526 2358 esse,
563 2273 700 2343 etiamsi
731 2296 805 2341 non
829 2276 972 2344 adderet
996 2274 1180 2343 iuramen·
1230 2273 1379 2367 scripta,
1406 2276 1466 2345 sed
1493 2275 1643 2364 cogitate
1659 2287 1812 2367 quentin
1827 2272 1932 2340 dolor
1954 2273 1994 2340 in
2015 2273 2100 2342 viro
2122 2284 2215 2342 tanto

189 2389 287 2460 tum,
311 2378 372 2446 sed
389 2391 430 2447 ut
445 2375 644 2445 infirmitati
659 2388 799 2444 nostrae
817 2379 1020 2460 medeatur,
1044 2389 1079 2445 et
1101 2399 1178 2445 ma·
1229 2376 1337 2446 luerit
1352 2376 1476 2446 audire
1485 2377 1603 2447 cultus
1615 2377 1793 2447 idolorum
1809 2373 1848 2442 in
1857 2371 2059 2471 Babylone,
2076 2388 2111 2445 et
2123 2372 2213 2442 alibi

190 2476 244 2569 gis
272 2477 402 2547 eximat
429 2477 690 2548 dubitationem
721 2477 821 2548 addit
851 2478 1108 2561 iuramentum,
1139 2489 1179 2546 nt
1232 2476 1319 2549 ltem
1345 2479 1384 2547 in
1407 2478 1540 2547 vicinia
1561 2501 1651 2569 pene
1675 2488 1905 2575 spectatorem
1931 2497 2007 2544 esse
2027 2475 2214 2565 flagitiosa-

190 2578 384 2649 certissime
398 2592 591 2649 statuamus
599 2577 852 2669 promissiones
866 2580 970 2649 nobis
984 2592 1076 2650 ratas
1094 2601 1179 2659 esse,
1229 2602 1310 2649 rum
1330 2579 1545 2669 libidinum,
1572 2576 1746 2653 habitavit
1766 2577 1861 2645 enim
1881 2601 1957 2646 non
1973 2579 2105 2669 procul
2119 2602 2140 2647 a
2154 2575 2213 2647 So-

191 2704 274 2750 vere
305 2703 386 2749 eum
414 2680 506 2749 velle
534 2702 600 2749 nos
621 2679 769 2750 miseros
789 2683 965 2771 recipere,
999 2681 1178 2751 remittere
1230 2681 1345 2752 domis
1364 2682 1403 2750 in
1419 2681 1549 2754 Salem.

192 2781 298 2852 nobis
320 2794 482 2874 peecata,
508 2783 657 2852 reddere
679 2782 856 2853 iusticiam
878 2796 913 2853 et
935 2783 1043 2853 vitam
1064 2798 1179 2855 aeter·
1332 2779 1409 2855 Etsi
1432 2796 1550 2853 autem
1568 2784 1640 2852 duo
1664 2781 1795 2875 oppida
1817 2781 1967 2851 fuerunt
1988 2779 2141 2849 nomine
2154 2775 2211 2847 Sa-

192 2906 298 2969 nam,
323 2884 414 2954 sicut
435 2884 523 2955 alibi
538 2884 725 2977 repetitum
748 2899 801 2956 est
817 2885 1084 2955 iusiurandum:
1111 2883 1179 2952 Vi·
1229 2886 1316 2956 lem:
1351 2887 1502 2955 alterum
1534 2887 1631 2978 quod
1661 2897 1781 2975 postea
1806 2882 1941 2952 dictum
1968 2894 2022 2952 est
2049 2876 2209 2950 Hierusa-

191 3010 238 3056 vo
254 3008 337 3076 ego,
364 2985 451 3057 dicit
468 2983 667 3071 Dominus,
692 2987 777 3055 nolo
801 3003 951 3061 mortem
976 2987 1180 3079 peccatoris,
1230 2987 1314 3072 lem,
1338 2987 1445 3057 situm
1459 2987 1560 3058 eunti
1578 3008 1699 3055 versus
1716 3006 1889 3068 occasum,
1913 2982 2047 3051 amari
2061 2993 2209 3064 mortu⁰3

192 3089 255 3157 sed
272 3102 315 3158 ut
331 3101 559 3159 convertatur
579 3102 613 3159 et
628 3090 737 3160 vivat.
788 3089 888 3160 Haec
902 3090 1100 3161 iuramenta
1115 3113 1179 3180 op·
1230 3090 1380 3159 alterum
1412 3089 1519 3159 situm
1548 3111 1669 3157 versus
1692 3083 1926 3178 Aquilonem,
1968 3086 2071 3176 quod
2098 3096 2133 3153 et
2159 3078 2209 3150 si-

192 3213 365 3280 ponamus
389 3191 597 3261 falsissimae
620 3191 784 3284 opinioni
809 3187 1084 3272 monachorum,
1116 3191 1178 3284 qui
1230 3186 1332 3262 cbem
1362 3190 1587 3269 nominatur,
1625 3213 1701 3257 non
1726 3188 1850 3276 procul
1878 3181 2071 3257 aBetbel:
2103 3197 2208 3255 umen

193 3290 319 3361 iubent
351 3294 395 3361 de
415 3293 623 3363 remissione
647 3307 872 3385 peccatorum
903 3294 1086 3378 dubitare,
1121 3291 1180 3361 in·
1231 3306 1507 3364 consentaneum
1535 3304 1586 3360 est
1617 3289 1699 3361 Sem
1730 3285 1905 3359 habitasse
1929 3289 1977 3355 in
2007 3311 2054 3357 eo
2078 3284 2208 3376 oppido,

193 3407 357 3464 tueamur
378 3392 417 3462 in
439 3389 527 3463 haec
557 3395 779 3477 iuramenta,
813 3409 851 3466 et
878 3395 1031 3465 sciamus
1058 3406 1179 3466 nostra
1230 3400 1327 3491 quod
1352 3408 1471 3485 postea
1497 3393 1705 3462 dictumest
1728 3388 1971 3471 Hierusalem,
1996 3390 2096 3482 quod
2112 3386 2206 3456 dista-

193 3517 297 3564 causa
313 3494 406 3563 edita
423 3517 516 3579 esse,
548 3493 631 3564 Non
653 3493 871 3565 somniemus
892 3498 999 3566 aliam
1023 3519 1096 3566 esse
1116 3521 1180 3566 vo·
1231 3500 1290 3568 bat
1303 3520 1323 3566 a
1338 3495 1505 3568 Sodomis
1520 3494 1660 3564 circiter
1672 3516 1732 3564 sex
1747 3507 1867 3562 nostra
1883 3491 2075 3575 milliaria,
2102 3502 2136 3559 et
2149 3485 2207 3555 fuit

192 3595 366 3666 luntatem
375 3594 443 3665 Dei
457 3596 723 3668 dissentientem
739 3599 784 3667 ab
800 3593 865 3668 bac
881 3599 1032 3670 revelata
1047 3600 1085 3668 in
1095 3623 1179 3690 pro·
1230 3614 1316 3671 tunc
1331 3598 1471 3668 vicinus
1486 3594 1744 3689 Hierosolymis
1759 3589 1942 3666 Abrabam
1952 3645 1963 3677 ,
1973 3610 1978 3618 ’
1990 3587 2156 3662 babitans
2174 3585 2206 3654 in

93 3784 97 3789 ι
192 3697 440 3782 missionibus,
463 3711 499 3769 et
514 3711 707 3770 statuamus
720 3700 974 3790 promissiones
994 3714 1035 3772 ut
1051 3714 1181 3772 sonant
1230 3700 1397 3771 Mambre
1420 3722 1511 3792 quae
1536 3712 1589 3768 est
1611 3695 1779 3782 Hebron,
1808 3721 1848 3765 ac
1872 3696 1987 3765 lilium
2011 3704 2133 3792 postea
2153 3688 2205 3758 atl-

192 3798 411 3869 universales
425 3822 516 3882 esse,
543 3814 578 3872 et
591 3802 785 3884 luctemur,
811 3817 854 3873 ut
875 3827 997 3873 earum
1012 3827 1098 3873 voce
1113 3826 1180 3872 nos
1229 3803 1329 3873 duxit
1345 3803 1572 3871 mactandum
1587 3799 1626 3868 in
1643 3813 1800 3868 montem
1816 3797 1955 3881 Moria,
1975 3797 2039 3888 qui
2056 3794 2206 3865 octoas
2241 3828 2244 3833 ·

192 3912 448 3981 sustentemus,
480 3925 717 3991 repugnemus
747 3905 981 3989 dubitationi,
1015 3919 1049 3976 et
1083 3920 1178 3995 peta·
1230 3930 1301 3999 qno
1325 3901 1488 3976 Christus
1510 3901 1697 3972 crucifixus
1719 3915 1781 3976 est.
1832 3896 1929 3970 Haec
1951 3893 2123 3986 historica
2141 3914 2206 3961 me·

191 4025 272 4072 mus
294 4025 362 4072 nos
386 4003 502 4073 iuvari
518 4001 654 4095 Spiritu
678 4020 821 4091 sancto,
848 4008 939 4077 sicut
961 4007 1021 4075 ille
1045 4007 1178 4100 inquit:
1230 4006 1374 4077 minisse
1387 4005 1476 4076 utile
1491 4016 1552 4077 est.

191 4100 308 4176 Credo
323 4102 498 4194 Domine,
525 4131 628 4196 opem
642 4109 695 4177 ier
710 4109 928 4179 diffidentiae
944 4132 1053 4181 meae.
1331 4106 1483 4178 Dolores
1499 4106 1606 4177 etiam
1621 4100 1729 4175 buius
1745 4103 1815 4174 viri
1832 4101 1916 4174 Sem
1939 4101 2206 4173 consideremus,

254 4298 256 4303 ,
293 4201 354 4276 Ta
370 4231 407 4278 es
424 4203 607 4281 sacerdos.
641 4207 819 4282 Discernit
835 4212 1070 4282 sacerdotium
1080 4208 1179 4281 Mes-
1230 4209 1292 4305 qui
1314 4222 1388 4300 tam
1401 4209 1531 4281 multas
1553 4230 1698 4297 magnas
1713 4207 1927 4277 calamitates
1953 4204 2068 4287 vidit,
2093 4197 2207 4272 interi-

190 4309 263 4380 siae
277 4334 299 4379 a
312 4312 509 4382 sacerdotio
527 4311 686 4382 Levitico
705 4315 844 4383 duabus
859 4313 1090 4398 differentiis,
1119 4337 1177 4382 ae·
1230 4329 1304 4385 tum
1322 4312 1432 4384 totius
1446 4310 1584 4399 generis
1598 4304 1747 4379 humani
1761 4308 1800 4377 in
1813 4308 1971 4389 diluvio,
1998 4319 2121 4398 postea
2144 4302 2207 4369 lin·

189 4410 372 4497 ternitate,
404 4426 439 4482 et
462 4415 659 4485 ministerio
677 4410 954 4489 Melcbizedecb.
1005 4414 1179 4487 Sacerdo·
1229 4438 1317 4505 guae
1330 4413 1545 4483 mutationes
1567 4435 1659 4503 qnae
1672 4411 1787 4480 varias
1802 4409 2000 4493 doctrinas,
2027 4407 2207 4497 religiones

190 4513 282 4584 tium
305 4512 505 4584 Leviticum
535 4531 610 4587 erat
631 4517 809 4612 typicum,
835 4517 1176 4587 etdesiturumcum
1229 4533 1264 4588 et
1294 4515 1567 4605 gubernationes
1593 4526 1822 4606 peperemnt,
1857 4511 1950 4582 vidit
1982 4509 2088 4580 initia
2119 4501 2208 4594 regul

189 4614 315 4706 politia
340 4613 479 4710 Moysi,
517 4632 706 4711 postquam
730 4618 880 4689 Messias
903 4619 941 4687 in
966 4615 1031 4690 bac
1052 4619 1176 4711 politia
1228 4616 1463 4712 Babylonici,
1496 4616 1594 4710 quod
1626 4615 1763 4706 magnis
1792 4614 1957 4682 caedibus
1983 4612 2207 4682 constitutum

190 4711 369 4786 exhibitus
391 4732 497 4802 esset,
529 4735 563 4789 et
585 4722 794 4791 sacrificium
819 4721 1003 4814 proprium
1026 4722 1177 4792 obtulis-
1228 4733 1298 4805 est,
1324 4719 1503 4789 idolorum
1519 4719 1674 4798 cultum,
1700 4715 1872 4786 libidines
1887 4730 1921 4785 et
1937 4737 2075 4804 poenas
2087 4714 2208 4782 floren·

189 4833 253 4892 set.
307 4815 391 4887 Ideo
419 4820 515 4890 enim
538 4835 611 4893 tota
635 4820 721 4894 baec
747 4825 872 4917 politia
888 4824 1077 4894 constituta
1095 4824 1177 4908 fuit,
1228 4814 1443 4894 tissimarum
1470 4821 1629 4891 urbium.
1694 4816 1791 4888 Haec
1827 4818 1941 4887 tristis
1972 4817 2135 4906 exempla
2159 4809 2208 4879 in-

188 4933 230 4990 ut
246 4933 335 4991 esset
348 4933 441 4991 certa
456 4924 572 5009 natio,
598 4939 632 4995 et
655 4926 755 4997 locus
778 4940 913 5012 certus,
940 4926 1005 4996 ubi
1027 4924 1177 4994 Messias
1228 4939 1368 4996 tuentes
1382 4924 1576 5013 cogitemus
1594 4923 1682 4992 iram
1699 4918 1785 5004 Dei,
1810 4934 1845 4990 ct
1863 4919 2052 4988 {lactamur
2074 4919 2119 4987 ad
2134 4935 2208 5007 pos·

187 5023 450 5114 conspiceretur
471 5039 504 5096 et
519 5028 680 5112 doceret,
706 5041 740 5099 et
763 5029 972 5112 testimonia,
983 5031 1027 5097 de
1043 5028 1177 5097 doctri·
1228 5028 1435 5110 nitentiam‚
1448 5040 1493 5095 -et
1509 5027 1665 5095 modeste
1678 5025 1870 5093 toleremus
1886 5021 2047 5089 miserias
2071 5032 2208 5090 nostras

186 5146 234 5194 na
258 5127 387 5195 ederet.
448 5121 502 5197 Ac
528 5131 764 5201 sacerdotium
786 5130 939 5200 Messiae
963 5143 1173 5222 perpetuum
1227 5144 1262 5200 et
1278 5145 1437 5221 petamus
1451 5129 1722 5217 mitigationem,
1747 5125 1839 5194 sicut
1858 5148 1926 5193 vox
1941 5123 2067 5192 divina
2084 5117 2208 5192 docuit:

186 5240 257 5310 est,
289 5240 330 5297 ut
352 5241 470 5316 postea
492 5231 647 5302 dicetur:
684 5233 782 5323 prius
806 5233 900 5301 enim
926 5235 1174 5325 exponendum
1227 5228 1341 5303 Orate
1364 5244 1404 5301 ut
1425 5231 1567 5322 possitis
1601 5230 1755 5317 effugere
1789 5238 1958 5295 venturas
1991 5224 2209 5295 calamitates.

185 5341 255 5424 est,
287 5330 373 5424 quid
401 5331 447 5400 sit
477 5328 543 5403 hac
570 5334 774 5404 differentia
801 5335 1058 5431 significatum,
1093 5358 1173 5404 cnm
1225 5330 1311 5403 Dixi
1327 5334 1424 5428 quis,
1451 5346 1485 5402 et
1505 5332 1570 5402 ubi
1593 5332 1701 5402 fuerit
1717 5322 2004 5413 Melchisedech,
2030 5326 2104 5396 iam
2125 5325 2210 5395 dice·

185 5428 251 5500 ait:
284 5431 488 5505 Secundum
513 5436 680 5508 ordinem
705 5430 985 5508 Melcbizedech.
1047 5430 1174 5531 Oppo-
1225 5459 1305 5507 mus
1319 5437 1363 5505 de
1378 5434 1589 5510 sacerdotio.
