4538 5754
52 292 142 370 ss?
660 287 727 368 Ill.
774 272 936 396 gluttu
959 269 1255 358 DOCTRINAE
1279 265 1545 394 PHYSICAE.¹
2024 260 2102 343 288

54 489 148 537 num
168 462 430 537 constituerent
444 482 519 532 esse
531 458 719 531 duodecim
743 446 893 530 lunares
907 477 1057 539 menses,
1108 470 1190 517 rum
1217 457 1251 515 et
1274 444 1499 516 indoctorum
1525 441 1770 523 contusiones,
1803 444 1863 513 sod
1891 442 2092 514 doctrinam

53 578 295 660 etpraeterea
311 566 483 636 adderent
508 562 583 631 dies
597 561 785 643 undecim,
818 581 906 654 quas
926 566 1064 627 vocant·
1105 548 1302 638 primorum
1327 558 1468 637 patrum
1485 566 1714 656 quaeramus,
1739 567 1803 633 per
1823 567 1913 637 quos
1930 545 2092 653 doctrina

53 665 237 761 Epactas,
265 666 351 760 quia
367 664 509 737 totdies
533 657 650 733 adhuc
679 661 835 732 addendi
861 671 981 742 erant,
1014 670 1055 728 ut
1104 652 1149 719 de
1175 645 1252 718 Deo
1278 662 1312 717 et
1332 659 1425 717 artes
1448 639 1614 715 honestae
1639 660 1849 736 propagatae
1870 658 1964 716 sunt.
2023 643 2092 713 Ili-

53 783 204 851 teropus
226 778 438 860 congrueret
466 765 511 836 ad
544 778 683 856 tempus
708 761 886 856 peragrati
907 757 1055 830 Zodiaei
1104 749 1215 820 storia
1229 743 1333 818 Nohe
1352 746 1536 816 manifeste
1549 748 1722 830 ostendit,
1746 768 1884 817 menses
1901 744 2106 816 duodecim¹

53 894 78 942 a
95 867 197 943 Sole.
1104 849 1214 921 unius
1229 850 1315 919 anni
1331 848 1487 940 spacium
1502 847 1619 917 fuisse.
1643 842 1690 917 Et
1703 870 1783 915 cum
1793 842 1896 917 Nohe
1914 847 2092 935 integrum

161 968 221 1042 Ac
234 968 372 1061 primae
385 965 554 1039 vetustati
575 964 717 1036 initium
733 964 819 1034 anni
840 963 948 1034 luisse
969 983 1054 1053 pro-
1104 975 1240 1022 aunum
1257 962 1493 1020 commoratus
1509 949 1554 1017 sit
1576 949 1614 1016 in
1631 971 1729 1033 arca,
1757 949 1893 1018 erudite
1908 946 2092 1038 mensibus

60 1072 204 1141 simum
220 1093 380 1140 mensem
395 1067 620 1162 aequinoctio
637 1088 746 1136 verno
762 1066 987 1135 manifestum
1004 1075 1064 1132 est.
1105 1051 1292 1123 duodecim
1322 1049 1509 1120 lunaribus
1536 1050 1718 1122 adduntur
1746 1048 1877 1144 reliqui
1904 1049 1997 1136 dies,
2027 1046 2092 1142 qui

59 1198 104 1242 ex
124 1172 225 1242 libro
247 1168 361 1241 Moisi
385 1168 559 1250 secundo,
588 1166 807 1237 ubidicitur
831 1168 1052 1256 depasente:
1103 1168 1278 1225 vocantur
1289 1149 1453 1244 Epocias·

58 1271 209 1343 Mensis
228 1271 295 1342 iste
320 1270 424 1341 vobis
448 1269 665 1360 principium
689 1268 884 1353 mensium,
918 1265 1054 1356 primus
1205 1268 1389 1358 Ingressus
1409 1261 1578 1339 estNohe
1594 1268 1632 1337 in
1655 1293 1773 1340 arcam
1789 1270 2093 1358 meusesecundo,

61 1374 130 1445 erit
143 1375 245 1444 inter
260 1394 397 1441 menses
413 1369 519 1454 anni,
540 1381 795 1463 servaruntque
816 1362 885 1437 boc
908 1364 1053 1435 initium
1109 1372 1167 1442 die
1184 1369 1505 1463 septimodecimo,
1531 1370 1660 1439 deinde
1677 1370 1887 1442 nominatim
1904 1372 1943 1443 fit
1957 1371 2092 1442 mentio

59 1473 188 1545 ludaei
210 1485 249 1543 et
268 1469 446 1566 Aegyptii.
503 1470 646 1540 Deinde
677 1482 718 1539 ut
744 1470 859 1541 solent
890 1462 1055 1537 homines
1105 1473 1245 1565 septimi
1271 1471 1419 1556 mensis,
1445 1494 1485 1541 ac
1506 1486 1628 1562 postea
1652 1472 1799 1558 deciani,
1833 1485 1867 1543 et
1893 1467 2094 1564 posthunc

60 1599 144 1645 curn
167 1573 364 1662 seiungunt
387 1571 607 1640 seavicinis
621 1571 658 1638 in
676 1570 846 1658 religione
859 1582 921 1639 aut
941 1568 1053 1658 impe·
1105 1573 1497 1665 dierumquadraginta
1522 1574 1742 1664 etamplius.
1794 1571 1935 1644 Deinde
1960 1573 2091 1644 iterum

58 1677 144 1763 riis,
169 1675 278 1747 ctiam
301 1672 489 1744 dissimiles
510 1673 601 1741 ritus
630 1671 832 1743 instituunt·
883 1665 1050 1751 Athin·
1104 1675 1241 1766 primus
1263 1673 1395 1745 mensis
1419 1672 1637 1745 nominatur.
1695 1671 1890 1764 Egreditur
1908 1689 2026 1746 autem
2048 1697 2092 1743 ex

61 1773 212 1848 ebosvit
231 1796 368 1846 annum
390 1774 435 1842 ab
457 1772 682 1866 aequinoctio
704 1770 912 1843 autumnali·
964 1765 1053 1838 Inde
1106 1799 1184 1845 arca
1201 1796 1324 1844 rursus
1340 1797 1458 1844 mense
1475 1778 1649 1860 secundo,
1672 1774 1730 1844 die
1748 1775 1914 1846 vicesimo
1928 1774 2090 1867 septimo.

59 1875 174 1949 hodie
187 1877 228 1946 in
240 1872 508 1946 commentariis
532 1873 684 1942 Iudaicis
710 1874 782 1943 duo
806 1873 975 1961 leguntur
989 1891 1055 1938 an·
1105 1877 1245 1946 Interea
1262 1875 1371 1964 igitur
1383 1875 1493 1944 exacti
1507 1889 1590 1946 sunt
1603 1898 1740 1946 menses
1756 1877 1957 1962 duodecim,
1983 1890 2017 1947 et
2031 1898 2091 1946 so·

62 1978 245 2062 niinitia,
268 1976 335 2046 etsi
352 1973 474 2046 Iudaei
490 1974 577 2066 quid
592 1973 723 2058 dicant,
750 1997 823 2043 non
838 1971 1055 2061 intelligunt,
1104 1978 1235 2048 cedunt
1251 1975 1325 2045 dics
1343 1976 1483 2056 decem,
1506 1989 1545 2047 ut
1563 1977 1790 2048 manifestum
1816 1993 1867 2049 est
1894 1975 2092 2049 conferenti

63 2104 132 2150 nec
144 2078 359 2160 attendunt,
385 2076 481 2145 uude
496 2075 544 2145 sit
560 2069 628 2144 boc
642 2074 816 2146 recentius
840 2072 985 2142 initium
1008 2070 1054 2139 ab
1104 2092 1265 2170 tempora
1288 2076 1466 2167 ingressus
1492 2089 1527 2146 et
1547 2077 1672 2151 exitus.
1723 2075 1875 2172 Cunque
1899 2077 2090 2148 undecimo

63 2177 293 2273 aequinoctio
310 2176 521 2250 autumnali.
572 2175 711 2245 Deinde
725 2195 848 2244 rursus
865 2172 961 2241 aliud
981 2171 1055 2239 ini·
1105 2179 1163 2249 die
1180 2202 1222 2248 ex
1239 2201 1319 2247 arca
1332 2200 1489 2268 egressus
1505 2178 1551 2249 sit
1565 2173 1685 2262 Nohe,
1708 2179 1806 2248 vides
1827 2179 1910 2247 addi
1924 2175 2111 2269 Epactas„

63 2282 153 2351 tium
166 2276 303 2349 Graeci
318 2276 614 2347 constituerunta
634 2276 788 2345 solsticio
805 2274 948 2347 aestivo.
983 2269 1055 2340 Po·
1105 2294 1140 2351 et
1161 2278 1330 2370 compleri
1354 2279 1440 2348 anni
1461 2279 1587 2348 solaris
1611 2280 1781 2371 spacium.
1832 2277 1929 2349 Haec
1961 2279 2093 2370 scripta

63 2379 310 2454 stremoaliud
326 2377 455 2462 Numa,
480 2376 644 2445 videlicet
661 2400 679 2443 a
696 2376 849 2447 solsticio
865 2370 1028 2448 hibemo.
1109 2392 1208 2464 sunt,
1233 2392 1274 2450 ut
1297 2393 1388 2452 extet
1408 2381 1649 2450 testimonium
1667 2385 1711 2450 de
1733 2405 1845 2465 anuo,
1868 2381 1963 2472 quod
1977 2375 2107 2471 eppo?

162 2478 267 2551 Haec
287 2479 438 2548 varietas
462 2490 498 2547 et
519 2476 772 2548 dissimilitudo
795 2475 1051 2547 consideranda
1105 2483 1265 2550 nendum
1281 2494 1332 2551 est
1345 2481 1560 2573 petulantiae
1577 2483 1738 2567 istorum,
1764 2482 1825 2575 qui
1842 2481 1962 2551 rident
1977 2504 2094 2551 anno-
2116 2548 2119 2555 ,

63 2597 124 2669 est,
142 2595 188 2654 ut
198 2576 375 2652 historiae
392 2578 521 2649 rectius
536 2578 792 2666 intelligantur,
808 2579 873 2649 etsi
891 2573 1054 2645 variandi
1105 2606 1184 2652 rum
1199 2604 1367 2652 numeros
1383 2583 1421 2650 in
1437 2583 1543 2651 sacris
1560 2583 1674 2653 literis
1689 2583 1847 2668 traditos,
1866 2595 1900 2652 et
1916 2594 2092 2674 quantum

66 2682 243 2777 cupiditas
257 2704 336 2751 non
351 2679 492 2751 videtur
506 2701 627 2749 causas
642 2680 754 2749 bonas
768 2675 947 2748 habuisse·
981 2673 1055 2746 Nec
1104 2685 1211 2754 luerit
1228 2683 1335 2754 unius
1353 2683 1439 2752 arani
1454 2684 1633 2775 spacium,
1659 2686 1742 2753 sciri
1759 2707 1859 2775 posse
1876 2697 2018 2774 negant.

10 2798 12 2837 ²
65 2788 216 2857 dubium
241 2795 296 2853 est
324 2781 477 2873 primam
509 2781 800 2851 consuetudinem
828 2775 1053 2848 inchoantem
1206 2798 1298 2871 Cum
1322 2812 1439 2870 „utem
1460 2823 1597 2868 mense,
1626 2800 1768 2869 lunare,
1802 2801 1990 2870 duodecim
2018 2821 2094 2868 „011

63 2908 198 2960 mum
211 2909 234 2955 ³
249 2906 363 2954 ”¹¹¹⁰
379 2880 616 2975 ²²q⁰l¹¹⁰⁰¹3⁰s
641 2881 791 2949 maxime
805 2893 952 2997 ¹¹³I¹¹PJ¹⁰
967 2899 1055 2947 ⁰⁰¹¹·
1105 2924 1250 2993 prorsus
1268 2901 1433 2990 expleant
1455 2924 1589 2969 annum
1604 2902 1773 2986 solarem,
1799 2915 1840 2971 ut
1863 2916 1982 2972 tamen
2005 2898 2094 2970 anui

65 3001 270 3059 ‘mmmm
284 2983 404 3054 filim·
432 2980 503 3099 sed
517 2996 635 3052 lamen
650 2983 761 3050 ‘¹⁰¹¹‘st
777 2973 1055 3097 ³¹¹⁰¹¹⁵J¹¹⁰⁶hifag
1107 3003 1252 3074 initium
1275 3000 1503 3093 aliquomodo
1526 3003 1572 3070 ad
1593 3015 1728 3072 certum
1751 3017 1890 3091 tempus
1908 3024 2094 3070 revocare-

64 3095 210 3162 ΜΠΝ
230 3107 355 3157 ¹¹¹⁰¹¹⁸⁰
378 3083 515 3168 limma
538 3105 613 3153 ¹¹⁰⁰
636 3095 712 3150 ‘mi
734 3095 847 3151 efflui
863 3082 938 3150 ‘³¹²⁸
957 3091 1055 3147 ¹¹¹¹i¹¹
1107 3118 1185 3184 tur,
1211 3125 1350 3171 neccsse
1364 3103 1434 3170 fuit
1450 3102 1753 3171 intercalationem
1769 3102 1969 3190 excogitari.
2005 3098 2094 3172 Col·

65 3191 183 3275 ⁸⁰⁰5,
223 3211 293 3257 ¹¹²⁰
331 3185 484 3291 lunam,
516 3207 652 3253 meum
689 3181 875 3251 d¹¹⁰d²⁰l¹¹¹
915 3181 1056 3272 ‘Il’lent
1099 3206 1264 3297 ligabant
1286 3226 1369 3292 ergo
1393 3200 1548 3273 Romani
1571 3199 1738 3293 Epactas,
1764 3217 1799 3291 et
1823 3203 1977 3271 secundo
2002 3225 2094 3295 quo-

65 3314 213 3365 fflum·
1107 3329 1177 3398 que
1205 3327 1301 3374 anno
1333 3305 1578 3373 intercalarem
1610 3327 1764 3373 inensem
1797 3303 1937 3372 dierum
1965 3300 2094 3392 viginti

168 3385 549 3476 1d⁸⁰s⁰ll⁸ll²il³⁹¹
579 3405 652 3452 ⁸⁰⁵⁰
676 3383 971 3454 ⁶⁰⁰⁸3d0fi¹¹¹d¹¹m
995 3391 1058 3464 ‘⁸¹³
1107 3410 1260 3476 duorum
1285 3402 1480 3476 Februario
1502 3406 1717 3477 inserebant.
1769 3405 1829 3486 Sic
1857 3402 1981 3476 scribit
2005 3402 2094 3472 Plu-

67 3495 352 3581 deliniemusque
379 3510 533 3569 annum,
567 3496 706 3574 tempus
733 3507 823 3566 esse,
855 3507 926 3574 quo
948 3479 1056 3551 Sola
1106 3503 1303 3579 ,archum
1321 3502 1449 3580 Numa·

67 3596 168 3669 verni
192 3587 413 3685 aequinoctii
439 3599 570 3679 puncto
596 3608 772 3673 egressus,
796 3583 951 3652 Zodiaco
974 3604 1056 3673 per-

68 3711 207 3791 *nm’
228 3691 385 3810 himen}
404 3701 575 3779 punctum
593 3687 697 3756 redii·
750 3683 798 3756 Et
813 3685 877 3802 ubi
901 3684 961 3801 fiii
976 3705 1056 3752 ω’
1106 3724 1292 3795 obscurior
1308 3737 1370 3808 est,
1397 3737 1431 3793 et
1447 3726 1535 3794 alibi
1551 3727 1776 3816 explicanda,
1798 3749 1838 3794 ac
1853 3727 1999 3815 adparet
2015 3746 2095 3793 sae·

66 3823 150 3872 num
172 3805 445 3889 aequrnoctrum
469 3815 490 3859 a
519 3800 633 3857 certae
654 3789 774 3859 stellae
796 3788 963 3856 distantia
995 3805 1055 3852 su·

443 3890 452 3908 .
738 3889 747 3905 .
1045 3883 1054 3902 .
1107 3851 1150 3918 pe
1181 3823 1415 3907 correctiones
1445 3849 1585 3896 annuae
1615 3825 1890 3916 computationis
1917 3826 2094 3895 institutas

67 3915 194 3973 mm·
246 3892 300 3966 Ut
314 3889 473 3963 M⁸²⁰¹¹¹⁸
485 3905 661 3979 ‘emim’
687 3912 749 3981 ‘³¹¹¹
764 3888 833 3957 [ω
845 3901 952 3956 ’Πηό
969 3884 1042 4001 bell
1044 3907 1054 3950 ¹
1107 3949 1200 4012 esse,
1225 3940 1259 3998 et
1274 3939 1426 3998 mutatas
1440 3920 1744 4009 intercalationes,
1769 3926 1861 4001 sicut
1874 3929 1969 4018 apud
1979 3923 2095 3996 Grae·

69 3993 367 4093 Peloponnesiaci
382 3990 584 4063 intersectio
601 4013 710 4060 verna
725 4002 801 4058 erat
825 3988 863 4055 in
884 3987 958 4078 ipsa
980 4008 1058 4104 prs·
1107 4053 1166 4100 cos
1178 4027 1342 4098 addim
1359 4029 1511 4103 videtur·

69 4092 409 4215 ma⁶u⁸.Aiieli⁸⁸
460 4090 564 4162 Nunc
587 4090 775 4206 φωνῇ’
797 4100 922 4205 imque
943 4108 1057 4203 immi
1208 4145 1415 4216 Herodotus
1435 4159 1558 4217 narrat
1581 4146 1685 4218 tertio
1727 4172 1773 4218 uo
1801 4170 1956 4217 ueanno
1979 4144 2092 4214 inter-

71 4206 166 4278 ’ὼ
188 4198 332 4271 Ami„
352 4206 432 4283 ⁹⁰⁵⁸
457 4214 601 4261 mnam
628 4202 913 4258 mammem
938 4187 1058 4276 gram·
1107 4248 1257 4316 celarem
1272 4270 1429 4316 mensem
1444 4248 1618 4318 insertum
1631 4173 1986 4341 esseqapuquraecos.
2011 4241 2096 4315 Ma-

70 4302 212 4388 ausit,
236 4297 328 4369 min.
345 4292 408 4368 ³4.
460 4293 516 4364 Sit
539 4314 620 4381 ergo
638 4291 743 4359 nobis
760 4289 820 4357 illa
845 4287 1059 4372 intersectio,
1195 4349 1204 4365 ,
1303 4347 1312 4364 ,
1508 4350 1516 4366 ⁸
1638 4350 1648 4367 ·
1824 4349 1832 4364 ο
2017 4344 2061 4363 ,Α

71 4409 116 4481 p,
128 4420 229 4479 ‘mo
244 4398 458 4479 commum,
482 4384 625 4463 inpius„
646 4406 680 4462 ep
698 4402 789 4460 met,
809 4389 906 4457 anni·
1106 4351 1249 4419 crobrus
1265 4348 1370 4417 aliam
1387 4361 1618 4421 vetustiorem
1636 4350 1940 4420 intercalationem
1957 4358 2094 4419 recrtat.

164 4501 281 4598 Quod
299 4520 384 4568 vero
397 4488 609 4564 Plutarchus
629 4494 668 4560 in
683 4492 756 4563 vita
772 4488 910 4560 Numae
931 4487 981 4557 ait
1001 4487 1058 4556 di·
1208 4475 1362 4551 Omissis
1385 4494 1503 4552 autem
1525 4496 1684 4553 veterum
1705 4480 1830 4551 formis
1844 4479 2008 4549 usitatam
2024 4473 2096 4548 boc

78 4610 274 4681 versimem
289 4611 424 4671 tantam
441 4618 617 4664 annorum
639 4593 765 4676 fuisse,
789 4605 830 4661 ut
845 4589 957 4683 aliqui
973 4588 1059 4657 bar·
1109 4600 1265 4676 tempore
1282 4582 1564 4666 consideremus,
1590 4606 1681 4676 quae
1695 4582 1838 4651 videtur
1860 4601 1934 4649 esse
1948 4578 2095 4670 expedi·

74 4711 143 4785 bai
169 4725 251 4783 tres
278 4720 415 4771 menses
440 4695 682 4786 nuncupatim
716 4714 868 4775 annum,
899 4685 1058 4760 Arcades
1110 4686 1255 4757 tissima.
1306 4681 1374 4754 Est
1393 4698 1510 4755 autern
1532 4708 1551 4753 a
1570 4680 1662 4753 lulio
1678 4679 1826 4754 Caesare
1847 4681 1997 4751 consilio
2013 4678 2116 4751 tta-2

74 4826 222 4909 qaaunr
236 4823 399 4880 menses,
424 4792 628 4866 Acarnanes
645 4816 705 4862 sex
720 4812 876 4876 menses,
897 4791 971 4859 imo
985 4788 1057 4858 Ae·
1106 4783 1290 4859 thematici
1305 4783 1486 4874 Sosigenis
1507 4783 1690 4870 instituta,
1716 4797 1751 4855 et
1773 4795 1894 4875 postea
1909 4784 1954 4854 ab
1969 4778 2095 4872 Augu-

72 4916 202 5011 gyptlos
215 4925 383 4978 mensem
400 4920 541 4992 quoque
556 4917 697 4965 vocene
711 4914 858 4976 anuum,
875 4886 939 4960 has
954 4890 1058 4959 iabu-
1106 4902 1181 4971 sto,
1206 4883 1339 4956 cumin
1361 4886 1465 4955 bellis
1482 4884 1647 4954 civilibus
1663 4885 1820 4976 neglecta
1838 4896 1946 4968 esset,
1972 4888 2115 4954 rursusi

72 5020 119 5089 la
137 5031 275 5104 mgna
296 5028 339 5075 er
363 5012 463 5092 parte
480 4998 635 5067 vanitate
658 4995 871 5084 scriptorum
890 4989 1057 5061 confictas
1107 4989 1292 5057 emendata
1306 4997 1341 5054 et
1355 4986 1570 5072 instaurata,
1584 4986 1750 5057 videlicet
1763 4987 1825 5070 ita,
1846 4999 1886 5054 ut
1902 4984 2096 5055 constituto

72 5137 231 5191 moon
247 5104 402 5179 dubium
418 5112 486 5183 est,
505 5097 570 5168 etsi
584 5097 660 5166 lieri
678 5107 810 5186 potest,
834 5105 876 5163 ut
890 5084 1058 5161 homines
1107 5102 1201 5159 certo
1226 5087 1332 5157 initio
1361 5086 1468 5176 anni,
1502 5099 1538 5159 et
1565 5087 1752 5170 duodecim
1774 5087 1957 5157 mensibus
1978 5085 2097 5154 civili·

73 5216 233 5301 ιώιί,
266 5206 331 5302 qui
353 5203 430 5272 sine
451 5199 555 5271 certis
584 5197 726 5266 sedibus
749 5193 866 5285 vagati
889 5205 990 5278 sunt,
1022 5204 1056 5263 et
1106 5191 1191 5273 bus,
1225 5209 1341 5259 annus
1361 5188 1560 5257 communis
1588 5189 1788 5261 contineret
1807 5189 1884 5257 dies
1907 5183 1998 5261 865.
2045 5181 2096 5261 lit

73 5316 269 5393 toorbam
283 5304 462 5379 maiorum
478 5300 681 5383 amiserant,
700 5296 806 5368 etiam
822 5293 974 5387 primam
990 5314 1055 5362 an·
1106 5289 1277 5383 quoniam
1291 5286 1356 5370 Sol
1371 5288 1534 5358 nondum
1552 5301 1605 5362 tot
1619 5290 1747 5373 diebus
1763 5289 1962 5381 peragravit
1976 5298 2095 5356 totum

75 5421 112 5491 ni
129 5416 313 5492 rationem
330 5400 564 5499 neglexerint.
615 5396 687 5470 Sed
701 5421 769 5472 nos
790 5419 866 5470 non
885 5395 1056 5468 barbaro-
1104 5390 1318 5479 Zodiaconr,
1351 5389 1415 5462 sed
1437 5401 1573 5465 antam
1594 5391 1780 5465 addendae
1803 5386 1913 5462 horse
1935 5385 2096 5481 quinque

1210 3620 1283 3692 Nec
1297 3620 1485 3692 Livianam
1500 3625 1673 3694 rationem
1688 3647 1785 3694 rrunc
1800 3645 1978 3708 recenseo,
2003 3644 2095 3715 quae
