4538 5754
140 245 213 321 εει
379 233 589 313 sartura
613 234 690 309 ru
715 232 834 312 uun
858 231 927 310 an
952 233 1080 312 ursa,
1107 229 1254 307 raon
1279 222 1347 308 nr
1372 235 1565 320 curuos.
1590 220 1922 330 sancranru.
2084 263 2158 341 sss

293 411 413 483 Paries
430 422 481 481 εει
501 409 621 500 niger,

293 511 388 605 Ergo
403 535 477 583 non
494 525 546 581 est
562 511 676 586 albus.

245 634 316 708 Sed
341 647 504 718 econtra,
543 646 681 704 remoto
715 657 788 704 uno
823 636 1018 721 contrario,
1049 661 1124 707 non

143 752 281 831 oportet
312 735 398 828 poni
430 736 601 826 alterum,
640 735 847 825 praesertim
875 737 913 805 in
940 740 1126 811 contrariis

142 841 322 919 mediatis,
349 852 478 908 utnon
494 837 586 906 valet
600 839 869 931 consequentia:

294 939 411 1010 Vestis
427 963 502 1008 non
520 953 570 1009 est
585 939 685 1024 alba,
797 969 799 973 ¹

293 1039 389 1132 Ergo
406 1055 459 1113 est
473 1041 587 1131 nigra.

148 1155 152 1162 ’
243 1159 363 1231 Ροιεει
387 1159 482 1227 enim
508 1180 581 1227 esse
602 1160 711 1228 medii
730 1161 876 1242 coloris,
902 1172 944 1232 ut
964 1164 1124 1233 coerulea

140 1276 201 1334 aut
214 1284 404 1354 purpurea.

549 1439 710 1528 Septimo.

127 1560 130 1574 “
242 1564 380 1657 Regula
410 1591 493 1637 vera
522 1580 574 1637 est
604 1569 648 1636 de
678 1567 846 1666 omnibus
872 1573 1125 1658 pugnantibus,

141 1670 273 1760 opponi
305 1694 344 1739 ea
374 1670 470 1739 iuxta
501 1668 736 1752 differentias,
777 1669 907 1762 quibus
925 1674 1124 1757 dissident,

140 1796 213 1841 non
232 1771 328 1843 iuxta
342 1793 453 1860 genus
467 1783 528 1841 aut
545 1771 747 1841 communia
762 1773 966 1861 accidentia,
993 1789 1032 1847 ut
1049 1802 1124 1848 non

138 1874 232 1945 valet
247 1873 515 1968 consequentia:

395 1972 505 2046 Calor
520 1987 572 2044 est
588 1974 756 2067 qualitas,
814 2004 816 2008 ¹

343 2076 457 2166 Igitur
472 2075 650 2167 frigiditas
664 2100 738 2146 non
755 2089 807 2147 est
823 2079 985 2170 qualitas.

393 2176 500 2248 Pater
514 2192 566 2250 est
580 2179 766 2264 robustus,

337 2279 451 2369 Igitur
465 2281 560 2349 lilius
576 2303 649 2349 non
669 2294 722 2351 est
741 2279 917 2352 robustus.

238 2399 310 2472 Sed
326 2401 422 2470 iuxta
441 2398 659 2469 differentias
675 2397 736 2468 liat
754 2399 942 2490 oppositio.

234 2518 341 2590 Pater
363 2518 483 2588 differt
505 2516 614 2586 atilio
629 2511 698 2585 hac
713 2519 888 2588 essentiali
906 2519 1120 2610 differentia,

136 2622 231 2716 qnod
246 2635 347 2713 pater
363 2621 501 2710 genuit,
528 2617 622 2695 lilius
639 2630 691 2688 est
705 2619 854 2708 genitus.
888 2619 993 2694 Valet
1009 2624 1120 2715 igitur

135 2722 402 2818 consequentia:

287 2818 478 2894 Zacharias
494 2822 618 2912 genuit
632 2816 833 2893 Iohannem
848 2821 1058 2919 Baptistam,

285 2922 382 3017 Ergo
406 2924 474 2995 fnit
500 2938 600 3015 pater
624 2921 822 3014 Baptistae,
856 2940 892 2998 et
920 2926 1116 3021 Baptistam

342 3026 456 3099 filium
470 3026 600 3112 fuisse,
626 3028 823 3097 necessario
837 3031 1007 3124 sequitur.

203 3224 205 3229 ,
232 3143 289 3218 Ex
305 3143 371 3217 hac
389 3145 510 3235 regula
524 3158 625 3216 vetus
638 3145 817 3218 cavillatio
833 3146 1027 3221 iudicetur:

281 3248 479 3338 Virginitas
493 3261 544 3317 εει
560 3248 674 3331 bona,

284 3348 398 3439 Igitur
414 3349 620 3437 coniugium
636 3371 710 3416 non
725 3361 776 3417 εει
789 3348 938 3419 bonum.

232 3464 330 3556 Nego
348 3464 657 3558 consequentiam,
686 3477 720 3535 ει
735 3465 826 3534 ratio
844 3480 913 3552 εει,
941 3471 1023 3561 quia
1048 3475 1115 3543 bo·

131 3593 218 3639 num
234 3581 286 3638 est
302 3591 411 3657 genus
435 3590 623 3636 commune
649 3566 847 3657 virginitati
875 3583 907 3639 ει
934 3573 1113 3664 coniugio.

132 3670 314 3761 Significat
331 3669 426 3739 enim
443 3664 510 3738 hoc
527 3669 605 3738 loco
629 3692 702 3738 rem
726 3692 744 3736 a
760 3664 837 3738 Deo
861 3695 1058 3744 concessam
1080 3693 1114 3749 et

131 3774 334 3863 probatam,
362 3788 397 3844 et
414 3793 524 3862 genus
539 3784 592 3842 est
614 3770 847 3864 complectens
870 3798 992 3846 omnes
1016 3802 1071 3848 res
1093 3805 1112 3849 a

128 3872 206 3946 Deo
232 3897 410 3944 concessas
435 3887 468 3944 ει
489 3873 663 3965 probatas.
722 3869 969 3965 Opponuntur
993 3896 1110 3952 autem

128 3977 326 4068 pugnantia
342 4000 415 4046 non
431 3975 526 4044 iuxta
545 3998 665 4063 genus,
690 3976 753 4067 sed
770 3975 866 4045 iuxta
885 3978 1113 4069 differentias,

129 4080 201 4150 imo
218 4073 345 4170 genere
359 4076 588 4160 conveniunt,
615 4090 655 4146 ut
671 4078 799 4147 albedo
813 4090 848 4149 ει
863 4079 1009 4169 nigredo
1026 4109 1112 4154 con·

129 4183 278 4254 veniunt
294 4205 432 4272 genere.
474 4175 556 4265 „Nec
571 4179 745 4270 sequitur:

280 4283 421 4354 Albedo
436 4294 489 4352 εει
504 4280 620 4365 εοΙοι,

281 4383 395 4476 Igitur
409 4385 559 4475 nigredo
573 4404 648 4451 nou
666 4394 719 4453 est
731 4383 841 4459 color.

548 4522 682 4619 Octava.

1178 407 1328 479 ducibus
1343 410 1467 498 fidem,
1493 414 1677 491 scientiam
1698 422 1751 503 rei
1765 425 1958 515 militaris,
1984 433 2159 525 magnitu-

1178 509 1299 579 dinem
1313 511 1537 619 animorum,
1562 521 1802 613 celeritatem,
1824 542 1858 599 et
1876 530 1960 602 alia.

1610 702 1717 771 Nona

1278 811 1429 907 Propter
1452 821 1547 912 quod
1572 829 1852 923 unumquodque
1876 831 1946 901 tale
1968 846 2042 922 est,
2075 836 2158 909 illud

1179 913 1287 1003 magis
1303 918 1372 987 tale
1389 933 1460 1000 est,
1488 935 1542 990 ut:

1329 1020 1431 1112 Aqua
1449 1023 1539 1093 calet
1555 1041 1700 1117 propter
1721 1029 1858 1121 ignem,

1327 1117 1425 1212 Ergo
1442 1124 1534 1215 ignis
1549 1130 1660 1218 magis
1676 1132 1776 1204 calet.

1329 1223 1469 1295 Avarus
1496 1231 1630 1322 appetit
1651 1234 1913 1324 navigationem
1937 1257 2084 1335 propter
2106 1245 2156 1316 lu·

1383 1351 1502 1414 crum,

1328 1421 1425 1517 Ergo
1440 1431 1579 1502 lucrum
1596 1434 1707 1526 magis
1722 1438 1867 1528 appetit.

1277 1522 1389 1619 Saepe
1406 1531 1536 1605 citatur
1551 1530 1636 1606 haec
1651 1538 1792 1626 regula,
1818 1554 1857 1610 nt
1881 1563 1983 1633 saepe
2009 1557 2045 1613 ει
2068 1546 2155 1615 mul-

1174 1634 1250 1694 tum
1269 1628 1460 1704 collatione
1474 1659 1659 1709 causarum
1674 1638 1836 1709 finalium
1851 1641 2004 1715 utimur:
2020 1644 2155 1738 Appeto

1174 1726 1290 1797 studia
1316 1730 1519 1822 literarum,
1546 1752 1586 1810 ut
1612 1740 1744 1809 discam
1774 1743 1976 1813 doctrinam
2008 1748 2052 1816 de
2076 1751 2156 1835 Deo,

1174 1842 1300 1919 appeto
1316 1835 1513 1907 doctrinam
1529 1843 1574 1923 de
1587 1836 1684 1927 Deo,
1710 1864 1756 1909 ne
1771 1844 1919 1914 abiiciar
1940 1846 1978 1915 in
1999 1863 2155 1922 aeternat

1174 1952 1317 2018 poenas,
1343 1940 1402 2006 sed
1418 1939 1588 2012 liberatus
1601 1944 1647 2013 ab
1662 1943 1831 2014 omuibus
1844 1946 1958 2028 malis,
1983 1948 2085 2023 fruar
2101 1975 2155 2023 ae·

1174 2044 1272 2102 terna
1289 2043 1547 2112 consuetudine
1563 2041 1652 2130 Dei,
1674 2059 1709 2116 et
1725 2045 1842 2135 ipsum
1864 2047 2051 2124 celebrem.
2105 2052 2155 2127 Ita

1174 2156 1236 2224 per
1250 2138 1380 2224 gradus
1395 2144 1469 2212 itur
1486 2146 1531 2214 ad
1546 2145 1714 2216 ultimum
1727 2146 1846 2243 finem.
1884 2146 2080 2242 Disputant
2095 2177 2155 2226 au·

1172 2247 1263 2322 tem,
1296 2236 1335 2307 in
1362 2265 1514 2334 quarum
1539 2270 1724 2318 causarum
1747 2250 1938 2320 collatione
1963 2252 2081 2326 valeat
2102 2281 2155 2328 re·

1168 2337 1264 2425 gula.
1322 2337 1377 2411 De
1399 2344 1568 2420 finalibus
1592 2374 1667 2420 non
1691 2351 1842 2420 dubium
1866 2365 1918 2422 est
1939 2355 2059 2426 valere
2080 2383 2165 2430 eanr-

1171 2439 1304 2533 ubique
1325 2457 1360 2515 et
1377 2446 1452 2515 sine
1469 2451 1695 2543 exceptione,
1721 2464 1756 2522 et
1780 2453 1830 2521 sic
1853 2476 1892 2546 ea
1907 2451 2154 2530 Iurisconsulti

1170 2543 1306 2631 saepius
1322 2558 1484 2621 utuntur.
1501 2590 1503 2595 ,
1536 2550 1580 2622 In
1596 2553 1771 2624 materiali
1785 2568 1820 2624 ει
1842 2555 1984 2627 formali
2009 2582 2155 2633 consue·

1170 2644 1256 2714 tudo
1272 2649 1446 2719 sermonis
1460 2652 1514 2722 uti
1532 2648 1598 2723 hac
1619 2657 1740 2743 regula
1754 2650 1940 2746 prohibet,
1966 2671 2024 2728 ut:

1321 2745 1435 2843 Cyrus
1451 2765 1503 2823 est
1517 2756 1671 2826 clemens
1683 2770 1828 2848 propter
1843 2757 2083 2847 clementiam,

1320 2846 1416 2940 Ergo
1434 2853 1619 2928 clementia
1640 2874 1692 2928 cst
1708 2861 1818 2948 magis
1833 2860 1999 2930 clemens.

1268 2947 1373 3022 Hanc
1396 2957 1597 3027 orationem
1618 2960 1754 3050 respuit
1776 2965 1998 3060 consuetudo
2021 2986 2155 3037 sermo-

1168 3049 1242 3135 nis,
1267 3065 1301 3123 et
1318 3057 1456 3126 erudita
1475 3073 1665 3147 causaest,
1692 3084 1756 3130 cur
1770 3062 1815 3132 sit
1830 3061 2035 3134 reiicienda.

1267 3150 1339 3224 Nec
1366 3173 1505 3250 semper
1530 3162 1623 3232 valet
1648 3163 1687 3232 in
1721 3163 1890 3252 gradibus
1924 3165 2152 3241 efficientium

1166 3276 1368 3343 causarum,
1394 3274 1450 3329 ut:

1320 3355 1477 3431 Ovidius
1492 3377 1544 3434 εει
1558 3368 1661 3455 po'e'ta
1677 3380 1824 3457 propter
1840 3385 2123 3462 praeceptorem,

1317 3456 1412 3554 Ergo
1429 3478 1633 3555 praeceptor
1647 3468 1715 3537 luit
1733 3470 1844 3558 magis
1863 3473 1980 3562 poeta.

1266 3559 1350 3635 Non
1366 3567 1459 3637 valet
1474 3570 1725 3660 consequentia
1751 3570 1788 3637 in
1812 3572 2046 3644 efficientibus
2070 3600 2152 3666 par-

1164 3662 1329 3747 tialibus,
1356 3669 1470 3737 necin
1492 3669 1610 3738 minus
1633 3671 1909 3761 principalibus,
1934 3697 2000 3745 nec
2029 3677 2069 3744 in
2096 3702 2152 3749 rc-

1163 3767 1279 3853 motis‚
1305 3792 1370 3838 nec
1386 3771 1430 3839 de
1447 3771 1638 3856 effectibus,
1666 3774 1726 3866 qui
1743 3786 1827 3842 sunt
1841 3776 2073 3864 privationes,
2095 3794 2149 3850 ut:

1315 3868 1485 3941 Tiberius
1499 3873 1631 3944 insanit
1649 3887 1793 3965 propter
1808 3876 1952 3962 vinum,
1972 3920 1975 3925 -

1315 3968 1411 4063 Ergo
1426 3974 1549 4043 vinum
1569 3977 1679 4066 magis
1695 3977 1839 4050 insanit.

1264 4072 1406 4147 Insania
1422 4077 1516 4145 enim
1533 4079 1683 4167 privatio
1701 4093 1762 4161 est,
1787 4091 1864 4147 orta
1881 4102 1921 4148 ex
1938 4081 2151 4154 confusione

1162 4177 1354 4269 spirituum
1369 4178 1409 4247 in
1424 4179 1581 4248 cerebro.
1634 4179 1706 4250 Nec
1724 4180 1847 4249 vinum
1864 4203 1966 4251 causa
1985 4187 2150 4271 proxima

1163 4293 1222 4351 est·
1239 4280 1415 4360 insaniae,
1458 4283 1518 4351 sed
1546 4276 1677 4354 balitus
1703 4281 1758 4351 illi
1792 4294 2034 4355 exaestuantes
2066 4302 2152 4360 sunt

1163 4382 1323 4473 proxima
1338 4406 1450 4454 causa.

1262 4480 1332 4555 Hic
1347 4485 1533 4556 disseritur
1548 4485 1593 4553 de
1608 4484 1703 4556 dicto
1712 4481 1923 4573 Augustini:
1947 4481 2147 4580 Evangelio

1160 4609 1234 4655 non
1258 4587 1459 4671 crederem,
1484 4587 1555 4655 nisi
1577 4611 1633 4657 me
1648 4585 1827 4660 Ecclesiae
1851 4581 2045 4659 catholicae
2068 4617 2149 4663 mo-

227 4671 319 4745 Cum
335 4697 376 4742 ex
390 4673 503 4743 causis
523 4697 599 4743 non
619 4671 875 4744 sufficientibus
896 4673 1110 4747 affirmamus
1160 4702 1256 4759 ver-et
1284 4690 1466 4762 autoritas.
1518 4685 1615 4758 Hinc
1639 4703 1762 4760 contra
1782 4689 1975 4778 Augustini
2000 4707 2160 4765 senten--

127 4776 225 4868 sequi
242 4777 424 4861 effectum,
451 4798 525 4844 non
541 4775 634 4846 valet
648 4789 914 4863 argumentum,
940 4787 996 4845 nt:

262 4874 470 4969 Pompeius
495 4872 602 4948 babet
626 4878 815 4948 exercitum
842 4901 961 4971 parem
986 4878 1108 4948 multi-

329 4979 455 5050 tudiue
470 4979 638 5049 exercitui
654 4975 759 5060 Iulii,
845 5064 848 5072 Ι

276 5068 515 5172 Ergobincct.

225 5195 307 5269 Non
328 5201 423 5271 valet
446 5199 716 5292 consequentia,
750 5198 834 5292 quia
858 5213 1046 5291 apparatus
1071 5215 1106 5272 et

1159 4789 1244 4863 tiam
1263 4791 1374 4861 multa
1389 4792 1476 4861 falsa
1489 4804 1717 4861 extruuntur:

1311 4886 1508 4984 Evangelio
1550 4892 1709 4964 creditur
1744 4908 1888 4986 propter
1919 4896 2148 4969 autoritatem

1272 5061 1276 5068 .
1363 4993 1563 5079 Ecclesiae,

1309 5092 1403 5187 Ergo
1420 5094 1576 5168 Ecclesia
1594 5096 1709 5166 maior
1722 5112 1773 5170 εει
1787 5096 1970 5168 autoritas.

1256 5190 1305 5268 Et
1327 5199 1439 5269 multa
1465 5194 1522 5268 hic
1543 5200 1832 5284 accumulantur,
1864 5195 1961 5289 Ergo
1985 5193 2148 5273 Ecclesia

123 5299 242 5391 copiae
269 5326 345 5373 non
376 5316 461 5372 sunt
490 5299 668 5372 sufficiens
693 5322 796 5373 causa
821 5299 1011 5380 victoriae,
1032 5292 1103 5371 ¹sed
1154 5311 1268 5393 potest
1294 5301 1448 5381 condere
1467 5303 1631 5392 dogmata
1653 5317 1688 5375 ει
1708 5303 1820 5393 leges,
1847 5300 1922 5373 sive
1943 5317 2147 5388 congruant

31 5435 36 5443 ·
118 5403 230 5473 multa
253 5403 321 5475 alia
344 5426 554 5475 concurrere
577 5415 736 5497 oportet,
757 5400 933 5479 auxilium
953 5398 1037 5490 Dei,
1062 5403 1100 5483 ip
1126 5420 1140 5481 2¹
1154 5424 1233 5473 cum
1249 5396 1466 5495 Evangelio,
1491 5404 1566 5493 sive
1581 5428 1658 5477 non
1675 5417 1887 5494 congruant.
1920 5403 2146 5495 Simpliciter
