4538 5754
121 279 218 355 1015
617 247 620 255 ’
714 273 840 349 ento
866 272 985 348 neu.
1011 272 1222 350 scotera
1248 273 1552 350 annocum.
2052 281 2175 354 1016'

118 447 188 544 κὴν
203 444 374 545 λατρείαν
382 445 486 520 Rom.
503 448 560 521 12.
571 447 606 515 id
622 459 683 528 cst,
706 445 841 516 cultum
856 447 917 541 qui
933 470 1007 517 non
1023 460 1104 518 tan-
1155 461 1234 540 post
1257 471 1297 517 ca
1312 448 1489 537 lingebant
1505 448 1735 518 mactationes
1754 472 1827 521 esse
1844 450 1966 521 cultus
1983 475 2024 520 ex
2045 474 2141 542 opere

119 566 196 623 tum
224 553 270 622 sit
300 565 463 621 externus
489 563 617 639 gestus.
669 544 740 618 Sed
776 549 814 615 in
842 572 912 640 quo
940 550 1105 636 cogitatio
1155 563 1320 640 operato,
1353 563 1387 618 et
1425 549 1554 618 mereri
1584 551 1826 621 remissionem
1856 567 2084 643 peccatorum
2112 569 2139 622 et

121 676 203 722 vere
218 653 398 723 intueatur
412 664 447 722 et
462 651 661 720 sentiantur
678 650 716 716 in
739 649 844 718 corde
861 650 967 719 timor
982 651 1046 721 Dei
1073 667 1106 721 et
1157 652 1225 720 alia
1250 652 1361 735 bona,
1395 651 1483 721 sicut
1509 647 1728 739 Papistarum
1750 655 1873 746 opinio
1895 667 1948 724 est
1964 655 2010 722 de
2032 654 2138 724 Missa.

122 757 207 823 fides
223 755 444 848 acquiescens
459 753 497 821 in
513 750 602 826 Deo.
653 747 801 820 Externi
817 764 933 839 gestus
954 755 1029 820 sine
1046 778 1106 822 co·
1157 751 1259 822 Hanc
1289 750 1493 822 caecicatem
1525 749 1724 845 Prophetae
1750 779 1852 844 saepe
1877 769 2013 827 taxant.
2065 755 2135 827 Post

93 830 102 860 Ι
122 854 289 946 gitatione
306 855 492 939 interiore,
521 853 597 924 sinc
614 853 741 922 timore
757 867 792 921 et
806 853 874 921 lide
890 868 972 923 sunt
989 852 1107 952 ἄλογα
1158 878 1233 922 eam
1255 848 1565 945 reprehensionem
1589 856 1686 925 addit
1710 851 1907 925 Malachiae
1934 859 2133 947 praedictio·

123 981 228 1048 opera
261 959 351 1027 sicut
378 970 494 1046 gestus
524 957 719 1045 pecudum,
747 955 807 1045 qui
838 979 911 1023 non
937 971 1109 1045 reguntur
1157 980 1238 1025 nem
1263 957 1307 1023 de
1328 979 1411 1024 vero
1437 956 1553 1039 cultu,
1581 981 1686 1047 quem
1709 958 1822 1028 deleta
1851 959 1980 1049 politia
2009 959 2132 1028 ludaico

121 1060 346 1150 cogitatione.
1157 1057 1252 1130 Deus
1267 1055 1419 1126 affirmat
1442 1079 1478 1126 se
1501 1058 1777 1129 instauraturum
1803 1083 1876 1128 esse
1898 1060 1998 1130 inter
2018 1079 2130 1149 gentes,

223 1159 321 1231 Haec
342 1160 437 1229 dicta
461 1172 545 1228 sunt
570 1152 824 1228 ut·Malachiae
842 1160 964 1227 concio
982 1160 1108 1229 melius
1158 1173 1263 1251 atque
1281 1160 1329 1228 ita
1346 1159 1549 1228 consolatur
1562 1183 1644 1237 nos,
1673 1183 1712 1230 us
1730 1162 1880 1231 sciamus
1904 1162 2043 1254 aliquas
2061 1167 2129 1233 reli·

122 1263 358 1352 intelligatur,
392 1284 481 1352 quae
524 1273 618 1330 taxat
653 1282 788 1328 caecam
824 1261 1108 1351 superstitionem
1158 1263 1258 1353 quias
1284 1257 1461 1328 Ecclesiae
1491 1282 1672 1329 mansuras
1705 1286 1788 1336 esse.
1840 1261 1926 1330 ldeo
1951 1263 2056 1333 dicit:
2086 1269 2129 1335 tt

123 1365 247 1455 populi
264 1378 304 1434 et‘
319 1364 557 1447 sacerdotum,
584 1359 646 1453 qui
666 1375 766 1431 erant
788 1361 863 1430 sine
880 1363 1110 1432 conversione
1158 1376 1239 1432 ortu
1263 1361 1357 1431 Solis
1379 1385 1489 1454 usque
1512 1364 1554 1429 ad
1582 1386 1740 1432 occasum
1764 1387 1931 1453 magnum
1947 1378 2000 1436 est
2018 1391 2127 1437 nomen

124 1467 169 1534 ad
190 1462 326 1548 Deum,
360 1464 436 1535 sine
460 1463 586 1533 timore
603 1459 694 1547 Dei,
719 1463 796 1532 sine
821 1464 950 1532 noticia
970 1464 1108 1534 Media·
1157 1486 1276 1532 meum
1301 1465 1337 1529 in
1361 1464 1544 1552 gentibus,
1572 1463 1609 1531 id
1634 1479 1701 1549 est,
1726 1465 1875 1555 fulgebit
1907 1467 2041 1538 noticia
2062 1493 2125 1538 rere

125 1567 229 1654 toris,
255 1567 331 1636 sine
356 1566 539 1637 intellectu
564 1563 835 1650 sacrificiorum,
861 1566 936 1633 sine
963 1567 1050 1651 fide,
1076 1582 1109 1636 et
1159 1562 1225 1635 Dei
1240 1565 1333 1634 inter
1353 1579 1483 1654 gentes.
