4538 5754
110 244 212 331 roos
379 276 381 281 ·
646 234 763 327 'us
790 238 1519 366 commurmurat-rmntios.
1749 197 1753 207 ’
2039 258 2138 337 1000
2218 296 2222 303 ,

104 418 153 498 de
169 424 563 517 contesimapeecati,
583 427 628 495 de
642 425 848 497 discrimine
867 450 972 497 verae
993 428 1096 501 insti-
1147 421 1269 492 omnis
1283 417 1457 494 Sanctus.
1498 419 1621 492 Sancti
1637 445 1713 494 nou
1731 425 1951 499 satisfaciunt
1966 427 2047 519 legi,
2059 454 2134 508 nnn

105 531 182 599 ciae
204 522 734 622 arrogantiae'hypocritarum,
760 530 805 598 de
823 530 937 601 causis
952 531 1097 600 calami·
1145 542 1229 598 sunt
1243 525 1328 597 iusti
1343 525 1551 616 impletione
1567 523 1673 615 legis:
1699 530 1760 597 sed
1781 525 1898 617 adhuc
1921 552 2039 601 secum
2062 531 2132 606 cir-

104 626 491 715 tatumhumanarum,
515 631 656 700 devera
673 631 926 717 consolatione,
952 633 1096 725 quaein
1146 629 1347 697 cumferunt
1384 626 1496 696 multa
1535 626 1623 697 vitia
1654 629 1844 717 interiora,
1882 633 2131 725 dubitationes,

104 731 264 818 Ecclesia
276 732 430 821 traditur
448 732 487 800 iu
505 732 665 802 doctrina
680 734 726 801 de
743 755 856 802 cruce.
907 731 1004 804 Haec
1022 746 1095 805 tota
1145 729 1399 813 diffidentiam,
1431 727 1654 799 securitatem
1676 745 1711 802 ει
1732 733 1802 803 alia
1817 734 1930 815 mala,
1955 758 2045 827 quae
2068 728 2130 806 ex·i

104 833 271 903 doctrina
294 844 447 903 extract
478 857 582 930 supra
602 829 865 925 philosophiam
889 849 924 906 et
946 836 1095 907 rationis
1144 842 1292 901 tenuant
1320 825 1544 923 hypocritae,
1587 832 1648 900 sed
1679 830 1799 907 Sancti
1831 850 2027 927 agnoscunt
2056 856 2130 909 esse

104 929 286 1004 humanae
304 934 476 1003 iudicium
501 935 613 1025 posita
635 948 704 1018 est,
731 951 765 1005 et
784 937 1016 1008 discernenda
1043 951 1095 1007 est
1144 945 1303 1022 peccata,
1327 945 1362 1001 et
1374 944 1500 1023 petunt
1519 933 1836 1022 condonationem,
1852 949 1885 1005 et
1902 938 2129 1030 acquiescunt

101 1058 127 1108 a
151 1036 241 1125 lege.
291 1032 357 1107 Est
382 1036 477 1104 enim
499 1059 567 1105 vox
592 1032 797 1126 Evangelii,
822 1038 860 1106 in
884 1064 955 1132 quo
974 1036 1094 1130 patefit
1143 1035 1183 1101 in
1203 1033 1365 1104 doctrina
1388 1027 1496 1103 huius
1511 1031 1660 1120 Psalmi,
1686 1035 1802 1110 sciunt
1815 1032 1979 1106 homines
1999 1040 2049 1110 ita
2070 1040 2129 1110 iu-

104 1158 236 1206 srcaua
258 1136 423 1206 voluntas
444 1138 488 1204 de
510 1138 662 1225 gratuita
694 1138 915 1209 remissione·
930 1153 1092 1236 peccato·
1142 1147 1213 1204 stos
1230 1156 1319 1216 esse,
1343 1133 1427 1226 quia
1441 1137 1768 1226 peccatumtegitur
1782 1150 1816 1209 et
1830 1162 1904 1208 non
1918 1139 2126 1231 imputatur.

106 1259 209 1316 rum,
235 1238 329 1306 etde
346 1259 427 1307 vera
447 1238 689 1307 consolatione
704 1240 743 1307 in
760 1262 873 1311 cruce.
927 1239 1011 1311 ldeo
1028 1264 1092 1311 au·
1241 1228 1399 1314 Πάθοςε
1429 1230 1536 1328 Ergo
1551 1237 1591 1304 in
1607 1235 1844 1308 tribulatione
1867 1235 1923 1308 ad
1944 1248 1976 1310 tc
1995 1241 2127 1338 consu-

105 1349 179 1407 tem
204 1331 264 1406 hic
285 1335 446 1409 Psalmus
469 1339 576 1407 variis
596 1340 949 1430 interpretationibus
970 1356 1093 1413 conta·
1138 1333 1258 1429 giam.
1311 1334 1385 1424 Qui
1401 1335 1569 1426 ignorant
1584 1333 1678 1408 hanc
1692 1341 1890 1411 doctrinam
1906 1343 1951 1411 de
1972 1345 2127 1432 gratuita

104 1436 263 1509 minatus
284 1451 356 1522 εει,
384 1440 468 1533 quia
491 1441 594 1532 pauci
616 1455 709 1511 recte
729 1441 934 1531 intelligunt
957 1443 1092 1514 doctri·
1141 1438 1369 1520 remissione,
1395 1437 1436 1505 in
1455 1439 1715 1510 calamitatibus
1739 1441 1898 1512 iudicant
1919 1465 1956 1513 se
1979 1458 2127 1535 propter

104 1561 190 1607 nam
208 1540 252 1608 de
270 1541 422 1628 gratuita
442 1541 651 1610 remissione
665 1556 905 1632 peccatorum,
931 1559 965 1616 ει
988 1545 1091 1616 multi
1140 1553 1315 1631 peccataa
1336 1536 1412 1608 Deo
1441 1539 1570 1629 abiici,
1595 1553 1636 1610 ut
1657 1542 1777 1635 iuquit
1792 1543 1899 1616 Cain:
1932 1542 2052 1614 Maius
2075 1559 2128 1615 est

102 1638 278 1709 ineruditi
292 1641 517 1711 confundunt
529 1665 657 1732 genera
673 1644 937 1729 doctrinarum,
960 1645 1090 1735 Legem
1140 1654 1320 1731 peccatum
1336 1663 1473 1725 meum,
1497 1664 1603 1735 quaro
1617 1655 1657 1713 ut
1673 1645 1805 1715 remitti
1820 1644 1942 1735 possit.
1975 1641 2025 1716 At
2039 1640 2125 1714 haec

103 1752 139 1810 et
149 1736 401 1830 Evangelium.
439 1738 582 1813 Ordine
599 1757 715 1814 autem
731 1745 990 1838 propositiones
1005 1770 1090 1817 con·
1140 1742 1303 1812 doctrina
1317 1754 1458 1810 revocat
1472 1741 1633 1812 animum
1650 1767 1690 1813 ax
1706 1745 1848 1830 inieris,
1872 1767 1952 1816 cum
1967 1746 2124 1815 ostendit

103 1840 316 1912 siderentur.
1140 1857 1233 1913 certo
1257 1841 1365 1933 gratis
1390 1842 1523 1913 remitti
1540 1857 1698 1934 peccata,
1723 1861 1758 1918 et
1773 1844 1890 1917 Deum
1914 1848 2125 1938 praecipere,

205 1938 350 2012 Primus
365 1954 399 2011 et
413 1946 590 2015 secundus
605 1967 726 2017 versus
740 1947 927 2019 continent
947 1969 1089 2041 expres·
1139 1957 1179 2015 ut
1194 1944 1263 2014 lide
1278 1956 1437 2035 petamus
1453 1942 1707 2015 remissionem.

99 2064 178 2113 sam
201 2054 237 2112 ει
257 2042 479 2141 perspicuam
496 2047 775 2137 propositionem
798 2050 843 2119 de
862 2050 1015 2138 gratuita
1032 2073 1090 2119 re·
1240 2042 1414 2115 Inseritur
1435 2043 1647 2135 promissio,
1680 2047 1720 2117 in
1740 2070 1810 2143 qua
1830 2044 1928 2118 Deus
1949 2046 2125 2139 promittit

99 2143 273 2214 missione
301 2157 540 2235 peccatorum:
579 2142 657 2218 Ille
676 2157 728 2217 cst
752 2146 880 2219 heatus
904 2158 936 2219 ct
959 2150 1088 2235 iustus,
1137 2168 1173 2215 se
1201 2146 1293 2216 velle
1314 2140 1407 2213 hanc
1427 2145 1625 2217 doctrinam
1652 2148 1730 2240 pios
1752 2151 1898 2234 docere,
1929 2149 2014 2243 quia
2046 2147 2123 2225 sine

100 2243 164 2314 cui
186 2243 385 2315 remittitur
403 2254 606 2342 peccatum,
637 2250 675 2318 id
698 2264 768 2336 εει,
791 2274 896 2345 quem
912 2250 1009 2321 Deus
1031 2275 1088 2322 re·
1136 2248 1215 2317 luce
1230 2246 1353 2317 divina
1374 2269 1447 2314 non
1462 2246 1601 2322 tollitur
1616 2242 1825 2344 hypocrisis.

99 2346 216 2436 cepit,
240 2347 376 2417 etiamsi
391 2347 580 2438 indignum
602 2362 636 2420 et
660 2347 776 2421 adhuc
799 2348 987 2423 habentem
1008 2376 1087 2422 sor·
1238 2346 1359 2417 Tertia
1384 2348 1598 2441 propositio,
1624 2349 1836 2444 Principalis
1852 2372 1955 2423 causa
1977 2350 2122 2441 calami·

99 2447 165 2516 des
185 2448 226 2517 in
248 2443 315 2519 bac
335 2449 468 2518 carnali
491 2463 631 2521 natura.
690 2449 771 2521 Non
795 2466 940 2544 propter
959 2455 1084 2524 merita
1135 2462 1249 2520 tatum
1268 2444 1509 2518 humanarum
1529 2464 1602 2536 est,
1636 2475 1729 2538 nou,
1760 2467 1801 2525 ut
1824 2447 2030 2544 philosophi
2051 2476 2120 2544 pu·

99 2561 245 2639 nostra,
270 2573 345 2620 non
359 2564 503 2642 propter
516 2552 664 2623 virtutes
678 2566 835 2638 nostras,
862 2557 925 2625 sed
942 2568 1087 2646 pmpter
1135 2563 1232 2636 tant,
1256 2549 1418 2634 materia,
1439 2551 1500 2618 sed
1515 2565 1696 2641 peccatum
1714 2552 1753 2623 in
1778 2566 1907 2629 natura
1922 2549 2120 2626 homiuum.

97 2648 224 2722 Deum
244 2651 482 2747 ‘recipientem
515 2675 582 2721 nos
613 2675 675 2724 sua
705 2654 969 2740 misericordia,
1003 2658 1086 2726 data
1134 2649 1235 2720 Mors
1259 2666 1295 2724 et
1316 2651 1406 2721 aliae
1428 2650 1590 2722 miseriae
1610 2647 1787 2727 humanae
1802 2671 1887 2727 sunt
1911 2677 2029 2729 carcer
2050 2652 2120 2725 tm-

98 2750 359 2842 promissione,
394 2773 517 2822 sumus
550 2753 645 2824 iusti.
707 2751 805 2826 Haec
839 2770 891 2828 est
924 2757 1084 2827 doctrina
1134 2751 1294 2842 piorum,
1322 2750 1384 2846 qui
1405 2751 1556 2825 debebat
1589 2747 1753 2831 homines
1783 2757 1975 2827 admonere
1997 2756 2042 2825 de
2067 2753 2120 2824 ira

98 2875 209 2946 quarn
232 2848 365 2922 Paulus
387 2852 528 2943 copiose
548 2868 689 2926 enarrat
709 2855 749 2923 in
771 2854 932 2948 Epistola
948 2859 993 2927 ad
1006 2854 1086 2929 Ro·
1132 2850 1204 2922 Dvi
1221 2855 1389 2922 adversus
1411 2866 1610 2943 peccatum:
1642 2843 1788 2927 Choma
1804 2864 1836 2925 ct
1843 2854 1961 2952 freno
1974 2850 2119 2925 maxil-

97 2974 244 3036 manos,
267 2954 331 3022 ubi
345 2948 474 3023 horum
488 2977 654 3024 versuum
670 2957 912 3028 testimonium
929 2958 1024 3031 citat.
1133 2949 1195 3022 las
1218 2975 1340 3022 eorum
1365 2948 1600 3046 constringis,
1621 2977 1700 3026 cum
1719 2980 1793 3027 non
1813 2951 2121 3054 adpropinquant

202 3052 398 3144 Sequentcs
413 3053 578 3127 versiculi
593 3056 792 3149 loquuntur
805 3061 850 3127 de
863 3059 1081 3129 confessione
1132 3048 1189 3123 ad
1204 3062 1249 3126 ts.
1310 3052 1492 3143 Vagantur
1523 3049 1712 3126 horribiles
1742 3081 1877 3157 poenae
1910 3083 1974 3148 per
2003 3069 2118 3127 totum
2188 3100 2193 3107 ·

97 3155 249 3246 peccati:
275 3148 328 3223 In
354 3152 458 3225 cuius
481 3153 618 3253 spiritu
639 3179 713 3225 non
739 3166 791 3227 cst
807 3154 935 3242 dolus,
961 3160 999 3229 id
1022 3173 1084 3244 εει,
1132 3157 1325 3238 mundum,
1357 3153 1533 3240 Sodoma,
1563 3152 1763 3251 Aegyptus,
1788 3156 2021 3253 lerosolyma,
2046 3154 2119 3225 Ba·

98 3254 164 3325 nbi
185 3269 240 3326 est
262 3256 394 3344 agnitio
418 3269 451 3326 ει
476 3258 647 3328 confessio
664 3260 815 3348 peccati,
843 3261 929 3332 item
948 3261 1082 3350 agnitio
1132 3257 1263 3349 bylon,
1287 3254 1404 3328 Rome
1419 3255 1592 3330 delentur.
1643 3255 1711 3327 His
1725 3259 1893 3351 exemplis
1920 3273 1956 3329 et
1980 3259 2124 3353 coercet

97 3355 360 3427 misericordiae
377 3371 411 3427 et
428 3358 619 3447 promissae
634 3361 807 3449 gratuitae
823 3361 1081 3432 reconciliatio·
1112 3353 1228 3439 ¹Deus
1252 3356 1396 3448 impios,
1430 3368 1465 3426 et
1489 3360 1761 3432 commonefacit
1785 3383 1908 3430 omnes
1938 3354 2117 3437 homines,

96 3456 154 3525 uis
169 3455 238 3526 lide
251 3453 519 3550 apprehendens
534 3459 796 3546 remissionem,
810 3461 848 3530 in
863 3463 924 3532 tali
940 3475 1082 3561 pectore
1132 3471 1173 3529 ut
1189 3471 1380 3548 agnoscant
1394 3453 1509 3527 Deum
1531 3482 1612 3529 vere
1634 3461 1738 3532 irasci
1752 3460 1921 3552 peccatis,
1945 3473 1979 3531 et
2005 3456 2122 3551 aliqui

97 3579 173 3627 nou
187 3574 239 3630 εει
256 3553 471 3655 hypocrisis,
496 3582 665 3651 arrogans
678 3561 748 3630 sibi
762 3561 949 3639 iusticiam.
1133 3560 1176 3629 ad
1198 3557 1313 3631 Deum
1330 3572 1593 3643 convertantur.
1898 3635 1911 3653 .

199 3649 296 3730 Cum
319 3667 491 3754 tacerem,
518 3683 603 3730 ossa
621 3683 702 3730 meu
719 3658 962 3761 langucfacta
983 3670 1082 3745 sunt,
1222 3659 1358 3750 Quarta
1377 3660 1585 3752 propositio,
1601 3657 1754 3754 Utrique
1766 3660 1820 3755 pii
1835 3675 1869 3732 et
1886 3661 1987 3756 impii
2005 3650 2118 3730 m'orte

96 3758 135 3833 id
150 3773 222 3842 est,
247 3760 285 3829 in
301 3784 431 3851 pavore
445 3775 480 3831 et
498 3762 610 3848 lucta,
637 3764 842 3858 priusquam
863 3765 1082 3835 confessione
1131 3762 1268 3831 onerati
1289 3774 1391 3846 sunt,
1421 3774 1456 3829 et
1487 3756 1676 3831 horrendis
1703 3763 1961 3834 calamitatibus
1992 3783 2115 3832 excru-

96 3861 269 3952 gratuitae
279 3861 498 3931 remissionis
516 3862 680 3953 erigeres,
696 3889 786 3956 pene
803 3865 976 3937 extinctus
991 3889 1081 3939 urm.
1132 3862 1281 3935 ciantur.
1312 3859 1382 3932 Sed
1399 3860 1501 3953 impii
1517 3862 1751 3935 succumbunt
1767 3885 1806 3933 ac
1821 3876 1933 3935 ruunt
1947 3862 1987 3932 in
2004 3874 2116 3933 aeter·

96 3958 187 4032 Cum
203 3959 300 4032 Deus
312 3963 467 4033 ostendit
488 3964 593 4034 nobis
613 3979 794 4057 peccatum
811 3967 1082 4059 expavescimus,
1132 3984 1219 4032 num
1241 3960 1405 4046 exitium,
1439 3962 1523 4054 quia
1558 3961 1689 4035 nolunt
1717 3964 1843 4035 audire
1871 3963 2117 4036 remissionem

96 4061 453 4156 mtnqnitleeemias:
477 4062 668 4160 Postquam
681 4068 867 4137 ostendisti
884 4064 986 4154 mihi,
1000 4091 1081 4161 per·
1131 4076 1365 4156 peccatorum.
1405 4057 1561 4133 Econtra
1585 4087 1669 4134 vero
1688 4078 1849 4167 petentes
1868 4062 2113 4136 remissionem

96 4163 187 4233 masi
202 4165 319 4234 lemur
332 4188 450 4234 meum
468 4178 533 4240 etc.
1131 4178 1372 4254 peccatorum,
1396 4162 1514 4234 sciunt
1528 4186 1564 4234 se
1581 4181 1727 4258 propter
1743 4179 1923 4259 peccatum
1940 4164 2115 4235 subiectos
2138 4197 2140 4201 Α

198 4260 370 4356 Sequitur
392 4265 555 4357 repetitio
573 4277 606 4335 ει
621 4267 811 4338 declaratio
826 4266 1081 4360 propositionis
1132 4289 1204 4334 esse
1220 4264 1375 4334 mortiet
1392 4263 1471 4333 aliis
1488 4265 1658 4353 miseriis,
1683 4269 1744 4336 sed
1770 4280 1886 4337 tamen
1909 4289 1983 4335 non
2006 4262 2114 4337 abiici

96 4362 319 4457 principalis:
354 4365 403 4436 sic
437 4367 667 4460 consequitur
695 4361 803 4437 homo
836 4369 1078 4439 remissionem
1130 4361 1241 4436 aDeo
1259 4377 1403 4457 propter
1418 4358 1481 4433 has
1498 4388 1638 4455 poenas.
1686 4363 1871 4437 Sustinent
1886 4366 1995 4457 igitur
2009 4386 2114 4436 aeru-

96 4488 176 4536 eum
198 4466 387 4537 confitetur
409 4481 610 4556 peccatum,
642 4482 677 4539 et
696 4468 784 4559 petit
808 4469 915 4559 gratis
943 4469 1077 4542 remitti
1130 4488 1231 4535 mnas
1245 4480 1281 4536 et
1294 4477 1418 4556 petunt
1434 4465 1698 4550 remissionem,
1723 4479 1760 4536 et
1775 4466 1892 4538 sciunt
1907 4490 1944 4539 se
1958 4489 2039 4537 vere
2053 4488 2127 4563 err·⁸

96 4580 241 4658 propter
260 4567 528 4659 promissionem
547 4567 716 4640 divinam.
773 4568 870 4641 Haec
890 4584 942 4642 est
962 4571 1077 4642 dulcis
1128 4567 1246 4637 audiri
1267 4591 1287 4636 a
1307 4566 1407 4652 Deo,
1434 4579 1470 4637 et
1490 4566 1625 4652 iuvari,
1653 4580 1688 4637 et
1708 4568 1852 4643 tandem
1865 4564 2113 4639 liberationem

96 4667 241 4738 etlirma
258 4667 472 4753 consolatio,
498 4692 580 4739 vere
607 4669 754 4740 incoans
769 4671 878 4742 vitam
900 4685 1076 4743 aeternam
1126 4669 1342 4761 propositam
1359 4690 1444 4741 esse.

96 4767 131 4839 in
148 4770 274 4855 corde,
299 4771 395 4862 quod
412 4770 574 4839 adfirmat
598 4792 664 4839 nos
680 4784 774 4841 certo
797 4773 927 4842 donari
952 4773 1076 4855 remis·
1229 4764 1492 4860 Epiphonema:
1519 4761 1742 4838 Lactamini
1762 4766 1801 4837 in
1819 4764 1998 4841 Domino.
2038 4767 2112 4840 Has

96 4870 213 4959 done,
243 4869 383 4949 etiamsi
407 4893 480 4939 non
503 4872 695 4942 adserimus
717 4873 857 4959 merita,
893 4876 952 4943 sed
981 4868 1076 4943 hunc
1128 4870 1388 4940 consolationes
1411 4870 1455 4937 de
1475 4869 1626 4956 gratuita
1643 4870 1864 4956 remissione,
1885 4883 1920 4942 et
1946 4873 1990 4941 de
2009 4871 2110 4943 auni-

96 4973 209 5065 ipsum
231 4972 401 5064 gemitum
424 4984 666 5060 agnoscentem
690 4987 870 5067 peccatum
895 4986 929 5045 et
952 4986 1090 5066 peten-‚
1128 4971 1178 5042 lio
1202 4973 1241 5041 in
1263 4992 1366 5042 cruce
1391 4970 1453 5063 qui
1475 4982 1615 5052 tenent,
1645 4972 1876 5063 experiuntur
1903 4972 1943 5041 in
1973 4972 2111 5062 magnis
2236 5050 2240 5065 1

96 5087 161 5147 ιειιι
178 5073 440 5145 remissionem.
1126 5073 1310 5144 doloribus
1331 5094 1451 5142 veram
1474 5070 1714 5158 levatiouum,
1738 5073 1811 5172 imo
1829 5072 1922 5143 vitae
1947 5087 2109 5151 aeternae

191 5174 357 5248 Secunda
372 5173 588 5266 propositio,
611 5173 814 5245 discernens
826 5170 1027 5269 hypocritas
1041 5186 1076 5246 et
1125 5186 1265 5264 gustum
1295 5186 1329 5244 et
1352 5172 1603 5246 incoationem.
1653 5170 1751 5245 Haec
1774 5186 1848 5246 tota
1868 5175 2046 5263 doctrina,
2069 5185 2111 5243 ut

96 5280 202 5351 'castos
229 5276 310 5345 tide.
361 5271 480 5346 Etiam
504 5276 543 5344 in
566 5273 705 5347 Sanctis
733 5289 852 5348 manet
881 5289 1076 5368 peccatum,
1123 5274 1348 5371 supradixi,
1379 5268 1603 5367 philosophis
1630 5272 1750 5364 ignota
1777 5288 1846 5346 est:
1871 5277 1953 5346 ideo
1967 5275 2110 5352 videtur

96 5382 149 5457 cd
171 5375 370 5452 remitttmr
389 5377 608 5477 petentibus:
637 5368 714 5447 Pro
735 5370 804 5448 hoc
825 5374 949 5451 orabit
970 5371 1026 5448 od
1042 5384 1076 5448 tc
1123 5375 1319 5451 ohscurior.
1368 5369 1580 5471 Philosophi
1599 5375 1723 5449 iubent
1756 5374 1926 5469 tantisper
1951 5370 2107 5446 humana
