4538 5754
121 234 220 308 1003

120 416 152 476 et
166 397 377 473 odorabunt
389 395 597 469 Dominum
612 409 674 474 etc.
722 400 805 472 Non
819 403 889 474 erit
901 403 995 473 salus
1011 417 1108 473 extra

118 504 333 587 Ecclesiam,
359 504 421 594 qui
445 527 518 571 non
542 503 733 575 ascendent
756 516 798 574 ut
819 507 969 576 adorent
991 502 1106 575 Deum

117 595 297 688 Zebaoth,
330 628 404 672 non
428 604 527 692 pluet
546 628 652 696 super
671 628 730 674 eos
750 617 815 678 etc.
868 604 921 676 Ae
941 609 1108 676 nomina-

120 710 182 778 tim
201 708 239 777 fit
255 705 388 774 mentio
405 707 483 775 festi
500 707 829 792 tabernaculorum,
855 708 916 802 qui
931 709 1108 798 siguifica-

48 826 51 831 ’
120 811 180 880 bat
191 831 283 878 nova
300 821 337 877 et
352 819 494 878 aeterna
512 809 749 877 tabernacula.

120 1057 284 1131 Domini
304 1066 501 1139 mercator,
525 1060 561 1128 id
585 1076 655 1144 est,
680 1059 836 1132 Ecclesia
853 1087 934 1131 vera
953 1087 1025 1130 nun
1044 1061 1107 1131 ha-

121 1164 221 1233 bebit
243 1162 426 1253 pontifices
449 1174 483 1230 et
505 1162 665 1231 doctores
686 1163 791 1247 tales,
824 1165 885 1255 qui
914 1165 1048 1234 ventris
1073 1177 1108 1234 et

122 1264 263 1357 imperii
279 1286 382 1335 causa
398 1263 532 1352 fingent
549 1266 765 1355 corruptelas
782 1266 976 1341 doctrinae.

404 1544 533 1597 0121)ss
585 1544 823 1599 centron,

175 1668 218 1739 ln
247 1668 426 1759 prioribus
457 1690 517 1737 ser
538 1666 713 1760 capitibus
732 1668 833 1739 addit
855 1668 1109 1758 praedicationi

125 1774 169 1841 de
195 1769 412 1862 poenitentia
442 1769 699 1840 consolationes
727 1772 771 1839 de
798 1770 1054 1843 instauratione
1075 1785 1110 1843 et

124 1872 329 1943 defensione
346 1864 451 1940 huius
466 1871 627 1961 politiae:

225 1989 486 2061 Convertimini
500 1992 544 2059 ad
558 2014 628 2073 me,
651 2002 685 2059 et
701 2012 765 2080 ego
778 2004 963 2063 convertar
977 1993 1021 2063 ad
1036 2015 1110 2062 vos.

227 2107 303 2197 Ego
317 2132 376 2176 ero
392 2130 514 2178 murus
532 2109 654 2196 igneus
670 2108 708 2176 in
724 2110 873 2179 circuitu
891 2134 1026 2183 eorum.

226 2225 308 2296 Non
326 2225 364 2292 in
380 2227 525 2308 robore,
549 2222 624 2293 nun
641 2225 677 2294 in
695 2225 866 2310 exercitu,
894 2229 953 2296 sed
973 2229 1010 2297 in
1026 2226 1107 2322 Spi-

272 2327 345 2396 ritu
362 2350 459 2411 meo,
482 2326 568 2397 dicit
583 2324 769 2399 Dominus.

714 229 841 304 Pfflb
870 229 985 306 MEL.
1010 226 1224 304 SCRIPTA
1250 225 1549 306 ermestun.

2053 237 2146 311 1004

1211 401 2146 494 luseptimoetoctavoconcionaturdeveriscultibus·

1257 502 1341 574 Non
1360 506 1520 596 praecepi
1537 509 1581 575 de
1596 507 1730 576 ieiunio
1746 519 1810 578 etc.

1260 602 1407 694 Diligite
1424 608 1607 678 veritatem
1624 623 1659 680 et
1672 631 1804 697 pacem.

1212 703 1255 776 ln
1285 707 1434 799 reliquis
1462 709 1636 798 capitibus
1659 710 1747 781 dicit
1769 711 1815 778 de
1837 709 1984 779 interitu
2005 712 2144 801 politiae

1162 807 1346 898 ludaicae‚
1376 823 1455 899 post
1483 813 1676 880 adventum
1707 809 1877 895 Messias,
1909 811 1956 880 de
1986 815 2142 902 passione

225 958 267 1029 ln
283 958 353 1026 fine
368 957 571 1027 dulcissime
587 959 733 1028 dicitnr·
753 953 844 1032 Non
861 958 928 1029 erit
945 957 985 1029 in
1000 955 1108 1030 domo
1159 907 1312 978 Meum
1334 923 1369 980 εἰ
1399 912 1443 978 d‘
1470 911 1649 982 b‘n‘fi‘iss
1678 912 1773 995 ‘5¹¹⁵’
1816 914 1860 980 de
1890 936 1996 982 “⁰⁶⁰
2025 910 2141 984 Belle·

726 1014 732 1028 '
1159 1011 1231 1080 siae
1245 1026 1331 1094 etc„
1357 1014 1401 1081 de
1416 1015 1600 1082 vocatione
1615 1015 1789 1102 gentium:

1261 1109 1446 1182 Adducam
1474 1137 1615 1184 servum
1644 1139 1761 1184 meum
1791 1117 2040 1208 pullulanten‚
2072 1139 2141 1184 cae-

1313 1215 1394 1283 labo
1424 1217 1638 1307 sculpturam
1665 1216 1759 1302 cius,
1791 1222 1949 1289 auferam
1974 1218 2140 1309 iniquita·

1312 1327 1382 1385 tem
1399 1329 1523 1386 terrae.

1261 1413 1400 1487 Educes
1419 1419 1457 1489 in
1479 1420 1651 1511 sanguine
1666 1417 1885 1491 Testamenti
1909 1421 2049 1488 vinctos
2069 1432 2140 1488 tuos

1312 1519 1357 1586 de
1373 1518 1462 1588 lacu·
1507 1550 1522 1579 ο

1260 1613 1456 1691 Effundam
1471 1644 1577 1714 super
1592 1619 1868 1716 domumtDavid
1878 1621 2053 1714 Spiritum
2070 1643 2139 1708 gra·

1314 1720 1384 1791 tiae
1399 1736 1433 1792 et
1447 1747 1604 1812 precum.

1264 1821 1448 1912 Aspicient
1470 1848 1546 1909 rue,
1572 1850 1676 1915 quem
1702 1824 1957 1903 confoderunt,
1981 1823 2141 1914 plangent

1311 1923 1477 1996 familiae.
1639 2014 1642 2020 Ι

1261 2022 1410 2095 Fremea
1426 2027 1594 2097 suscitare
1608 2049 1714 2117 super
1730 2040 1903 2118 pastorem
1923 2048 2063 2114 meum,
2088 2048 2140 2094 su-

1313 2150 1375 2218 per
1391 2129 1505 2197 virum
1525 2128 1723 2219 proximum
1745 2153 1860 2198 meum
1878 2141 1946 2196 etc.
2122 2220 2128 2224 .

1212 2225 1254 2297 ln
1284 2242 1462 2319 postremo
1493 2229 1605 2323 capite
1637 2230 1789 2322 plurima
1820 2229 1991 2299 dicuntur
2012 2231 2055 2297 de
2081 2251 2137 2295 no·

1159 2328 1303 2400 vissimo
1320 2329 1467 2401 iudicio.
