4538 5754
7 2594 13 2606 ·
127 2556 222 2624 euim
243 2567 325 2625 sunt
342 2553 491 2625 arteriae
505 2553 620 2638 solae,
645 2575 719 2620 non
735 2553 922 2623 adiunctae
938 2553 1048 2626 venis.

118 224 169 304 st
359 219 569 329 SCRIPTA
596 223 674 302 PH.
700 221 818 300 MEL.
846 220 914 298 AD
937 221 1067 301 ntst'.
1091 222 1238 306 PROF.
1261 223 1331 305 ΕΤ
1356 226 1549 318 PHILOS.
1576 235 1900 322 SPECTANTIA.
2095 246 2149 327 66

221 390 302 469 Etsi
317 407 434 467 autem
450 390 630 481 existimo,
655 398 801 468 arterias
814 397 889 469 dici
909 398 957 469 ab
970 388 1116 494 sigorim,
1261 395 1322 472 Ad
1347 397 1446 476 hune
1465 405 1572 479 usuro
1597 423 1632 483 ct
1656 408 1769 503 li'gura
1791 408 2055 488 accommodata
2081 431 2147 490 est.

123 501 219 597 quod
233 498 449 569 firmiuscule
470 510 671 588 compactae
692 513 793 584 sunt,
819 514 854 571 et
869 521 978 570 venas
991 523 1109 597 secum
1160 495 1243 570 Nou
1257 502 1352 574 enim
1367 507 1516 596 perinde
1529 512 1638 583 densa
1654 527 1729 601 est,
1753 528 1795 588 ut
1815 529 1971 588 coeterae
1985 520 2150 601 arteriae,

124 603 367 694 suspendunt,
399 623 482 670 nam
502 600 689 669 adiunctae
711 601 812 669 venis
834 615 1051 692 sparguntur
1070 601 1110 671 in
1160 604 1222 672 sed
1242 618 1380 677 constat
1400 631 1473 680 una
1497 612 1635 699 tunica,
1660 629 1701 686 ut
1722 618 1827 688 facile
1841 620 1986 690 dilatari
2004 633 2039 690 et
2060 642 2149 690 con·

122 720 241 793 totum
264 723 408 793 corpus:
438 713 558 771 tamen
580 714 616 771 et
637 695 729 769 hanc
755 703 1003 796 etymologiam
1017 703 1110 773 reci·
1160 703 1287 795 stringi
1315 709 1445 797 possit,
1484 714 1529 782 ad
1560 709 1799 788 exhalandum
1836 733 1871 790 et
1899 720 2147 812 recipiendum

124 821 241 899 temus
266 827 309 872 ex
332 800 449 897 ollicio
475 801 603 871 fictam.
655 799 825 873 Scribunt
840 804 936 872 enim
959 804 1029 873 dici
1052 826 1110 873 ar·
1160 809 1296 891 adrem,
1320 823 1498 898 praeterea
1512 827 1554 884 ut
1568 815 1671 886 laeils
1685 821 1813 890 exudet
1828 822 2036 911 sanguinem
2050 818 2146 891 hali.

126 907 274 990 teriam,
297 904 342 974 ab
358 897 430 997 ἀὴρ
446 915 479 973 et
492 905 616 995 τηρῶ,
641 903 742 996 quasi
764 906 944 975 custodem
965 904 1057 976 aeris
1077 917 1111 974 et
1160 919 1321 992 mosum,
1346 932 1435 980 neve
1449 913 1584 984 duricie
1603 916 1774 1007 impediat
1794 933 1933 992 motum
1951 922 2147 1015 pulmonis.

127 1006 283 1100 spiritus.
336 998 449 1077 Aorta
474 1002 647 1093 significat
667 1002 898 1077 Macedonica
921 1019 1111 1076 consuetu·
1161 1003 1318 1100 Ideoque
1336 1011 1519 1085 nominata
1541 1026 1593 1086 est
1624 1020 1753 1090 arteria
1773 1043 1917 1097 venosa.
1968 1020 2033 1094 Est
2047 1024 2146 1093 enim

128 1109 213 1179 diue
228 1104 411 1196 vaginam,
436 1105 532 1175 unde
546 1118 690 1197 propter
704 1105 976 1176 similitudinem
996 1119 1110 1176 trans-
1159 1108 1303 1178 condita
1327 1116 1513 1204 praecipue
1536 1117 1629 1187 aiiris
1649 1132 1684 1189 et
1698 1120 1843 1211 spiritus
1858 1118 2013 1193 vehendi
2031 1146 2146 1208 causa,

127 1211 198 1280 lata
223 1220 275 1278 est
296 1206 486 1299 adpellatio
509 1209 553 1275 ad
578 1200 674 1276 hunc
696 1206 907 1276 arteriarum
933 1221 1112 1293 truncum,
1159 1221 1329 1280 ettamen
1344 1212 1454 1302 figura
1470 1216 1632 1289 imitatur
1645 1221 1875 1310 gracilitatem
1891 1247 2074 1300 venarum.

126 1323 329 1402 propterea,
362 1308 457 1401 quod
481 1306 527 1376 sit
550 1307 682 1377 canalis
709 1307 892 1401 aliquanto
911 1307 1048 1377 firmior
1077 1322 1111 1379 et

129 1411 294 1496 densior,
320 1433 427 1502 qnam
452 1430 582 1493 venae,
608 1419 644 1479 et
667 1421 707 1480 ut
731 1409 780 1478 ita
804 1408 939 1493 dicam,
962 1409 1110 1498 vaginae

128 1511 268 1582 similis.
320 1508 479 1581 Galenus
501 1508 637 1603 inquit,
663 1508 889 1580 Aristotelem
914 1502 1021 1579 huius
1045 1511 1109 1579 ad-

126 1611 503 1705 pellagponisaumem
518 1634 603 1686 ωε.
652 1607 759 1700 Apud
775 1606 972 1681 Homerum
987 1605 1110 1705 Odys,
1260 1573 1452 1653 Auriculae
1467 1585 1558 1654 duae
1573 1587 1713 1658 additae
1725 1600 1819 1660 sunl.
1870 1584 1994 1662 Altera
2010 1583 2145 1675 dextra,

127 1736 206 1783 segg
229 1707 263 1806 ρ’
285 1714 323 1781 5„
345 1710 584 1803 dggcrspfione
615 1733 718 1800 perae
742 1722 873 1782 nomen
897 1725 948 1783 m
969 1705 1109 1808 ἀορτὴρ
1159 1677 1224 1797 ubi
1240 1703 1325 1798 cava
1348 1706 1437 1753 vena
1457 1687 1666 1775 sanguinem
1689 1688 1729 1757 in
1744 1712 1807 1760 cor
1828 1688 1998 1763 infundit.
2048 1687 2146 1763 Huic

126 1830 192 1906 pm
211 1814 361 1898 circulo,
386 1835 493 1906 aquo
515 1813 692 1905 pendebat
709 1836 802 1905 pm·
1159 1781 1293 1851 orslicro
1317 1783 1439 1867 addita
1461 1800 1513 1857 est
1532 1788 1757 1871 membrana,
1789 1814 1880 1885 quae
1904 1793 2002 1864 sinus
2023 1804 2058 1861 et
2079 1814 2145 1860 an.

1159 1879 1289 1952 fractus
1312 1875 1429 1955 habet.
1481 1881 1525 1954 ln
1549 1881 1613 1958 hos
1632 1889 1810 1981 spargitur
1829 1891 1947 1986 aliqua
1962 1914 2044 1986 pars
2059 1914 2145 1961 san·

226 1945 413 2066 Scinditur
441 1959 558 2017 autem
585 1959 684 2017 aorta
714 1946 900 2037 paululum
928 1960 1024 2018 extra
1048 1969 1111 2017 cor
1158 1981 1294 2071 guinis,
1317 2006 1425 2075 quam
1449 2010 1513 2057 cor
1537 1989 1698 2078 proxime
1721 1985 1858 2076 haum,
1883 2017 1929 2063 ne
1949 1987 2144 2063 vehemen-

127 2062 287 2142 Pwma
310 2073 348 2118 ¹¹¹
380 2050 469 2120 ‘¹⁰⁰⁵
493 2048 643 2136 grand&
667 2070 804 2132 ‘amm’
838 2072 990 2140 q⁰⁰¹⁰¹¹¹
1020 2047 1111 2118 “¹¹⁶⁹
1159 2082 1249 2152 tiore
1270 2085 1478 2156 attractione
1500 2111 1584 2158 cava
1617 2113 1708 2160 vena
1729 2105 1926 2185 rumpatur.
1977 2091 2079 2165 Sicut
2101 2093 2141 2161 iu

124 2150 327 2271 ”flmndst’
352 2162 393 2270 uf
416 2149 579 2239 ⁸Pi'itum
604 2149 745 2218 *dialem
769 2149 1011 2268 ⁸¹¹P‘¹¹:⁰‘ib,¹¹⁸
1028 2171 1110 2239 W·
1159 2195 1232 2256 tota
1255 2181 1420 2256 machina
1447 2181 1596 2258 humani
1623 2191 1784 2281 corporis
1808 2193 1925 2284 opifex
1954 2193 2063 2273 cavit,
2097 2217 2143 2263 ne

126 2254 224 2322 lrlrus
243 2274 403 2343 corporrs
424 2242 594 2333 advehet,
617 2249 706 2318 alter
726 2250 905 2319 descendat
926 2250 1109 2343 aliquanto
1159 2284 1277 2356 subito
1292 2309 1439 2377 magnae
1456 2288 1567 2359 moles
1588 2292 1898 2378 transfundantur,
1924 2295 1984 2363 sed
2007 2293 2142 2387 ubique

127 2352 308 2471 Sfandqu·
367 2347 573 2470 Qcfflffum
595 2363 711 2419 amem
734 2351 841 2419 '³¹⁰5‘
861 2372 972 2420 “¹¹⁸⁸
994 2373 1110 2435 ‘me’
1158 2386 1439 2457 moderationem
1464 2403 1498 2460 et
1520 2392 1759 2461 conlationem
1783 2406 1895 2476 amat,
1922 2407 1956 2464 et
1969 2395 2141 2487 paulatim

127 2479 206 2524 cum
221 2455 351 2548 quibus
373 2452 478 2522 srmul
502 2472 713 2543 percorpus
735 2465 960 2541 sparguntur.
1010 2450 1109 2523 Raro
1158 2485 1241 2557 facit
1255 2488 1699 2582 unquamimffllafiom·

1262 1337 1366 1415 Aliae
1388 1362 1472 1419 sunt
1497 1351 1656 1424 minutae
1678 1353 1871 1446 particulae
1894 1357 2030 1444 cordis,
2056 1379 2146 1452 qua·

1160 1465 1241 1512 rum
1255 1445 1441 1519 fabricatio
1459 1463 1578 1521 tamen
1597 1476 1717 1525 causas
1731 1449 1850 1533 habet.

1258 2618 1411 2693 Sinistra
1438 2606 1523 2693 vero
1548 2623 1707 2694 auricula
1727 2624 1894 2699 adiuncta
1918 2640 1970 2700 est
1991 2629 2140 2700 arteriae

1157 2745 1327 2808 venosus,
1352 2736 1393 2794 ut
1410 2725 1613 2796 contentius
1629 2725 1690 2797 fiat
1707 2726 1800 2796 alitis
1817 2729 2020 2804 transfusio.

1256 2832 1342 2907 Dixi
1358 2836 1566 2909 brevissime
1584 2841 1629 2909 de
1642 2840 1824 2913 auriculis.

1256 2951 1408 3049 Reliqua
1423 2967 1507 3025 sunt
1520 2949 1691 3037 hostiola‚
1715 2958 1883 3029 omnibus
1896 2959 2016 3031 addita
2034 2984 2142 3033 cana

1156 3054 1271 3135 libus,
1301 3056 1389 3126 adeo
1412 3056 1540 3143 exilia,
1572 3070 1614 3127 ut
1634 3057 1826 3130 difficulter
1852 3060 1964 3130 oculis
1987 3062 2141 3134 iudicari

1155 3155 1302 3248 possint.
1353 3155 1519 3245 Quatuor
1541 3159 1698 3244 canales,
1720 3181 1811 3253 quoa
1833 3161 2013 3242 recensui,
2038 3165 2140 3234 vide-

1155 3257 1240 3327 licet
1253 3252 1348 3326 Cava
1364 3278 1471 3341 vena,
1492 3271 1526 3328 et
1540 3280 1629 3328 vena
1643 3255 1831 3330 Arterialis
1849 3261 1887 3328 in
1909 3261 2034 3332 dextro
2050 3288 2141 3335 ven·

1155 3356 1298 3431 triento.
1348 3353 1489 3427 Deinde
1512 3358 1552 3426 in
1572 3359 1717 3429 sinistro
1739 3356 1851 3432 Aort'a
1873 3374 1908 3433 et
1922 3361 2141 3436 Arteria-ve-

1155 3481 1253 3544 nosa,
1272 3458 1488 3528 tenuissimis
1504 3459 1680 3549 pelliculis
1693 3461 1907 3533 clauduntur
1921 3476 1956 3533 et
1971 3465 2140 3555 aperiun-

1156 3573 1233 3645 tur,
1258 3573 1293 3630 et
1317 3558 1462 3651 quidem
1485 3560 1637 3650 singulis
1661 3562 1806 3653 propria
1828 3576 1912 3635 sunt
1931 3559 2139 3637 huiusmodi

1155 3660 1331 3752 opercula.
1368 3657 1445 3729 Hae
1459 3661 1645 3752 pelliculae
1657 3662 1772 3734 dinae
1780 3657 2026 3762 supersparsa,
2053 3668 2139 3761 quia

1155 3762 1287 3833 similes
1304 3773 1388 3832 sunt
1409 3760 1548 3852 cuspidi
1562 3756 1709 3833 babenti
1726 3777 1796 3835 tres
1816 3767 1961 3855 pinnas,
1987 3792 2061 3838 non
2077 3794 2138 3840 so-

1155 3863 1230 3935 lum
1253 3857 1348 3933 hunc
1370 3882 1475 3931 usum
1501 3857 1652 3949 habent,
1684 3877 1725 3935 nt
1742 3861 1976 3956 prohibeant,
2009 3893 2055 3939 ne
2078 3870 2138 3941 ni·

224 3931 309 4005 Dixi
322 3932 530 4006 brevissime
551 3932 596 4002 de
617 3944 728 4003 aorta.
779 3926 909 4002 Oritur
929 3945 1047 4004 autem
1063 3957 1106 4005 ex
1153 3965 1265 4035 mium
1286 3962 1414 4033 influa
1437 3975 1500 4034 „ug
1520 3964 1659 4050 eggan,
1683 3967 1744 4035 ,gd
1765 3965 1870 4036 ,fiam
1897 3981 2031 4057 organa
2051 3986 2137 4044 ,m

122 4036 268 4108 sinistro
285 4016 617 4111 venerierhcosdis
632 4032 773 4104 elallffl
791 4032 934 4113 canili&
960 4034 1023 4126 (1¹¹5
1039 4058 1107 4105 ¹¹⁰·
1152 4064 1384 4137 attractionis.
1436 4060 1528 4134 Nam
1549 4078 1652 4138 motu
1674 4066 1792 4137 cordis
1816 4081 1955 4154 tensae,
1980 4073 2137 4143 tendunt

122 4139 282 4211 minatur
295 4134 438 4256 ,treptia
461 4156 613 4220 venosa,
638 4148 672 4205 et
695 4133 891 4251 porrigitur
912 4134 1106 4254 ῐῐΙΡῦῙῐΡθ·
1154 4180 1188 4238 et
1211 4166 1307 4259 ipsae
1326 4164 1506 4244 canalium
1527 4166 1686 4253 tunicas,
1710 4180 1753 4239 ut
1775 4169 2003 4259 sanguinem,
2028 4173 2137 4266 spiri·

123 4266 217 4315 nem.
267 4236 399 4310 Drffert
414 4247 619 4309 autemnon
636 4235 751 4307 solum
768 4236 898 4325 ligura,
923 4239 983 4305 sed
1000 4249 1105 4309 etram
1153 4280 1244 4354 mm,
1269 4280 1303 4338 eg
1318 4272 1454 4353 agrem,
1477 4290 1582 4361 quem
1599 4268 1770 4348 confines,
1797 4271 1941 4360 pellant,

123 4366 192 4412 usu
215 4365 235 4410 a
258 4365 348 4411 vena
379 4337 555 4427 arteriali,
587 4337 633 4408 de
654 4360 724 4431 qua
751 4358 857 4430 supra
882 4335 1103 4410 dictumest.

122 4440 215 4511 Nam
238 4461 329 4510 vena
350 4438 524 4513 arterialis
543 4462 584 4509 ex
607 4442 729 4509 dextro
745 4437 945 4508 ventriculo
961 4438 1106 4531 sangui-

125 4566 207 4611 nem
238 4533 336 4611 vehit
367 4543 406 4610 in
437 4540 643 4632 pulmonem
670 4538 855 4610 nutriendi
883 4537 959 4630 eius
990 4564 1105 4612 eausa.
1667 4619 1671 4627 ,

125 4642 194 4714 Sed
218 4637 278 4711 hic
299 4642 431 4711 canalis
454 4642 590 4713 sinistri
613 4635 760 4731 thalami
785 4640 1019 4731 ex'polr'none
1041 4642 1105 4711 ad·
1254 4635 1373 4706 Prima
1398 4647 1433 4705 et
1456 4656 1591 4704 summa
1613 4633 1749 4708 utilitas
1773 4649 1845 4723 est,
1874 4637 1970 4732 quod
1994 4639 2134 4734 reliquo

124 4747 193 4816 lert
209 4748 325 4814 adrem
340 4742 572 4831 refrigerandi
584 4741 701 4814 cordis
715 4731 830 4813 causa.
867 4734 994 4812 Adfert
1009 4742 1104 4811 enim
1153 4736 1294 4831 corpori
1306 4736 1387 4809 lons
1403 4751 1437 4808 et
1452 4734 1596 4808 initium
1612 4750 1664 4807 est
1685 4737 1779 4807 vitae
1799 4750 1833 4809 et
1849 4739 1977 4809 caloris
1992 4741 2135 4828 vivilici,

123 4838 264 4916 trachea
284 4849 403 4916 aerem
432 4844 472 4912 in
491 4843 697 4935 pulmonem
727 4855 762 4913 et
779 4836 924 4913 'iunctos
949 4843 1106 4913 ramulos
1151 4841 1226 4911 sive
1241 4832 1535 4921 haecdiscernas,
1560 4837 1635 4907 sive
1650 4837 1744 4907 idem
1762 4859 1835 4907 esse
1851 4839 1958 4914 dicas.
1992 4837 2135 4915 Deinde

125 4947 274 5017 arteriae
290 4967 459 5029 venosae,
484 4944 547 5037 qui
564 4945 721 5035 angustis
742 4943 886 5013 orificiis
909 4949 1024 5014 adrem
1044 4969 1104 5014 ex·
1152 4939 1316 5034 spiritum
1332 4954 1367 5011 et
1387 4935 1483 5009 hunc
1496 4937 1675 5007 sicilicum
1698 4936 1851 5009 calorem
1873 4941 1910 5010 in
1926 4953 2039 5011 totum
2055 4967 2137 5014 cor-

126 5047 280 5141 cipiunt,
304 5061 345 5118 ut
366 5048 410 5117 ad
432 5069 495 5116 cor
510 5047 761 5118 transmittant.
810 5040 982 5115 Rursusa
999 5047 1105 5116 eorde
1153 5065 1220 5135 pus
1247 5041 1389 5133 spargit.
1447 5036 1532 5108 ldeo
1570 5038 1689 5131 inquit
1717 5039 1944 5112 Aristoteles:
1983 5040 2136 5138 Korpdla

123 5142 243 5219 evehit
258 5142 344 5218 haec
357 5148 484 5219 arteria
500 5149 616 5217 fumos
631 5161 667 5218 et
682 5149 800 5218 a'drem
813 5143 921 5214 nimis
940 5147 1105 5231 calidum,
1152 5138 1253 5216 ἐστὶν
1265 5137 1361 5236 ἀρχὴ
1375 5134 1465 5234 βίου
1480 5142 1571 5210 πᾶσι
1582 5136 1729 5232 μέρεσι,
1753 5136 1817 5213 καὶ
1828 5137 2026 5234 μεταδιδοῖ
2041 5145 2134 5242 θερ-

125 5251 189 5321 etsi
211 5272 284 5320 una
312 5243 457 5320 advehit
480 5248 642 5340 pulmoni
672 5248 816 5341 spiritus
846 5234 1103 5318 et‘trterialem
1150 5239 1294 5337 μασίαν
1308 5235 1609 5337 domesticatim,
1632 5238 1696 5316 καὶ
1709 5245 1859 5336 πνεῦμα
1870 5247 1926 5341 τῷ
1941 5240 2135 5347 ἐγκεφάλῳ

124 5352 350 5444 sanguinem,
376 5351 420 5420 ad
439 5350 713 5421 calefaciendum
735 5349 953 5440 pulmonem.
1150 5343 1214 5418 καὶ
1234 5335 1358 5440 ἥπατι.

228 2687 282 2759 Ac
296 2689 492 2758 iucundum
510 2701 560 2758 est
578 2686 801 2756 considerare
822 2710 1031 2759 consensum
1046 2711 1107 2757 ve-

127 2815 254 2860 narum
288 2803 322 2859 et
349 2791 579 2872 arteriarum,
612 2801 646 2858 et
676 2801 798 2858 mutua
830 2787 955 2858 olficia.
1016 2786 1106 2860 Nam

127 2892 275 2963 arteriae
297 2891 398 2960 venis
419 2887 596 2961 adiunctis
619 2913 683 2980 per
710 2888 977 2978 augustissimos
1001 2914 1106 2982 poros

126 3018 166 3062 ac
190 3005 326 3063 meatus
339 2991 548 3084 impertiunt
570 2991 755 3083 spiritum,
780 2990 843 3084 qui
875 2991 992 3062 calore
1013 2992 1108 3064 rita·

124 3092 152 3163 li
182 3094 391 3187 sanguinem
425 3092 610 3178 exuscitet,
643 3092 826 3185 percoquit
853 3104 888 3162 et
909 3107 1105 3164 conservat.

123 3192 265 3268 Rursus
302 3195 407 3265 etiam
443 3193 594 3264 arteriae
632 3188 805 3263 hauriunt
842 3193 1106 3286 aliquantulum

125 3294 308 3387 sanguinis
324 3319 365 3364 ex
382 3295 498 3378 venis,
522 3318 594 3387 quo
612 3289 773 3378 vehitur,
797 3292 933 3384 rigatur
949 3307 983 3365 et
999 3317 1106 3384 auge·

125 3410 185 3466 tur
205 3397 360 3488 spiritus.
415 3393 499 3465 ldeo
523 3394 642 3487 inquit
657 3392 833 3465 Galenus:
867 3389 1107 3467 Συνανεστό-

123 3520 271 3589 μωνται
291 3491 363 3588 μὲν
382 3491 446 3568 καὶ
467 3490 637 3592 ἀρτηρίαι
657 3496 738 3576 ταῖς
764 3490 879 3592 φλεψὶ
903 3492 997 3567 καθ’
1018 3492 1107 3570 iiior

124 3596 167 3669 τὸ
190 3600 309 3689 σῶμα.
362 3592 506 3668 illustre
519 3610 635 3667 autem
650 3598 848 3689 exemplum
863 3595 967 3667 nobis
982 3597 1021 3666 in
1040 3593 1107 3669 hac

124 3699 278 3788 imagine
292 3698 513 3791 propositum
529 3710 580 3769 est
596 3709 739 3768 mutuae
763 3697 1107 3785 communicationis,

124 3802 202 3872 sine
218 3824 286 3895 qua
305 3798 506 3871 conservari
521 3812 647 3871 natura
661 3821 736 3869 non
751 3810 878 3889 potest.

1254 4398 1434 4474 Hactenus
1455 4402 1501 4470 de
1524 4399 1684 4470 aedilicio
1707 4401 1826 4473 cordis
1842 4425 1954 4495 pauca
1968 4403 2137 4485 diximus.

1151 4502 1257 4576 Nunc
1273 4503 1542 4573 considerentur
1554 4501 1692 4575 utilitas
1707 4516 1742 4573 et
1757 4516 1888 4577 motus.
