4538 5754
112 249 200 327 2⁷⁸

509 417 737 490 lnIove.

227 538 387 628 Quando
409 538 585 632 epicyelus
608 550 659 607 est
680 537 770 606 situs
790 536 829 604 in
854 531 1005 602 termino
1030 529 1114 600 lati·

117 640 266 711 tudinis
279 639 579 729 septentrionalis,
600 633 670 708 hoc
684 650 745 722 est,
769 635 865 704 iuxta
882 632 945 708 27.
963 635 1112 722 gradmn

119 739 280 833 Librae,
307 739 454 811 Planets
473 740 580 809 distat
603 740 649 808 ab
664 735 841 828 Beliptiea
856 734 895 802 in
914 733 1062 829 epicycli

375 846 807 909 tw*

365 922 525 1016 Apageu,
650 922 808 1011 Perigeo,

359 1048 418 1093 seu
434 1025 471 1092 iu
487 1038 517 1106 d
650 1044 712 1092 seu
728 1024 765 1091 iu
782 1026 813 1100 ἒ

360 1124 425 1200 Gr.
453 1124 547 1198 Min.
651 1122 719 1194 Gr.
752 1121 847 1192 Min.

389 1229 410 1298 1
478 1225 503 1296 6
676 1227 701 1294 2
783 1219 808 1292 5

407 1348 530 1396 versus
543 1323 833 1417 septentrionem.

209 1422 387 1532 ¹Quando
404 1464 489 1511 vero
513 1442 689 1536 epicyclus
710 1452 804 1511 tenet
828 1437 1044 1508 meridianae
1059 1437 1111 1506 la·

125 1545 294 1615 titudinis
326 1542 495 1612 maximae
519 1542 730 1625 terminum,
764 1540 827 1632 qui
856 1550 907 1609 est
929 1539 1024 1609 iuxta
1050 1535 1111 1611 27.

124 1647 277 1736 gradum
294 1639 447 1723 Arietis,
471 1641 617 1714 Plaueta
632 1643 737 1711 distat
755 1643 801 1710 ab
818 1637 993 1732 Ecliptica
1008 1638 1046 1707 iu

389 1760 805 1799 m·-

363 1809 508 1902 Apogeo
538 1870 541 1876 .
650 1808 798 1893 Perigeo

363 1910 428 1982 Gr.
454 1908 545 1979 Min.
648 1905 713 1976 Gr.
746 1907 841 2005 Min.

388 2013 406 2079 1
484 2009 508 2080 4
679 2011 704 2078 2
783 2008 807 2078 8

451 2132 571 2179 versus
594 2108 788 2177 meridiem.

482 2243 536 2314 ln
575 2242 760 2313 Marte.

226 2362 387 2451 Quando
402 2361 576 2454 epicyclus
592 2372 685 2427 tenet
702 2356 893 2425 terminum
910 2357 1108 2428 latitudiuis

125 2464 303 2534 maximae
318 2460 623 2551 septentrionalis,
650 2457 712 2549 qui
728 2470 779 2528 est
794 2454 843 2526 27
855 2461 952 2545 grad.
967 2456 1109 2545 Leonis,

126 2564 274 2635 Planeta
292 2564 401 2633 distat
415 2563 460 2631 ab
475 2558 646 2650 Ecliptica
662 2560 701 2626 in
718 2558 865 2651 epicycli

419 2690 794 2730 w

361 2749 518 2838 Apogeo‚
643 2744 802 2831 Perigeo,

334 2839 882 2934 mmm-mmm

332 2951 472 3018 iunctus
486 2945 565 3017 Soli
645 2945 781 3036 positus
796 2943 876 3015 Soli
974 2967 977 2970 ·

335 3047 400 3121 Gr.
426 3047 519 3117 Min.
646 3043 710 3115 Gr.
737 3042 829 3118 Min.

359 3151 379 3220 1
448 3147 473 3217 6
593 3220 596 3227 ,
666 3146 692 3215 2
766 3142 790 3214 5

403 3289 524 3337 versus
544 3262 831 3356 septentrionem.

225 3401 383 3492 Quando
401 3424 486 3470 vero
511 3400 687 3493 epicyclns
710 3410 806 3466 tenet
821 3398 1038 3467 meridianae
1056 3399 1108 3466 la-

127 3504 295 3574 titudiuis
321 3504 532 3584 terminum,
564 3500 625 3594 qui
651 3512 703 3568 est
718 3499 780 3570 27.
800 3500 929 3587 gradus
944 3499 1108 3592 Aquarii,

127 3602 275 3678 Planeta
291 3606 398 3676 distat
412 3599 637 3692 abEcliptica
654 3601 692 3669 in
710 3599 856 3692 epicycli

419 3728 800 3771 w

367 3785 524 3880 Apogeo,
652 3784 808 3872 Perigeo‚

368 3910 430 3959 seu
447 3889 485 3957 in
500 3897 537 3967 ό
655 3908 717 3954 seu
733 3886 770 3954 iu
793 3893 817 3960 ι)

366 3987 436 4061 Gr.
459 3986 552 4058 Min.
658 3983 724 4056 Gr.
750 3983 844 4056 Min.

383 4090 409 4157 ⁰
477 4090 502 4158 2
680 4087 705 4154 7
764 4086 814 4156 80

445 4211 567 4258 versus
580 4187 780 4256 meridiem.

721 240 787 319 lli.
837 239 996 318 lNl'l'lA
1020 226 1311 315 DOCTRINAE
1335 224 1591 307 PHYSICAE.

2081 242 2160 319 m

1165 417 1200 473 et
1219 400 1455 471 meridianam
1476 398 1700 469 latitudinem
1730 402 1920 475 maximam
1941 400 2085 493 habeat,
2110 436 2152 482 eo

1167 506 1263 597 quod
1281 515 1428 594 propter
1444 495 1536 570 hauc
1550 500 1663 592 ipsam
1678 502 1890 590 geminatam
1905 509 2152 602 propinquita-

1167 601 1428 697 tem⁸epicycli,
1461 615 1496 672 et
1518 615 1663 692 propter
1687 603 1845 673 eiusdem
1866 607 2152 701 amplitudinem,

1166 706 1286 799 plures
1315 705 1354 772 in
1376 703 1477 772 coelo
1501 719 1617 794 partes
1646 704 1746 773 arcui
1776 706 1976 776 latitudinis
2002 733 2151 802 respon·
2230 769 2234 775 .

1165 810 1282 876 deant.
1349 803 1445 872 Haec
1474 804 1581 872 simul
1623 804 1849 892 contigerunt
1880 822 2002 879 nostra
2038 826 2149 885 aetate

1165 930 1259 977 anno
1274 898 1408 1001 Christi
1427 894 1538 975 1529.
1550 956 1565 987 ‚.
1582 929 1653 996 quo
1669 929 1764 975 auno
1780 905 2019 1000 solymannus
2035 912 2148 1002 impe-

1165 1021 1262 1077 rator
1283 1003 1480 1073 Turcarnm
1514 1029 1593 1072 cum
1626 1004 1761 1090 ingenti
1791 1008 1942 1078 exercitu
1966 1006 2178 1084 Austriam'·

1165 1108 1359 1197 ingressus,
1399 1104 1576 1173 l'ieunam
1608 1105 1816 1199 aliquandiu
1839 1106 1968 1179 frustra
1995 1108 2144 1187 obsedit.

1164 1206 1247 1278 Fuit
1265 1207 1359 1274 enim
1381 1219 1465 1275 tunc
1481 1203 1580 1274 Mars
1595 1230 1712 1276 mense
1730 1205 1822 1279 lulio
1845 1208 1883 1277 iu
1899 1205 2059 1302 Aquario
2079 1239 2146 1306 op·

1164 1308 1298 1399 positus
1313 1306 1409 1390 Soli,
1431 1306 1565 1376 tenenti
1587 1306 1815 1378 undecimum
1832 1310 1980 1398 gradum
2002 1310 2145 1389 Leonis.
2196 1315 2199 1321 ’

1163 1408 1308 1480 Dictum
1340 1421 1392 1476 est
1420 1420 1536 1477 autem
1564 1429 1695 1498 supra,
1728 1409 1933 1480 vicesimum
1957 1414 2145 1502 septimum

1163 1513 1313 1600 gradum
1330 1508 1480 1601 Aquarii
1497 1520 1530 1576 et
1546 1508 1737 1578 terminum
1755 1510 1929 1579 maximae
1943 1512 2143 1585 latitudinis

1164 1610 1328 1680 australis
1352 1631 1425 1678 esse
1441 1605 1572 1692 Marti,
1596 1620 1630 1678 et
1653 1607 1785 1699 perigei
1802 1610 1931 1680 locum.
1989 1612 2036 1684 Et
2061 1616 2145 1708 qnia

1162 1709 1239 1780 Soli
1258 1723 1341 1779 tunc
1360 1722 1434 1779 erat
1450 1708 1651 1799 oppositus,
1676 1709 1745 1780 luit
1760 1711 1866 1781 simul
1890 1711 1993 1782 etiam
2015 1713 2053 1782 in
2070 1717 2144 1807 epi·

1016 1830 1019 1834 ’
1162 1810 1252 1904 cycli
1267 1809 1387 1877 infima
1402 1823 1513 1898 parte.
1539 1809 1660 1898 Quare
1675 1822 1760 1880 tune
1772 1807 1871 1881 Mars
1885 1824 2016 1903 septem
2033 1815 2144 1887 ferme

1161 1911 1328 1999 gradibus
1343 1909 1436 1979 ultra
1451 1904 1659 2001 Eelipticam
1673 1932 1794 1981 versus
1815 1911 2000 1982 meridiem
2025 1938 2144 1986 remo-

1162 2023 1219 2080 tus
1233 2009 1524 2100 conspiciebatur.
1581 2005 1671 2081 Erat
1699 2023 1732 2080 et
1752 2015 1993 2101 retrogradus,
2025 2030 2060 2087 et
2085 2016 2144 2086 iu·
2225 2001 2258 2009 '¹

1161 2110 1288 2182 usitata
1314 2110 1558 2199 magnitudine
1580 2123 1614 2182 et
1639 2105 1817 2180 horrendo
1851 2112 1981 2183 robore
2014 2138 2142 2208 corpus

1160 2210 1273 2302 ipsius
1289 2212 1509 2294 cernebatur,
1535 2223 1682 2306 propter
1694 2210 1994 2304 propinquitatem
2010 2218 2054 2286 ad
2071 2228 2144 2285 ter·

1160 2334 1259 2394 ram,
1292 2311 1341 2380 ita
1365 2323 1405 2381 ut
1427 2311 1548 2396 multi,
1581 2334 1765 2381 causarum
1785 2312 1924 2401 ignari,
1957 2337 2088 2384 novam
2108 2329 2144 2388 et

1161 2411 1398 2503 prodigiosam
1413 2412 1551 2482 stellam
1569 2411 1608 2481 iu
1626 2412 1724 2481 coelo
1746 2436 1927 2485 accensam
1950 2436 2043 2498 esse,
2075 2417 2143 2485 ali-

1160 2513 1224 2605 qui
1239 2513 1343 2584 etiam
1356 2509 1536 2583 Cometam
1558 2513 1724 2582 exarsisse
1745 2514 1937 2584 crederent.
1986 2512 2142 2587 Biennio

1160 2626 1278 2682 tamen
1297 2626 1382 2705 post
1396 2609 1542 2684 Cometa
1567 2614 1773 2684 subsecutus
1793 2627 1863 2697 est,
1888 2638 1995 2707 quem
2019 2616 2144 2686 verisi-

1160 2714 1244 2783 mile
1257 2727 1308 2782 est
1323 2712 1451 2784 Martis
1473 2715 1561 2783 adeo
1580 2715 1775 2808 propinqui
1794 2713 1931 2784 lumine
1955 2715 2142 2789 excitatum

1160 2827 1195 2885 et
1208 2814 1466 2884 inflammatum
1483 2813 1600 2887 luisse.

1262 2911 1359 2982 Haec
1373 2916 1416 2982 de
1430 2913 1543 2984 tribus
1557 2913 1964 3005 superioribusPlanetis
1980 2912 2047 2988 hoc
2062 2918 2142 2989 loco

1116 3025 1121 3033 ’
1161 3012 1252 3082 dicta
1271 3013 1467 3098 sufficiant,
1493 3013 1699 3107 inquorum
1723 3017 1879 3086 motibus
1901 3031 2014 3090 certae
2037 3019 2142 3108 leges,

1161 3127 1197 3185 et
1213 3108 1419 3201 harmoniae
1434 3115 1478 3184 ad
1495 3128 1630 3186 motum
1647 3112 1761 3200 Solis,
1789 3129 1824 3187 et
1843 3117 1934 3188 aliae
1948 3117 2041 3188 vices
2056 3143 2142 3189 cou-
2212 3194 2217 3208 ‚

1043 3278 1046 3285 .
1161 3213 1379 3300 siderentur,
1410 3239 1501 3308 quae
1524 3216 1568 3284 ad
1593 3237 1676 3283 usus
1699 3217 1934 3288 animantium
1966 3217 2143 3310 sapienter

1159 3319 1441 3385 accommodatae
1456 3328 1548 3389 sunt.
1580 3313 1654 3385 Cur
1668 3317 1763 3384 enim
1780 3319 1962 3388 credamus
1977 3311 2043 3387 hos
2058 3317 2143 3388 Pla-

1160 3429 1259 3486 uetas
1283 3417 1456 3486 divinitus
1485 3417 1533 3486 ita
1563 3416 1725 3488 conditos
1755 3440 1849 3502 esse,
1882 3432 1923 3488 ut
1948 3442 2027 3487 cum
2050 3418 2142 3499 circa

1161 3535 1291 3607 apogea
1305 3540 1450 3586 suorum
1467 3517 1698 3586 deserentium
1709 3518 1884 3598 feruutur,
1900 3533 2005 3612 atque
2020 3532 2141 3590 aterra
2259 3559 2261 3562 ⁴

1160 3617 1364 3704 longissime
1391 3617 1539 3702 absunt,
1574 3630 1659 3686 tnnc
1680 3614 1890 3710 Eclipticam
1920 3620 2141 3709 transgressi,

1160 3717 1290 3785 nostris
1307 3718 1499 3787 verticibus
1515 3719 1697 3809 propiores
1717 3719 1827 3788 fiant?
1852 3717 1930 3789 Nisi
1945 3722 2039 3813 quod
2056 3734 2141 3791 tuuc

1160 3817 1318 3906 oportuit
1349 3818 1494 3887 illorum
1517 3817 1608 3885 vires
1631 3818 1768 3886 intendi
1792 3819 1974 3889 radiorum
1995 3820 2142 3891 rectitu-

1160 3919 1262 3999 dine,
1286 3941 1375 4010 quos
1389 3918 1539 3988 altitudo
1562 3917 1730 3987 immensa
1746 3920 1882 4014 alioqui
1898 3915 2067 3991 nonnihil
2080 3922 2142 3991 de·

1160 4014 1301 4088 bilitat?
1519 4084 1523 4093 ,
1558 4103 1561 4108 .

1262 4116 1323 4189 Sic
1353 4143 1432 4190 cum
1458 4131 1571 4190 terrae
1602 4117 1754 4211 proximi
1781 4120 1871 4193 fiunt
1902 4120 2077 4194 Saturnus
2104 4133 2140 4192 et

1160 4216 1283 4304 Mars,
1321 4221 1577 4314 detorquentur
1609 4233 1709 4290 motu
1739 4221 1939 4294 latitudinis
1969 4247 1989 4290 a
2015 4233 2138 4290 nostro

229 4322 338 4413 Quod
361 4335 479 4392 autem
502 4322 600 4391 vides
628 4321 854 4391 latitudinem
877 4315 1108 4388 meridianam
1160 4321 1289 4390 vertice
1312 4322 1406 4392 ultra
1430 4320 1640 4414 Eclipticam
1662 4345 1782 4391 versus
1801 4320 2006 4405 meridiem,
2039 4320 2138 4392 nesi

128 4425 254 4496 liastis
278 4424 315 4492 in
337 4423 476 4513 perigeo
498 4420 643 4516 epicycli
669 4434 723 4492 t'ot
750 4421 919 4517 gradibus
945 4439 1109 4510 superare
1160 4423 1206 4490 ad
1230 4421 1412 4492 radiorum
1443 4422 1654 4506 efficaciam,
1686 4445 1792 4514 quam
1813 4444 1854 4492 ex
1874 4421 2138 4515 propinquitate

128 4523 437 4618 septentrionalem
476 4520 700 4594 latitudinem
738 4522 778 4591 in
809 4522 930 4592 eadem
963 4519 1110 4612 epicycli
1159 4515 1304 4603 habent,
1320 4523 1424 4591 etiam
1442 4524 1635 4593 eorundem
1651 4520 1825 4591 rectitudo
1841 4522 2031 4607 accederet,
2047 4545 2137 4616 quae

128 4642 247 4717 parte,
273 4647 377 4709 causa
398 4636 450 4693 est
466 4637 498 4692 et
522 4623 669 4716 epicycli
704 4623 901 4714 amplitudo
925 4635 961 4693 et
987 4619 1110 4692 ἐκκεν-

128 4722 261 4820 τρόιης
276 4746 424 4814 magna,
448 4735 484 4795 et
503 4725 600 4818 quod
617 4723 791 4794 maximae
812 4721 1012 4795 latitudinis
1030 4744 1108 4791 me-

1159 4643 1296 4713 semper
1312 4623 1493 4695 radiorum
1517 4626 1609 4693 vires
1630 4635 1753 4711 auget,
1779 4619 1881 4693 Mars
1903 4623 2017 4694 nimio
2040 4635 2138 4694 aestu
2194 4699 2197 4702 Α

1160 4734 1311 4793 torreret
1326 4736 1360 4794 et
1375 4739 1531 4798 exureret
1549 4719 1699 4808 terram,
1722 4720 1898 4795 Saturnus
1919 4724 2032 4794 nimio
2056 4724 2138 4814 gelu

129 4829 290 4897 ridianae
310 4824 486 4896 terminus
507 4838 541 4895 et
562 4823 730 4914 perigeon
752 4823 937 4895 eccentriei
957 4823 997 4903 in
1020 4844 1109 4893 eun-
1159 4825 1413 4914 coustriugerrt
1442 4826 1596 4906 diutius,
1633 4834 1668 4893 et
1689 4821 1851 4896 effaetam
1871 4824 2036 4895 redderet
2055 4825 2136 4894 ani-

128 4931 207 4997 dem
237 4928 358 4996 locum
388 4924 534 4995 Zodiaci
560 4925 702 4996 cadunt.
761 4924 882 5014 Quare
903 4946 985 4994 cum
1007 4918 1109 4994 Mars
1157 4926 1331 4995 mentium
1347 4926 1465 4996 sedem
1487 4938 1522 4996 et
1539 4946 1698 5014 corpora.

129 5028 322 5121 terminum
351 5025 517 5097 australis
538 5025 739 5096 latitudinis
764 5024 901 5114 attigit,
928 5023 1034 5094 simul
1056 5036 1109 5095 est

1259 5024 1380 5116 Quare
1405 5027 1454 5097 sic
1483 5025 1692 5116 temperavit
1722 5024 2000 5116 sapientissimus
2024 5038 2058 5096 et
2075 5023 2133 5096 be·

129 5142 244 5198 terrae
259 5126 443 5218 proximus
459 5126 595 5197 ratione
612 5125 809 5200 eccentrici.
831 5123 904 5198 Ubi
917 5123 949 5194 si
963 5125 1108 5217 quaudo
1157 5125 1384 5216 dignissimus
1402 5126 1567 5197 conditor
1584 5138 1745 5210 naturae,
1768 5121 1897 5198 borum
1910 5124 2137 5198 Planetarum

130 5229 236 5300 etiam
268 5227 376 5296 imam
403 5239 539 5319 partem
569 5227 715 5322 epicycli
743 5239 857 5313 tenet,
896 5226 971 5297 duo
1000 5224 1108 5295 simul
1129 5232 1134 5286 ι
1156 5228 1360 5306 affectiones
1376 5227 1479 5298 certis
1495 5241 1657 5298 motuum
1675 5227 1832 5314 legibus,
1856 5240 1899 5298 ut
1921 5228 2040 5299 miuus
2062 5227 2137 5296 lae·

131 5327 319 5414 eveniunt,
343 5341 385 5399 nt
399 5340 433 5398 et
447 5327 607 5419 proxime
622 5330 668 5399 sd
689 5341 818 5399 terram
841 5329 980 5399 accedat
993 5322 1106 5406 Mars,
1128 5292 1134 5413 l
1156 5329 1242 5398 dere
1258 5350 1313 5398 res
1327 5341 1508 5405 acuentes
1529 5341 1565 5399 et
1579 5327 1748 5401 animalia
1763 5327 1912 5420 possint.

178 5427 364 5498 Mrssm.
390 5434 496 5499 Orsa.
521 5432 605 5497 Vos.
631 5430 725 5497 xm.
790 5421 793 5427 ’

1465 5429 1511 5500 tt
