4538 5754
238 217 259 255 Q

65 267 143 345 sss
688 263 756 367 tv.
805 255 1084 334 amanam
1116 250 1454 333 nunromcas.
2011 252 2088 333 sss

58 440 131 508 reis
146 433 203 505 vei
219 436 459 527 gratulatione
475 430 702 510 inchoantur.
754 429 908 527 Reliqua
930 428 1047 501 oratio
1071 441 1077 585 Ι
1098 420 1297 512 constituit,
1326 439 1367 498 nt
1382 425 1421 496 in
1440 422 1592 518 imperio
1608 423 1664 543 ins
1676 447 1718 496 ex
1734 425 1808 498 illis
1827 427 1965 518 legibus
1985 429 2085 500 dice.

60 551 231 631 perpetus
246 541 418 632 quaedam
441 533 612 608 historiae
632 535 789 606 namatio
813 551 885 619 est,
912 531 951 600 in
977 554 1046 626 qur
1098 542 1207 599 retur.
1267 527 1430 598 Primum
1461 522 1657 598 honestatis
1687 526 1766 598 ioco
1796 541 1956 610 utentur,
1986 534 2083 625 quod

59 656 178 712 tamen
196 641 384 731 praecipua
403 642 530 709 decora
552 637 833 727 amplificantur,
858 647 894 706 et
916 633 960 703 ad
984 635 1047 702 ad·
1099 632 1219 700 deceat
1234 630 1433 723 principem
1449 629 1605 708 efficere,
1625 641 1666 699 ut
1680 629 1879 720 respublica
1900 633 1995 721 leges
2019 626 2084 702 ha·

59 741 287 812 mirationem
303 754 409 833 atque
423 739 655 810 imitationem
672 749 934 832 proponuntur.
974 731 1046 805 Sed
1097 733 1178 801 beat
1189 731 1355 823 optimas.
1405 729 1838 820 Sumemusargumenta,
1863 755 1939 801 non
1965 733 2082 802 solum

58 842 232 935 quoniam
257 856 378 912 extant
397 842 576 931 exempla,
609 840 648 907 in
673 840 804 933 quibus
826 836 918 907 ratio
939 829 1049 904 huius
1097 857 1117 902 a
1141 827 1305 902 Lotharii
1328 856 1496 923 persona,
1527 830 1693 902 videlicet
1716 854 1736 900 a
1758 832 1931 925 principis
1953 834 2083 914 officio,

58 943 198 1033 generis
216 945 390 1013 tractandi
406 943 504 1012 cerni
519 955 652 1031 potest,
675 937 769 1010 nihii
793 959 883 1029 opus
898 948 952 1006 est
966 935 1047 1005 lon·
1098 935 1159 1003 sed
1173 935 1388 1015 etiamare,
1414 927 1482 1004 hoc
1502 945 1595 1002 esta
1622 931 1794 1022 dignitate
1815 935 1932 1024 legum
1947 932 2084 1007 Roma-
2176 929 2179 935 ’

59 1045 229 1134 gioribus-
248 1045 450 1135 praeceptis.
507 1041 674 1113 Isocrates
699 1041 845 1135 reliquit
871 1036 1048 1108 laudatio-
1100 1059 1238 1119 narum,
1264 1036 1361 1129 quod
1379 1037 1505 1126 plenae
1520 1034 1594 1105 sins
1609 1028 1852 1115 humanitatis,
1875 1038 2083 1128 prudentiae

58 1169 140 1213 nem
176 1142 381 1233 Evagorae,
422 1143 562 1213 Plinius
596 1141 758 1215 Traiani.
815 1137 923 1210 Extat
947 1153 983 1208 et
1001 1137 1048 1208 ab
1098 1161 1138 1204 ac
1158 1136 1336 1222 iusticiae,
1360 1140 1528 1230 quodque
1551 1136 1651 1206 nulla
1673 1146 1759 1224 gens
1780 1161 1939 1230 unquam
1957 1139 2084 1208 melio-

58 1243 210 1315 Erasmo
225 1247 385 1336 scriptus
404 1244 660 1339 Panegyricus,
692 1247 786 1317 lectu
806 1240 1047 1332 dignissimus,
1101 1260 1153 1306 res
1171 1236 1281 1326 leges,
1305 1251 1340 1308 et
1354 1239 1466 1328 magis
1480 1238 1739 1307 consentientes
1754 1253 1903 1308 naturae
1919 1233 2084 1312 habuerit

59 1351 102 1416 de
118 1343 389 1438 Philippo-rege
407 1344 613 1438 Hispaniae.

160 1477 258 1551 Sunt
278 1475 411 1547 Psalmi
431 1475 578 1572 quidam
607 1474 745 1567 generis
768 1473 1048 1558 demonstrativi,

59 1580 121 1672 qni
144 1580 355 1651 describunt
370 1576 577 1664 Christum,
604 1573 645 1646 bi
669 1592 812 1668 possunt
838 1572 962 1647 haberi
982 1599 1047 1666 pro

58 1681 231 1751 brevibus
258 1681 496 1775 panegyricis,
527 1694 568 1750 ut
590 1677 700 1748 Psal.:
737 1676 837 1748 Dixit
866 1677 1045 1748 dominus.

10 1778 17 1793 “
60 1782 151 1852 ltem
180 1778 274 1855 Psal.
296 1782 374 1851 at:
411 1778 689 1872 ExurgatDeus.
741 1777 862 1870 Pingit
878 1780 972 1849 enim
988 1800 1048 1846 ve·
1100 1844 1108 1860 ,

58 1883 124 1953 luti
142 1878 397 1974 triumphalem
421 1907 586 1976 pompam
613 1881 724 1970 regis,
750 1883 892 1952 orditur
912 1882 957 1949 ab
980 1881 1049 1948 im-

58 1983 266 2075 precatione
281 1998 315 2055 et
340 1985 598 2074 gratulatione,
624 2007 706 2052 nam
729 1979 889 2052 hostibus
912 1976 1047 2052 Christi

58 2084 360 2175 mnsprecatun
392 2088 590 2174 gratulatur
611 2099 728 2155 autem
754 2084 832 2174 piis.
882 2080 1047 2153 Narratio

59 2187 221 2257 continet
236 2210 419 2278 pompam:
441 2184 552 2257 Venit
568 2186 748 2281 dominus,
765 2197 800 2255 et
815 2184 912 2255 ducit
928 2205 1046 2252 secum

59 2288 235 2358 exercitus
249 2283 592 2378 Evangelizantiam.
638 2281 692 2354 Ex
708 2280 765 2354 his
782 2299 865 2356 sunt
879 2283 1048 2376 descripti

58 2386 246 2481 Principes
260 2389 535 2480 provinciarum,
554 2384 718 2477 Apostoli
738 2400 773 2458 et
790 2383 969 2479 Episcopi,
985 2385 1049 2477 qui

59 2489 265 2580 provincias
279 2490 425 2560 afflictas
440 2501 474 2558 et
496 2501 635 2557 vexatas
656 2502 825 2562 recreant.
878 2484 1049 2557 Ascendit

60 2591 228 2661 dominus
243 2590 283 2660 in
296 2589 419 2674 altum,
436 2590 535 2660 ducit
550 2590 587 2657 in
606 2584 788 2680 triumpho
804 2589 961 2680 captivos
975 2588 1049 2656 dis-

61 2692 188 2762 tribuit
209 2693 304 2762 dona
328 2691 503 2761 militibus
524 2715 565 2761 ac
585 2690 725 2781 populis
748 2691 840 2775 suis,
865 2690 1050 2760 minantur

62 2789 226 2864 hostibus
240 2792 430 2884 supplicia:
456 2790 639 2862 Praecedit
658 2793 808 2882 populus
824 2803 864 2861 ac
879 2790 1049 2885 sequitur,

61 2895 121 2987 qui
139 2896 237 2965 canit
253 2888 468 2985 triumphale
490 2890 642 2966 carmen.
694 2890 792 2962 Haec
815 2893 888 2962 fere
911 2912 1048 2961 summa

62 3010 112 3064 est
129 2994 285 3080 Psalmi,
311 3019 417 3087 quem
436 2995 467 3062 si
490 2995 569 3088 quis
583 2988 651 3063 hoc
664 2994 773 3064 modo
788 2994 831 3063 ad
846 2993 932 3063 artis
946 3013 1049 3083 prae·

63 3110 164 3187 cepta
181 3098 356 3181 conferet,
382 3097 525 3189 planius
542 3095 716 3184 intelliget
731 3109 765 3166 et
781 3096 1048 3178 animadvertet,

64 3198 124 3290 qui
142 3198 214 3267 loci
231 3198 374 3290 proprie
394 3200 437 3267 ad
453 3193 636 3267 Christum
657 3195 949 3266 accommodandi
967 3195 1050 3281 sint,

64 3299 124 3392 qui
140 3300 304 3371 tribuant
318 3300 350 3370 ei
366 3299 525 3369 divinam
541 3298 746 3390 potentiam.

163 3432 393 3528 Quamquam
410 3448 526 3504 autem
546 3432 658 3504 oratio
674 3432 713 3499 in
728 3427 798 3501 hoc
821 3453 947 3520 genere
969 3455 1051 3523 per-

65 3550 168 3625 petua
184 3537 344 3606 narratio
360 3550 431 3616 est,
457 3551 576 3606 tamen
590 3535 755 3603 incidunt
768 3534 946 3603 interdum
968 3533 1051 3617 loci,

66 3637 126 3729 qui
141 3632 277 3709 hubent
292 3639 449 3732 aliquam
463 3636 760 3727 disputationem,
785 3636 849 3705 uhi
863 3634 1051 3705 confirma-

66 3739 162 3807 tione
182 3754 217 3809 et
231 3741 472 3810 confutatione
487 3739 641 3822 utimur,
667 3749 708 3808 ut
733 3736 764 3806 si
789 3737 867 3829 quis
889 3735 1051 3807 laudabit

67 3840 107 3912 C.
120 3836 320 3926 Caesarem,
345 3831 527 3911 excusabit
540 3863 633 3920 eum,
658 3840 756 3932 quod
769 3839 902 3908 bellum
923 3840 1051 3909 adser-

67 3965 123 4010 sus
137 3943 288 4033 patriam
305 3944 473 4027 moverit,
492 3941 576 4034 quia
591 3940 750 4023 inimici,
778 3964 859 4009 curn
884 3941 917 4010 ei
939 3941 1049 4010 bene·

66 4040 185 4113 ficium
202 4044 327 4137 populi
341 4047 528 4135 eriperent,
552 4043 688 4132 priores
703 4042 837 4112 bellum
855 4043 1051 4112 indixerint

66 4164 103 4211 ac
125 4146 321 4239 moverint,
348 4144 468 4235 Quare
492 4168 567 4226 non
594 4144 717 4217 intulit
743 4144 878 4235 patriae
905 4144 1051 4228 bellum,

66 4245 125 4314 sed
141 4245 312 4318 iniustam
329 4249 404 4316 vim
417 4269 438 4315 a
452 4268 516 4317 suo
533 4245 648 4336 capite
664 4245 820 4337 depulit,
844 4269 924 4315 cum
941 4243 1050 4314 Pom·

67 4347 167 4434 peius
182 4361 329 4439 negaret
343 4371 380 4417 se
401 4347 493 4417 ullas
517 4347 739 4437 conditiones
759 4346 855 4438 pacis
875 4347 1052 4429 admissu·

66 4469 146 4519 rum
154 4473 236 4529 ,esse
251 4450 323 4520 nisi
336 4449 503 4545 allatoad
519 4472 556 4517 se
570 4447 731 4520 Caesaris
747 4449 873 4539 capite.

166 4587 370 4679 Supersunt
390 4584 486 4652 aliae
509 4585 659 4674 species,
693 4607 773 4654 cnm
802 4586 955 4668 factum,
990 4595 1052 4652 aut

66 4704 291 4759 remeassem
307 4687 513 4757 laudamus..
546 4684 590 4753 ln
605 4681 673 4755 hoc
687 4708 814 4775 genere
830 4708 953 4754 omnes
964 4706 1052 4775 par·

65 4805 118 4861 tes
138 4792 289 4862 existere
309 4790 469 4881 possunt:
503 4783 720 4872 Exordium,
745 4786 930 4870 Narratio,
954 4785 1052 4856 Con-

65 4895 240 4972 firmatio,
264 4889 492 4975 Confutatio,
515 4886 718 4959 Conclusio.
774 4886 889 4957 Locos
909 4890 1052 4958 mutua-

62 5017 151 5065 mur
176 5018 231 5064 ex·
248 5014 379 5080 genere
398 4990 644 5061 deliberativo.
701 4986 922 5074 Honestum,
954 4991 1053 5075 utile,

64 5096 188 5179 facile,
213 5110 277 5165 aut
290 5094 457 5183 dissidia,
475 5094 522 5165 a'st
538 5094 566 5160 si
583 5093 664 5184 quis
682 5091 806 5161 laudet
817 5092 961 5161 ¹'factttm
980 5091 1053 5161 lm·

1099 1362 1204 1431 quam
1219 1342 1373 1433 populus
1387 1339 1584 1412 Romanus.
1637 1337 1696 1407 Ab
1711 1338 1792 1409 utili
1808 1340 1875 1410 erit
1894 1363 2086 1428 argumen-

1026 1471 1035 1492 ·
1099 1454 1192 1522 tum,
1225 1443 1459 1534 qnodcertse
1485 1440 1578 1531 leges
1602 1439 1768 1511 muniant
1790 1441 2088 1533 tranquillitatem·

1099 1541 1289 1631 publicam.
1335 1538 1529 1613 Lotharius
1542 1541 1652 1629 igitur
1666 1541 1802 1612 utiliter
1817 1543 1997 1613 consuluit
2011 1545 2084 1612 rei-

1100 1642 1282 1732 publicae,
1308 1646 1404 1736 qnod
1428 1647 1474 1714 ad
1496 1666 1637 1711 omnem
1662 1646 1902 1732 posteritatem
1924 1645 2085 1717 civitates

1099 1744 1363 1837 tranquilliores
1387 1744 1556 1819 reddidit.
1614 1742 1705 1812 Nam
1732 1760 1834 1819 antea
1860 1747 1961 1815 nullo
1986 1760 2084 1817 certo
2105 1740 2126 1769 ’

1098 1846 1382 1916 rureutebantur
1404 1847 1580 1929 civitates,
1600 1846 1661 1914 sed
1684 1847 1909 1936 magistratus
1929 1871 1995 1938 pro
2018 1870 2084 1920 suo

1099 1944 1246 2015 arbitrio
1263 1947 1320 2017 ius
1344 1948 1493 2019 dicebat.
1543 1946 1597 2018 Ea
1621 1953 1694 2031 res,
1720 1971 1800 2018 cum
1823 1950 2005 2042 tyrannidi
2028 1950 2099 2027 vi·,

1099 2050 1179 2116 cina
1199 2047 1261 2132 sit,
1285 2049 1482 2139 periculosa
1503 2062 1557 2119 est
1579 2016 1794 2120 civitatibus.
1846 2050 1946 2120 Alibi
1973 2046 2083 2121 habe·

1098 2149 1185 2218 bant
1208 2150 1409 2220 barbaricas
1431 2152 1541 2242 leges,
1573 2148 1738 2221 videlicet
1762 2150 1913 2235 Salices,
1937 2146 2083 2224 horest

1099 2250 1230 2320 aulicas
1247 2251 1339 2340 leges
1355 2250 1597 2337 Francorum,
1623 2273 1713 2344 quae
1733 2254 1844 2322 multa
1867 2267 1989 2323 contra
2012 2249 2083 2327 hu·

1100 2350 1304 2422 manitatem
1336 2355 1612 2424 constituebant.
1664 2351 1785 2442 Quare
1815 2353 1921 2424 etiam
1954 2351 2082 2427 harum
2215 2436 2224 2449 ,

1099 2452 1257 2542 gentium
1281 2476 1397 2524 mores
1419 2456 1577 2525 reddidit
1589 2453 1749 2524 mitiores
1761 2450 1971 2541 Lotharius,
1998 2482 2083 2549 pro·

1100 2554 1223 2641 positis
1237 2554 1373 2644 legibus
1391 2552 1677 2628 humanioribus.
1728 2555 1819 2625 Nam
1838 2580 1952 2627 mores
1976 2571 2084 2653 atque

1099 2654 1287 2744 opiniones
1304 2651 1492 2727 hominum
1511 2682 1636 2748 magna
1653 2671 1807 2748 exparte
1823 2659 2007 2730 imitantur
2029 2663 2083 2732 le·

1099 2778 1168 2844 ges.
1218 2754 1288 2826 Hic
1304 2759 1457 2829 conferri
1472 2772 1585 2851 potest
1600 2753 1792 2828 Lotharius
1805 2784 1885 2829 curn
1905 2760 2084 2835 veteribus

1099 2858 1406 2947 legumlatoribus,
1448 2885 1528 2930 cum
1565 2858 1714 2944 Solone,
1756 2883 1835 2929 cum
1872 2859 2081 2938 lustiniano.

1100 2957 1217 3029 Habet
1235 2955 1294 3029 hic
1307 2959 1448 3030 laudern
1464 2961 1663 3045 difficultas,
1688 2961 1773 3053 quia
1788 2962 1889 3051 pauci
1904 2964 2083 3058 principes
2147 3040 2149 3044 Α

1100 3060 1210 3129 ociosi
1241 3061 1441 3153 suscipiunt
1468 3086 1588 3160 curam
1620 3063 1923 3132 emendandarum
1951 3066 2082 3156 legum,

1101 3161 1149 3231 At
1174 3158 1367 3232 Lotharius
1388 3165 1551 3235 maximis
1575 3163 1881 3252 occupatisbellis
1907 3157 1975 3235 hoo
1999 3171 2081 3258 egit.

1101 3262 1254 3349 Possunt
1267 3265 1351 3334 addi
1366 3264 1436 3335 loci
1449 3288 1654 3337 communes
1668 3266 1713 3334 de
1730 3280 1933 3336 nostrorum
1949 3270 2083 3360 princi-

1099 3389 1185 3457 pum
1201 3366 1371 3456 ingeniis,
1399 3370 1496 3461 quod
1518 3391 1598 3438 cum
1620 3365 1765 3438 scientia
1785 3366 2000 3458 reipublicae
2023 3394 2084 3463 ge.

1101 3469 1251 3552 rendae,
1275 3469 1484 3559 prudentia,
1501 3468 1754 3567 ¹magnitudine
1774 3469 1904 3554 animi,
1929 3471 2018 3558 fide,
2042 3499 2084 3545 ac

1101 3568 1258 3653 iusticia,
1291 3593 1393 3661 pares
1414 3571 1550 3643 fuerint
1577 3570 1829 3640 laudatissimis
1860 3571 2084 3666 principibus

1101 3670 1194 3760 apud
1219 3668 1375 3739 Graecos
1397 3685 1431 3742 et
1449 3671 1651 3755 Romanos,
1683 3671 1832 3740 minime
1856 3689 1940 3745 sunt
1963 3676 2084 3770 existi·

1103 3771 1224 3839 mandi
1240 3772 1395 3846 barbari.
1447 3773 1504 3843 Ad
1522 3768 1590 3844 hoc
1617 3787 1727 3861 genus
1750 3774 1927 3863 pertinent
1951 3781 2083 3868 gratia.

1102 3896 1181 3942 rum
1199 3875 1373 3960 actiones,
1398 3875 1436 3943 in
1459 3875 1589 3969 quibus
1610 3873 1778 3944 beneficia
1802 3899 2083 3952 commemoran-

1102 3989 1161 4045 tnr
1188 3988 1223 4044 et
1248 3975 1520 4066 amplificantur.
1577 3975 1685 4045 Tales
1710 3988 1794 4047 sunt
1817 3979 1995 4055 orationes
2020 3982 2083 4055 Ci-

1102 4077 1240 4147 ceronis
1255 4079 1299 4146 de
1313 4101 1377 4148 sno
1391 4079 1527 4170 reditu,
1553 4092 1588 4149 et
1608 4102 1672 4170 pro
1687 4076 1740 4148 M.
1758 4077 1941 4152 Marcello.

1204 4174 1340 4249 Eodem
1358 4183 1464 4251 inodo
1480 4203 1536 4250 res
1552 4180 1757 4264 laudantur,
1775 4195 1816 4250 ut
1830 4195 1939 4267 artes,
1960 4181 2084 4258 Philo-

1102 4274 1244 4369 sophia,
1269 4277 1497 4374 Eloquentia,
1519 4280 1642 4372 Leges,
1667 4279 1860 4363 Medicina,
1886 4281 1970 4357 Pax.
2005 4287 2085 4360 Ho-
2173 4286 2178 4299 “

1103 4396 1217 4451 nestas
1242 4382 1395 4453 sumitur
1417 4408 1458 4453 ex
1481 4385 1594 4455 causis
1626 4382 1878 4467 efficientibus,
1910 4386 2085 4478 videlicet,

1103 4485 1149 4552 ab
1167 4483 1432 4568 inventoribus,
1452 4498 1493 4555 ut
1516 4479 1748 4572 Philosophia
1775 4498 1826 4553 est
1848 4486 1983 4557 donum
2006 4492 2086 4566 Dei.

1104 4584 1205 4655 Sicut
1226 4585 1321 4654 enim
1346 4587 1519 4657 divinitus
1540 4585 1649 4654 oculii
1673 4585 1796 4653 lumen
1820 4591 2013 4680 contingit,
2036 4597 2086 4668 ita

1103 4687 1217 4756 menti
1231 4687 1379 4770 veritas,
1404 4691 1464 4758 sed
1487 4710 1609 4769 verum
1632 4685 1805 4755 iudicium
1828 4690 2002 4765 divinitus
2020 4700 2088 4768 do-

1103 4802 1226 4858 natum
1249 4802 1311 4859 est.
1362 4787 1506 4860 Utilitas
1529 4786 1683 4859 sumitur
1703 4811 1745 4856 ex
1766 4788 1908 4866 linibus.
1961 4792 2088 4870 Philo.

1104 4885 1230 4980 sophia
1256 4891 1411 4961 ostendit
1439 4888 1613 4982 praesidia
1645 4889 1755 4975 vitae,
1792 4893 2016 4985 disciplinam
2043 4903 2087 4973 de

1104 4994 1264 5063 moribus
1289 4992 1470 5078 civilibus,
1502 4991 1616 5082 leges,
1647 4992 1877 5081 medicinam,
1910 5022 2090 5092 numeros,

1103 5117 1296 5179 mensuras,
1318 5117 1406 5187 quae
1423 5117 1478 5165 res
1493 5116 1616 5162 omnes
1630 5095 1669 5163 in
1684 5089 1750 5164 hac
1765 5109 1839 5166 tota
1852 5099 1922 5169 vita
1938 5105 2091 5178 marimo

64 5220 165 5291 pera.
178 5191 344 5268 herbarii
358 5193 529 5278 sexonis,
554 5194 616 5285 qni
631 5189 812 5263 Romanas
825 5195 937 5282 leges,
964 5215 1055 5286 quae
1105 5198 1299 5265 necessaria
1314 5208 1409 5267 sunt.
1461 5193 1646 5265 Interdum
1663 5209 1780 5266 autem
1794 5199 1954 5286 facilitas,
1977 5204 2090 5278 inten-

65 5303 110 5370 ad
127 5300 174 5368 id=
191 5310 454 5388 tempus,.-psst
469 5296 681 5385 :occupatam
706 5291 847 5365 ltaliam
863 5318 890 5373 a
907 5291 1061 5365 Gotthis¹
1105 5298 1191 5368 dum
1206 5298 1394 5368 difficultas
1411 5297 1589 5368 laudanda
1604 5298 1690 5383 erit,
1717 5299 1825 5391 idque
1838 5304 1883 5370 ad
1898 5308 2089 5378 consilium

64 5404 105 5472 in
127 5394 581 5483 bibliothecisaletuss'ant',
595 5395 1054 5480 in-for‘urn·revsrrsit,·et
1105 5400 1255 5472 oratoris
1270 5400 1435 5491 pertinet,
1459 5399 1695 5485 considerare,
1720 5402 1807 5494 quid
1823 5403 1953 5485 deceat,
1981 5406 2090 5500 Quod

116 5508 297 5575 llrtarrr.
326 5505 430 5573 Orsa.
458 5502 542 5568 Vos..
560 5500 657 5570 Xlll.
1528 5499 1579 5574 29
