4538 5754
98 229 172 305 ιιι
347 210 350 215 ’
511 224 581 299 ιιι.
631 168 1713 299 mouunmuumsnuuuuuenoeuumu.
2040 228 2116 307 us

396 400 401 428 ³
437 403 599 471 Octavus
623 396 742 468 locus.
837 388 841 399 ’
1135 417 1217 465 vere
1250 394 1482 469 concionatur
1513 392 1619 466 nobis
1652 395 1859 485 praesertim
1890 391 1956 469 hac
1987 398 2111 472 ultima

200 545 353 616 Videtur
368 560 484 618 autem
500 541 686 640 prophetia
702 546 748 614 de
771 558 866 616 tanta
888 545 1085 616 calamitate
1123 507 1256 572 'mm‘

97 648 222 741 populi
238 650 342 720 etiam
357 648 554 738 significare
569 648 780 718 vastationes
795 641 974 717 Ecclesiae
996 646 1083 716 ulti·
1487 669 1616 739 ΝΜ
1640 668 1754 740 pm

97 750 163 818 mis
189 749 429 841 temporibus,
456 750 547 821 sicut
572 747 683 819 Turci
707 761 889 819 vastarunt
907 743 1083 819 Eeclesias

97 850 131 921 in
146 848 236 920 Asia
253 865 287 921 et
303 847 465 921 Graecia.
498 850 547 922 Ut
561 862 677 921 autem
692 862 778 920 tune
792 854 926 921 va'stata
940 850 1082 936 Iudaea,

97 965 306 1023 manserunt
341 966 460 1022 tomen
490 952 681 1045 reliquiae,
722 951 772 1019 sic
806 951 956 1021 sciamus
985 974 1081 1022 nunc

97 1074 282 1123 mansuras
309 1075 381 1125 esse
411 1053 600 1147 reliquias,
628 1054 691 1123 sed
723 1053 890 1126 accedent
920 1051 1081 1143 ingentes

97 1155 320 1225 vastationes.
923 1184 929 1193 ·

1232 793 1402 891 Exempla
1427 798 1672 871 memorabilia
1693 813 1728 871 et
1749 794 1836 870 haee
1858 812 1959 886 sunt,
1999 801 2108 890 Quod

1131 894 1307 990 Propheta
1324 913 1483 970 servatur
1496 897 1706 971 mirabiliter
1719 899 1760 968 in
1782 914 1878 972 tanta
1894 903 2108 993 persecutio-

1131 1023 1197 1086 ne,
1223 1012 1342 1091 postea
1356 1000 1529 1073 liberatur
1551 1025 1615 1093 per
1635 1023 1753 1092 regem
1776 999 2052 1098 Babylonicum,
2077 1006 2108 1074 is
2162 1054 2169 1067 .

1130 1101 1235 1172 etiam
1256 1103 1366 1181 donat
1388 1103 1421 1171 ei
1445 1103 1601 1196 aliquam
1624 1116 1760 1194 partem
1782 1104 1928 1196 populi,
1955 1117 1990 1175 et
2008 1099 2048 1174 hi
2061 1107 2107 1176 ab

920 1288 923 1293 Ι
1129 1202 1207 1294 ipso
1237 1216 1444 1289 servantur,
1482 1217 1602 1296 postea
1640 1227 1720 1274 eum
1748 1204 1977 1280 interficiunt.
2037 1205 2106 1277 Hic
2223 1200 2227 1213 ’

199 1303 285 1375 ldeo
310 1306 401 1375 sicut
424 1302 590 1375 Ieremias
614 1303 686 1375 suis
711 1302 873 1396 precibus
904 1302 1080 1394 mitigavit
1128 1316 1180 1375 est
1201 1304 1281 1374 finis
1302 1305 1464 1375 laborum
1490 1304 1708 1395 ingentium,
1741 1329 1829 1399 quos
1854 1306 2022 1378 sustinuit
2044 1331 2108 1399 per

97 1407 207 1489 mala,
239 1408 288 1477 ita
310 1419 345 1477 et
367 1429 432 1476 nos
453 1406 643 1477 excitemus
666 1429 731 1477 nos
755 1406 799 1475 ad
821 1404 1077 1497 poenitentiam
1126 1428 1240 1477 annos
1259 1406 1493 1500 quadraginta
1523 1406 1563 1474 in
1587 1402 1653 1476 hac
1681 1407 1889 1478 admiranda
1910 1406 2108 1491 vocatione,

97 1523 125 1579 et
155 1508 419 1579 invocationem
438 1503 523 1593 Dei,
557 1520 592 1578 et
614 1508 719 1578 nobis
741 1506 811 1576 iam
838 1508 876 1576 in
904 1505 1077 1599 praesenti
1126 1506 1164 1573 in
1178 1530 1248 1601 qua
1263 1503 1360 1577 Deus
1375 1531 1469 1577 novo
1486 1519 1520 1577 et
1535 1507 1703 1579 inusitato
1715 1510 1823 1581 modo
1837 1508 2009 1603 populum
2032 1532 2107 1581 ser·

97 1609 256 1711 periculo
287 1609 492 1680 concionari
522 1605 706 1682 leremiam
741 1620 953 1694 statuamus,
988 1607 1077 1679 sicut
1126 1608 1221 1679 savit
1235 1632 1322 1678 voce
1343 1620 1377 1681 et
1394 1607 1590 1681 ministerio
1610 1606 1790 1687 leremiae.
