4538 5754
96 215 202 336 rese
721 242 787 332 ιι.
836 251 1200 333 εοιιιιιιιιιιιιι
1228 258 1279 333 nv
1299 253 1541 337 essenos.
1710 353 1718 378 Ι
2000 259 2128 346 uso

96 431 278 522 scriptura
304 398 445 511 deira,
471 442 507 502 et
525 430 569 499 de
593 429 749 513 iudicio,
783 442 824 502 ut
845 429 987 502 Psalmo
1008 427 1087 502 49.;
1139 429 1379 505 Levitici20:
1406 431 1527 506 Sancti
1543 443 1669 516 estote,
1696 455 1780 525 quea
1795 452 1857 523 ego
1875 451 1954 504 surn
1969 445 2122 519 sanctus,
2202 456 2205 463 ·

96 529 237 622 lgnis
227 558 265 602 ιιι
286 546 476 625 εοιιερεειιι
498 556 572 602 erus
588 533 798 604 exardescet
851 531 1014 624 Repetite
1038 547 1089 602 est
1140 533 1175 600 id
1203 547 1272 617 εει,
1298 535 1379 605 talis
1409 536 1549 627 qualem
1579 559 1636 604 me
1663 533 1870 606 describo
1858 559 1898 603 ιιι
1924 535 2001 624 lege
2031 557 2120 607 mea.

96 648 220 704 tutem
241 638 364 705 eadem
396 635 551 726 precatio
583 635 659 703 sine
686 634 814 724 figura:
851 626 1030 704 Omnes
1014 631 1088 703 rni—
1139 634 1275 706 Notum
1299 649 1485 706 estautem
1503 635 1676 728 Spiritum
1696 650 1853 707 sanctum
1877 659 1949 706 esse
1972 636 2122 726 agitatu-

96 733 263 832 pm'tnles
277 759 378 807 meas
393 732 482 810 dele.
1139 761 1233 823 rem,
1260 751 1294 806 et
1306 739 1386 808 ideo
1403 738 1573 808 eflundi
1563 762 1601 806 ru
1616 741 1722 808 corda
1745 737 1986 823 credentium,
2006 750 2046 807 ut
2063 760 2122 807 ac·

96 867 98 876 ·
187 839 385 911 Hactenus
398 834 578 930 Propheta
597 837 798 930 descripsit,
824 837 911 932 quid
930 826 1087 930 primum
1138 838 1292 909 cendat
1281 864 1320 908 ιιι
1335 862 1384 908 ers
1399 863 1511 910 novos
1531 855 1649 910 motus
1664 851 1895 928 congruentes
1909 835 2005 918 Deo
2031 837 2123 909 sicut

96 931 158 1012 int
176 943 217 1011 in
235 942 464 1011 conversione
479 938 652 1025 hominis,
679 954 715 1011 ει
731 943 910 1034 quomodo
935 961 1087 1032 persona
1138 963 1241 1032 saepe
1257 941 1403 1012 dicitur:
1421 937 1614 1032 Acceprstrs
1622 939 1795 1032 Spiritum
1812 939 2014 1033 adoptionis
2028 939 2122 1009 lilio·

96 1042 252 1134 rccrprat
266 1066 510 1113 remissionem
532 1053 774 1133 peccatorum,
799 1058 834 1114 et
849 1043 909 1114 liat
926 1065 1087 1111 reconcr
1139 1067 1219 1126 rum
1235 1042 1462 1125 clamantem
1489 1039 1591 1112 Abba
1611 1041 1725 1113 Pater.

96 1142 184 1213 b‘ata
208 1141 320 1215 Deo
309 1171 348 1213 ιιι
372 1146 436 1213 illo
459 1169 587 1214 arcano
608 1144 762 1230 iudicio,
788 1159 821 1216 et
844 1145 1004 1215 recitavit
1021 1146 1087 1212 do·
1239 1136 1371 1212 Redde
1386 1096 1485 1212 milii
1499 1140 1685 1212 laeticiam
1698 1138 1883 1213 salutaris
1898 1140 1970 1229 tui,
1996 1151 2027 1213 el
2044 1141 2122 1240 spi-

96 1246 254 1316 :trinam
279 1249 324 1314 de
346 1246 614 1330 iustificatione,
641 1249 687 1315 de
713 1270 782 1339 qua
808 1245 940 1316 Paulus
963 1246 1085 1338 loqui·
1139 1243 1213 1317 retu
1227 1254 1430 1342 spontaneo
1448 1239 1623 1338 confirma
1638 1268 1705 1319 me.
1757 1242 1851 1316 Petit
1871 1246 2013 1337 proprie
2036 1269 2123 1316 eon-

96 1359 177 1432 tnr,
214 1347 397 1441 inquiens:
439 1346 622 1419 Iustilicati
658 1348 727 1416 fide
766 1372 886 1438 pacem
915 1343 1087 1418 babemus
1140 1348 1350 1419 solationem
1368 1348 1687 1442 inquibuscunque
1703 1347 1900 1432 doloribus
1914 1360 1949 1417 ει
1965 1370 2003 1416 ιιι
2020 1369 2123 1417 cruce

96 1450 196 1540 spnd
221 1446 336 1518 Deum
357 1462 390 1519 et
411 1472 599 1520 accessum.
659 1450 807 1540 Semper
833 1463 950 1519 autem
980 1447 1087 1518 simul
1138 1461 1305 1542 sequente
1320 1472 1597 1524 conversionem.
1648 1448 1787 1519 Nomen
1808 1449 1965 1519 laeticiae
1988 1447 2124 1540 perspi·
2215 1525 2217 1533 ,

96 1571 180 1620 cum
199 1550 407 1620 remissione
422 1565 646 1642 peccatorum
670 1564 706 1626 et
723 1552 959 1643 imputatione
983 1549 1086 1619 iusti·
1138 1576 1243 1622 cuum
1259 1565 1328 1634 est,
1355 1564 1389 1621 et
1410 1552 1573 1621 liberatio
1592 1576 1634 1619 ειι
1652 1550 1773 1621 inferis
1789 1562 1822 1620 et
1838 1565 1969 1630 morte,
1996 1562 2048 1620 est
2069 1562 2124 1619 ta·

96 1650 193 1732 cine,
223 1653 297 1742 ipse
312 1650 425 1721 Filius
442 1651 509 1722 Dei
524 1651 646 1722 dicens
661 1654 808 1723 verbum
833 1651 1088 1724 consolationis
1137 1653 1182 1723 lis
1199 1652 1289 1738 vita,
1314 1654 1524 1746 quaesentit
1545 1652 1718 1723 laeticiam
1744 1652 1782 1720 in
1797 1650 1885 1726 Deo.
1936 1650 2124 1722 Hancne·

96 1750 280 1839 innubis,
306 1753 512 1823 effunditiu
530 1758 636 1823 corda
654 1752 827 1845 Spiritum
844 1769 1028 1839 sanctum,
1053 1766 1087 1823 et
1140 1754 1250 1824 minat
1266 1752 1441 1824 laeticiam
1457 1756 1665 1838 salutarem,
1689 1776 1779 1846 quae
1794 1754 1967 1824 excitatur
1982 1752 2059 1821 Deo
2076 1752 2124 1821 li·
2176 1753 2181 1760 “
2224 1780 2229 1791 ·

96 1852 186 1924 lacit
209 1877 276 1924 nos
304 1849 471 1926 haeredes
497 1856 589 1926 vitae
609 1868 790 1941 aeternae,
823 1857 902 1927 ideo
926 1855 1087 1925 Psalmus
1139 1858 1283 1928 berante
1316 1869 1350 1925 ει
1384 1855 1539 1930 iuvante.
1596 1855 1766 1925 Nominat
1798 1871 1914 1928 autem
1949 1852 2123 1945 Spiritum

96 1954 270 2046 deinceps
286 1957 518 2027 concionatur
533 1959 577 2025 de
600 1958 866 2046 regeneratione
889 1980 952 2047 per
971 1957 1087 2047 Spiri-
1139 1971 1393 2047 spontaneum,
1419 1956 1499 2027 ideo
1514 1958 1595 2050 quia
1605 1955 1757 2048 Spiritus
1773 1969 1914 2026 sanctus
1928 1956 2035 2026 flectit
2050 1979 2124 2036 cor,

96 2070 178 2133 turn
194 2071 377 2143 sanctum,
403 2061 448 2128 de
465 2058 685 2148 mitigatione
701 2082 928 2149 poenarum,
942 2060 986 2128 de
1001 2079 1086 2127 con·
1138 2072 1179 2129 ut
1203 2059 1326 2128 volens
1350 2058 1493 2129 obediat
1514 2056 1590 2128 Deo
1614 2059 1651 2126 in
1675 2082 1795 2143 cruce,
1827 2070 1861 2127 et
1880 2058 1980 2127 addit
1999 2058 2123 2143 robur,

96 2158 272 2244 sessione,
298 2182 359 2230 seu
375 2159 656 2250 praedicatione
680 2173 714 2231 et
731 2164 775 2229 de
794 2185 908 2233 cruce.
1059 2166 1063 2176 '
1138 2174 1179 2231 ut
1203 2159 1376 2230 sustinere
1399 2161 1679 2248 magnitudinem
1700 2159 1921 2229 miseriarum
1939 2159 2125 2230 etcrucin-

202 2251 502 2333 Cormundum
486 2284 526 2329 m
541 2284 596 2331 me
614 2284 693 2333 cren
709 2258 833 2349 Deus,
863 2268 896 2331 et
914 2256 1087 2356 spiritum
1139 2277 1240 2335 tuum
1258 2261 1385 2352 possit,
1409 2275 1446 2332 ιιι
1462 2261 1675 2332 Laurentius
1690 2261 1814 2331 volens
1829 2263 2064 2352 obtemperat,
2090 2269 2125 2330 et

96 2354 284 2450 firmum
268 2387 404 2432 snnovu
423 2361 463 2432 in
481 2361 677 2434 visceribus
693 2363 794 2438 meis.
823 2363 1003 2434 Mundum
1021 2386 1087 2431 no·
1140 2364 1271 2455 perfert
1294 2363 1522 2482 supplicium.
1581 2360 1697 2433 David
1729 2378 1871 2454 paratus
1899 2377 1950 2433 est
1973 2364 2016 2432 ad
2038 2361 2124 2431 obe-
2231 2380 2236 2391 ·

96 2465 236 2550 minat,
258 2478 300 2535 ut
313 2465 478 2557 Apostoli
497 2465 637 2551 dicunt,
660 2466 883 2556 purificatum
907 2464 988 2547 lide,
1010 2439 1087 2554 pla·
1139 2464 1329 2546 dientiam,
1356 2487 1436 2534 cum
1459 2464 1600 2536 eiicitur
1620 2489 1661 2533 ex
1676 2488 1797 2555 regno
1848 2462 1935 2536 Saul
1960 2463 2124 2533 irascitur

96 2589 185 2636 cens
202 2566 273 2635 iarn
292 2581 436 2658 propter
452 2567 688 2637 Mediatorem
703 2566 820 2637 Deum
835 2579 870 2638 et
891 2518 1088 2639 hominem.
1139 2565 1216 2636 Deo
1236 2589 1317 2636 cnm
1343 2565 1508 2637 victorias
1540 2579 1574 2636 et
1594 2589 1742 2656 regnum
1771 2566 1866 2637 videt
1890 2564 2056 2636 tanslerri
2078 2565 2145 2651 ad¹

96 2663 212 2739 Item:
247 2665 400 2758 Sanguis
422 2664 557 2740 Christi
581 2670 742 2761 purificat
763 2691 828 2739 nos
852 2664 900 2739 ab
923 2667 1088 2737 omnibus
1140 2668 1262 2739 alium.
1323 2665 1474 2737 Talibus
1499 2668 1669 2758 exemplis
1695 2666 1850 2757 intelligi
1869 2680 2001 2759 potest,
2035 2665 2123 2759 quid

96 2771 266 2862 peccatis.
318 2768 368 2841 Ut
390 2785 506 2839 autem
530 2769 580 2838 sic
598 2772 732 2862 placeat
749 2766 878 2854 homo,
905 2770 973 2838 lide
998 2768 1088 2838 acci·
1140 2782 1253 2860 petat,
1277 2791 1356 2838 cum
1372 2769 1535 2838 nominat
1550 2767 1724 2860 Spiritum
1740 2782 1986 2861 spontaneum,
2010 2769 2047 2837 id
2063 2780 2125 2853 est,

96 2869 274 2962 piendum
294 2883 346 2940 est
363 2872 530 2956 verbum,
545 2882 579 2940 ει
595 2872 770 2942 vincenda
787 2870 976 2955 dubitatio,
991 2871 1086 2962 quod
1140 2871 1316 2940 volentem
1346 2871 1510 2952 obedire,
1550 2884 1584 2941 et
1611 2871 1896 2951 corroboratum,
1936 2885 1974 2940 ut
2003 2869 2124 2962 aliquo

96 2972 141 3043 st
156 2969 369 3042 confirmato
387 2973 493 3041 corde
515 2996 578 3063 per
591 2971 765 3064 Spiritum
782 2984 962 3052 sanctum,
983 2996 1087 3065 quem
1140 2974 1247 3041 modo
1262 2972 1435 3060 possimus
1450 2973 1602 3062 perferre
1620 2971 1826 3043 cruciatum.

96 3073 268 3145 nominat
291 3067 349 3142 hic
363 3071 538 3165 Spiritum
562 3074 721 3155 firmum,
741 3073 864 3154 idest,
888 3097 963 3143 non
980 3074 1089 3144 dubi·
1242 3066 1390 3141 Docebo
1412 3071 1560 3170 inipuos
1577 3070 1658 3141 vius
1674 3079 1773 3145 tuns.
1813 3071 1991 3145 Usitatum
2012 3085 2063 3144 est
2084 3072 2124 3142 in

96 3187 256 3259 tantem,
289 3197 364 3244 non
393 3175 676 3246 dubitationibus
702 3176 947 3260 vacillantem,
978 3175 1088 3265 trepi-
1141 3175 1315 3267 petitione
1337 3175 1472 3244 addere·
1491 3175 1710 3245 mentionem
1733 3175 1982 3264 gratitudinis,
2017 3187 2051 3245 et
2073 3187 2124 3244 est

96 3277 269 3359 dantem,
293 3275 552 3366 langnefactum
575 3291 610 3348 et
628 3278 821 3368 lugientem
843 3274 979 3361 Deum,
998 3278 1088 3347 sicut
1140 3276 1255 3347 simile
1271 3289 1479 3366 argumento
1496 3279 1541 3347 ab
1557 3275 1649 3362 utili,
1675 3278 1736 3346 sed
1752 3278 1791 3345 in
1799 3271 1954 3347 Ecclesia
1972 3272 2010 3346 hi
2024 3276 2126 3366 prin-

97 3372 239 3448 Paulos
255 3377 374 3471 inquit
395 3379 440 3447 de
457 3373 657 3448 Abrabam:
687 3376 771 3449 Non
792 3377 969 3449 dubitavit
992 3379 1087 3448 diffi·
1140 3378 1269 3469 cipales
1284 3377 1371 3446 fines
1389 3392 1472 3448 sunt
1492 3380 1654 3448 omnium
1675 3379 1946 3459 liberationum,
1973 3391 2013 3448 ut
2028 3375 2125 3447 Deus

96 3478 243 3558 dentia,
272 3482 334 3547 sed
359 3480 607 3552 corroboratus
636 3494 687 3552 est
707 3482 794 3572 lide,
824 3482 913 3550 dans
939 3480 1087 3568 gloriam
1140 3480 1302 3550 ostendat
1325 3479 1526 3550 testimonia
1547 3482 1592 3549 de
1612 3502 1668 3562 se,
1694 3494 1728 3552 et
1742 3503 1803 3550 sua
1821 3481 2004 3570 doctrina,
2030 3493 2065 3549 ει
2083 3491 2126 3549 ut
2236 3518 2240 3527 >

96 3575 198 3665 Deo,
219 3591 252 3648 et
268 3593 382 3651 certus
396 3595 461 3654 etc.
1140 3604 1206 3651 nos
1220 3580 1311 3672 grati
1333 3582 1548 3652 celebremus
1561 3581 1699 3668 Deum,
1725 3597 1759 3655 et
1775 3582 1930 3653 velocius
1953 3603 2126 3672 propage·

204 3674 265 3752 Ne
276 3703 456 3779 protectas
471 3704 526 3751 me
541 3706 566 3751 u
572 3680 716 3782 suere
694 3691 779 3765 lun
794 3690 856 3757 etc.
908 3681 1088 3774 Repetitio
1139 3706 1218 3753 mus
1233 3682 1430 3752 doctrinam
1454 3683 1675 3754 confessrone
1690 3697 1723 3753 ει
1740 3685 1922 3770 docendo,
1949 3699 1982 3754 et
2004 3684 2125 3775 plures

98 3795 157 3856 est
178 3783 365 3876 utriusque
388 3784 570 3875 petitionis
589 3787 628 3855 in
650 3787 769 3877 priore
789 3787 969 3871 membro,
1002 3786 1089 3876 petit
1140 3786 1184 3853 ad
1208 3782 1324 3854 Deum
1348 3798 1613 3859 convertantur.
1671 3781 1748 3854 Hos
1772 3787 1935 3878 proprios
1955 3782 2044 3855 fines
2065 3779 2126 3854 hic

96 3907 349 3956 remissionem
364 3899 606 3976 peccatorum
630 3888 714 3981 quin
732 3902 810 3959 orat
835 3901 876 3957 ut
897 3840 1027 3957 Deirs
1015 3911 1088 3967 ira·
1140 3885 1240 3956 addit
1269 3885 1453 3976 petitioni,
1488 3887 1572 3981 quia
1602 3886 1703 3980 sequi
1731 3910 1790 3956 eos
1812 3912 1950 3958 necesse
1983 3901 2051 3970 εει,
2085 3897 2126 3954 ut

97 3985 319 4074 scidesiunt.
371 3984 462 4056 Nem
485 3988 636 4057 abiicere
660 4012 680 4058 a
702 4001 911 4079 conspectu,
935 4004 986 4059 est
1013 4013 1088 4058 non
1141 4010 1243 4080 saepe
1265 3987 1385 4057 alias
1374 4010 1413 4055 ιιι
1434 3987 1747 4068 Ρεειιιιίειιιῐείιιιι.
1800 3985 2126 4060 Psal.117.:Nnn

96 4087 194 4159 velle
219 4088 411 4158 clementer
439 4088 612 4178 aspicere,
646 4113 687 4159 ac
719 4090 866 4180 insuper
896 4091 1087 4161 ebiiectnm
1139 4089 1290 4173 moriar,
1323 4090 1384 4158 sed
1415 4089 1546 4171 vivam,
1583 4102 1618 4160 et
1645 4092 1799 4161 narrabo
1831 4116 1935 4184 opera
1966 4086 2126 4158 Domini.

97 4188 299 4262 terroribus
313 4203 580 4274 consumerent
596 4190 855 4282 saepedrcrtur,
867 4188 996 4266 Psalm
1007 4194 1087 4266 5οη
1141 4189 1233 4262 Psal.
1248 4189 1348 4264 115.:
1375 4188 1552 4284 Drrnprstr
1564 4191 1709 4263 vincula
1726 4216 1815 4281 mea,
1841 4195 1907 4264 tibi
1921 4188 2125 4265 sacrificabo

96 4285 180 4389 Ego
197 4303 314 4361 autern
337 4290 445 4360 dixi
434 4316 473 4359 ιιι
496 4315 635 4362 excessu
658 4316 737 4362 meo
762 4293 938 4410 proiectus
964 4317 1041 4363 sum
1067 4319 1101 4370 a
1139 4284 1291 4362 bostiam
1307 4291 1433 4363 laudis

96 4393 191 4464 sacre
205 4390 391 4461 oculorum
415 4403 577 4479 tuorum,
602 4394 641 4462 id
664 4408 735 4479 est,
761 4394 873 4465 iratus
892 4419 967 4464 non
991 4397 1088 4486 aspi·
1242 4385 1384 4461 Libera
1413 4415 1468 4464 me
1496 4389 1539 4464 de
1561 4391 1831 4488 sanguinibus,
1874 4399 1905 4463 et
1938 4385 2123 4464 exultabit

96 4493 150 4568 eis
172 4516 229 4563 rue
251 4493 640 4587 clementer,1nsuper
672 4496 777 4564 etiam
810 4520 867 4566 me
892 4497 1087 4570 terroribus
1141 4491 1276 4588 lingua
1293 4517 1387 4568 meu.
1438 4494 1620 4590 Repetitio
1648 4511 1698 4567 εει
1721 4497 1903 4589 petitionis
1926 4495 2124 4587 etgratitu·

96 4593 291 4670 consumis.
1140 4597 1246 4670 dinis.
1305 4595 1398 4667 Petit
1420 4613 1536 4670 autem
1561 4594 1621 4668 hic
1648 4598 1835 4690 praecipue
1865 4597 2123 4688 mitigationem

201 4693 341 4766 Deinde
372 4696 460 4788 petit
502 4697 730 4768 donationem
764 4670 919 4790 Spiritbs
959 4699 1087 4771 sancti:
1139 4721 1354 4790 poenarum,
1381 4722 1464 4769 nam
1479 4694 1738 4792 metaphoram
1754 4699 1927 4771 vocabulo
1942 4720 2125 4788 sauguinis

97 4793 285 4918 Spiritum
301 4805 589 4868 sonctnmtunm
607 4822 651 4868 ne
668 4797 826 4899 anseres
847 4824 873 4869 a
888 4823 956 4876 me.
1008 4795 1089 4872 Αιι-
1140 4800 1312 4890 significat
1337 4824 1486 4890 poenam
1511 4793 1707 4894 capitalem.
1759 4801 1854 4874 Petit
1875 4825 1957 4893 ergo
1978 4800 2126 4871 liberari

96 4916 155 4976 tce
178 4897 380 4970 nominavit
401 4900 576 4990 Spiritum
599 4900 760 4988 firmum,
795 4903 833 4972 id
854 4918 923 4989 est,
956 4904 1087 4974 confir·
1139 4925 1295 4994 apoena
1316 4904 1477 5024 capitali,
1503 4916 1544 4974 ut
1566 4903 1774 4993 mitigentur
1798 4928 1952 4995 poenae,
1978 4927 2024 4975 ne
2044 4912 2125 4973 ruat
2173 4949 2181 4966 ,

96 5015 256 5075 mantem
275 5024 338 5072 cor
361 5001 400 5069 in
418 5004 508 5096 fide,
541 5018 576 5073 et
607 5005 804 5074 vincentem
834 4958 1087 5092 dubitationes,
1139 5027 1182 5073 ex
1199 5005 1278 5072 alus
1295 5006 1444 5094 peccatis
1460 5031 1498 5075 ιιι
1514 5005 1601 5086 alra
1616 5019 1655 5076 et
1667 5007 1808 5076 tandem
1825 5029 2015 5099 oppressus
2028 5003 2125 5073 mole

96 5099 160 5177 bic
180 5102 347 5175 nominat
363 5118 541 5185 sanctum,
568 5105 695 5190 idest,
722 5105 997 5198 sanctificantem
1013 5131 1086 5193 cor,
1139 5119 1360 5197 peccatorum
1383 5120 1418 5177 et
1442 5131 1636 5199 poenarum
1659 5120 1739 5177 ruat
1756 5106 1796 5176 in
1809 5121 1986 5179 aeternam
2002 5109 2126 5196 despe-

96 5207 197 5303 qnod
213 5206 258 5274 ad
273 5205 476 5275 universam
498 5207 739 5279 obedientiam
764 5208 935 5300 pertinet,
962 5231 1088 5297 regen·
1139 5207 1330 5286 rationem,
1363 5218 1397 5276 et
1421 5230 1552 5300 poenas
1574 5221 1753 5294 aeternas,
1786 5208 1878 5281 sicut
1900 5208 2003 5294 Saul,
2029 5202 2125 5278 Pha·

96 5321 167 5382 tem
186 5330 250 5378 cor
257 5355 270 5390 ,
296 5305 395 5378 iuxta
409 5307 528 5378 omnia
544 5323 741 5401 praecepta,
767 5310 858 5380 sicut
873 5311 1086 5381 vocabulum
1138 5331 1201 5380 rao
1219 5323 1286 5380 etc.
1336 5308 1388 5379 Its
1404 5310 1491 5381 alibi
1507 5309 1595 5403 petit
1609 5309 1885 5401 mitigationem:
1911 5309 2064 5381 Domine
2080 5331 2126 5378 ne

96 5423 241 5495 sancte,
264 5409 477 5501 generaliter
491 5408 665 5502 significat
680 5411 849 5484 attributa
872 5412 993 5484 usibus
1007 5410 1087 5497 Dei,
1138 5411 1179 5481 in
1199 5408 1321 5517 furere
1349 5421 1411 5484 tuo
1433 5435 1559 5506 arguas
1580 5435 1665 5490 me.·
1697 5408 1747 5485 Et
1761 5407 1976 5484 Hieremias:
2003 5407 2047 5480 lu
2069 5409 2127 5481 iu·
