4538 5754
45 233 136 317 Μ

52 404 95 475 ab
114 423 258 494 aposseo
289 396 474 493 aequiantis
497 394 648 482 distant,
680 397 778 469 etin
802 394 941 468 Venere
962 395 1043 490 qui-

54 506 146 587 dem,
163 503 270 592 errius
284 523 442 590 apogeon
457 523 536 569 eum
553 497 649 569 Solis
664 521 799 589 apogeo
814 498 1042 568 coniunctum

55 603 237 681 creditur,
270 603 462 670 ascendens
483 622 544 669 seu
566 599 731 669 attollens
746 604 863 670 nodus
878 613 929 669 est
953 599 990 666 in
1007 597 1044 666 7.

54 707 182 796 gradu'
198 699 355 786 Arietis,
403 701 619 772 descendens
646 722 710 769 seu
733 694 910 771 devehens
948 699 987 767 iu
1008 694 1044 770 7.

51 807 235 898 marine&
286 804 329 872 ln
345 801 528 871 Mercurio
552 824 655 881 vero,
682 805 782 872 cuius
806 824 964 890 apogeon
986 822 1044 867 ae·

53 907 195 1001 queuis
217 904 374 973 diximus
397 925 470 972 esse
493 903 532 969 in
555 925 652 972 nono
673 906 785 989 gradu
807 900 966 991 Scorpii,
990 913 1045 968 at·

55 1007 185 1079 tollens
200 1009 319 1073 nodus
338 1017 389 1072 est
407 1003 445 1071 iu
467 1026 564 1074 nono
578 1003 688 1093 gradu
702 1017 756 1099 Ω,
777 996 959 1074 devehens
978 1023 1044 1070 au·

54 1107 174 1180 tasin
184 1108 302 1195 gradu
311 1105 347 1173 9.
359 1104 453 1192 signi
469 1105 622 1194 oppositi
634 1124 690 1173 aaz.

151 1234 224 1309 lter
247 1249 366 1308 antem
399 1231 507 1306 buius
530 1237 743 1310 deviationis
763 1229 849 1304 baec
875 1245 1043 1327 perpetua

58 1341 126 1427 lex,
151 1352 299 1410 utrum
322 1351 484 1409 centrum
507 1339 656 1432 epicycli
679 1339 718 1407 in
740 1335 845 1405 nodis
871 1349 940 1415 est,
971 1357 1042 1404 una

10 1518 12 1523 ,
58 1442 97 1511 ait
112 1452 151 1512 et
168 1437 370 1529 Eaelipticae
389 1452 424 1507 et
440 1440 625 1509 eccentrici
644 1441 750 1530 plana
764 1436 984 1526 superficies,
1010 1449 1043 1502 et

58 1543 152 1612 nulla
189 1540 347 1611 latitudo
385 1540 583 1610 eccentrici.
650 1540 721 1612 Sed
752 1561 832 1607 cum
868 1537 1044 1631 epicyclus

58 1644 187 1714 rnodn
203 1642 332 1710 dextro
347 1661 469 1709 versus
485 1663 644 1730 apogeon
668 1637 854 1710 eccentrici
873 1637 1044 1728 procedit,

57 1747 127 1836 ipse
144 1741 370 1814 eccentricus
391 1741 561 1831 paulatim
575 1743 620 1810 ab
636 1737 830 1832 Eclipticae
853 1740 960 1830 plano
983 1739 1045 1809 de-

58 1847 176 1926 clinat,
203 1855 241 1913 et
255 1842 353 1911 ultra
364 1836 574 1931 Ecliptieam
591 1843 725 1933 profert
741 1840 948 1932 epicyclum,
969 1836 1046 1919 ⁸Ve-

59 1942 148 2016 neris
166 1942 321 2039 quidem
334 1957 473 2032 semper
488 1964 610 2013 versus
627 1943 917 2034 septentrionem,
943 1936 1044 2008 Mer-

60 2045 144 2117 rurii
161 2068 257 2115 vero
276 2063 398 2112 versus
420 2042 616 2115 meridiem.
653 2043 811 2114 Maxima
824 2054 941 2111 autem
959 2063 1044 2109 con·

62 2146 160 2236 tingit
185 2142 377 2214 eccentrici
395 2141 552 2239 ἔγκλισις
569 2166 630 2213 seu
657 2143 831 2224 deviatio,
857 2165 937 2210 cum
964 2164 1046 2209 cen·

61 2261 148 2317 trum
166 2244 325 2337 epicycli
344 2243 505 2313 fueritin
521 2266 651 2333 apogeo
669 2244 725 2313 vel
740 2243 878 2335 perigeo
892 2264 1045 2334 aequan-

61 2349 119 2429 tis,
142 2348 186 2415 in
204 2343 348 2413 Venere
369 2344 513 2436 quidem
535 2345 727 2438 utrobique
749 2342 1047 2432 septentrionalis,

60 2449 250 2519 continens
267 2444 404 2514 minuta
425 2443 481 2528 to,
507 2444 545 2513 in
558 2443 741 2516 Mercurio
765 2467 850 2513 vero
875 2444 1044 2513 meridio-

62 2548 146 2619 nalia
160 2545 359 2618 continens
379 2545 464 2614 min.
479 2540 541 2617 45.

157 2661 261 2735 Ilaec
300 2661 481 2731 mobilitas
527 2662 713 2732 eccentrici
761 2661 959 2733 accedentis
1004 2663 1047 2731 ad

63 2762 262 2858 Eclipticae
277 2762 426 2853 planum
442 2775 477 2832 et
502 2764 715 2848 recedentis,
742 2777 794 2834 est
816 2764 959 2855 propria
982 2759 1049 2832 bo·

63 2891 137 2937 rum
153 2864 411 2949 Planetarum,
437 2887 510 2933 non
528 2866 727 2934 communis
749 2888 828 2933 cum
852 2866 967 2935 tribus
989 2887 1049 2934 su-

65 2967 285 3059 perioribus,
310 2984 463 3056 quorum
480 2965 665 3034 eccentrici
683 2977 824 3033 servant
838 2968 957 3032 eadem
969 2989 1049 3056 per·

622 221 693 305 111.
744 219 907 303 tutata
929 214 1228 300 DOCTRINAE
1253 214 1507 297 euastetu-

2003 226 2081 303 290

1095 392 1338 464 meridionalis
1360 390 1547 462 continens
1571 389 1609 460 in
1642 413 1774 482 apogeo
1799 393 1947 488 epicycli
1967 420 2020 489 gr.
2046 403 2078 488 t,

1095 496 1182 563 min.
1205 493 1274 583 46,
1298 494 1337 561 in
1358 494 1498 582 perigeo
1515 514 1565 580 gr.
1579 490 1622 576 4,
1646 493 1733 582 min.
1749 491 1787 564 6.

1198 610 1399 684 Reccdente
1417 622 1533 678 autem
1546 624 1667 680 centro
1683 612 1830 706 epicycli
1847 617 1973 684 anodo
1988 619 2077 687 sini·

1094 727 1165 784 stro
1185 710 1304 781 versus
1319 712 1478 780 infimam
1502 725 1633 801 partem
1659 714 1863 799 eccentrici,
1886 709 1972 786 haec
1995 718 2078 789 lati·

1094 818 1179 884 tudo
1205 815 1332 884 iterum
1362 811 1555 893 minuitur,
1588 814 1700 883 donec
1732 814 1908 909 epicyclus
1934 819 2077 910 attingit

1093 916 1293 1007 perigeum,
1318 914 1381 981 ubi
1405 913 1531 981 iterum
1556 914 1656 983 nulla
1680 929 1732 984 est
1752 916 1898 1010 epicycli
1922 919 2076 989 inclina-

1094 1018 1164 1100 tio,
1199 1018 1341 1107 quando
1372 1026 1490 1084 tamen
1517 1028 1568 1085 est
1600 1016 1752 1086 maxima
1786 1022 1969 1090 eccentrici
2011 1024 2075 1092 de·

1095 1118 1216 1188 viatio.

1195 1215 1264 1287 Sed
1281 1214 1437 1308 epicyclo
1459 1214 1505 1282 ab
1527 1213 1597 1282 ima
1621 1226 1720 1306 parte
1746 1219 1930 1289 eccentrici
1954 1245 2075 1294 ascen-

1095 1319 1220 1400 dente,
1255 1316 1358 1384 etiam
1397 1338 1568 1406 apogeum
1610 1316 1756 1409 epicycli
1797 1317 1922 1412 incipit
1957 1327 2075 1397 denuo

1094 1419 1238 1509 aplano
1265 1416 1450 1485 eccentrici
1473 1417 1655 1501 recedere,
1679 1417 1718 1486 in
1746 1416 1893 1490 Veneris
1920 1424 2075 1519 epicyclo
2113 1454 2118 1461 ·

1094 1541 1216 1588 versus
1232 1516 1439 1609 meridiem,
1458 1517 1497 1585 in
1520 1514 1691 1587 Mercurii
1714 1540 1837 1588 versus
1863 1528 2074 1614 septentrio·

1094 1643 1197 1704 nem,
1228 1630 1404 1686 crescente
1427 1639 1564 1708 temper
1579 1613 1645 1689 bac
1666 1619 1897 1691 inclinatione
1917 1625 2077 1720 epicycli,

1094 1722 1207 1790 donee
1224 1719 1433 1788 adulterum
1448 1720 1585 1788 nodum
1602 1719 1763 1789 dextrum
1790 1725 1990 1811 perveniat,
2012 1728 2076 1799 ubi

1094 1821 1194 1892 nulla
1210 1833 1262 1890 est
1286 1820 1470 1889 eccentrici
1501 1818 1671 1905 deviatio,
1695 1834 1730 1891 et
1750 1824 1901 1895 maxima
1927 1828 2076 1923 epicycli
2156 1838 2165 1853 ‘

1095 1920 1299 2004 inclinatio,
1333 1921 1521 1990 continens
1545 1920 1692 1989 totidern
1714 1924 1843 2012 gradus
1869 1940 1903 1997 et
1925 1929 2077 2019 minuta,

1095 2036 1182 2117 quot
1194 2023 1296 2114 prius
1314 2034 1396 2090 suut
1411 2034 1696 2096 commemorata.

1196 2151 1235 2227 T
1235 2153 1327 2225 ertia
1364 2156 1516 2227 latitudo
1554 2179 1700 2247 prorsus
1729 2173 1779 2230 est
1809 2163 1997 2251 peculiaris
2019 2159 2076 2235 his

1096 2259 1236 2329 duobus
1250 2257 1423 2350 Planetis,
1445 2280 1535 2350 quae
1551 2250 1701 2338 λόξωσις
1714 2282 1733 2328 a
1747 2257 1960 2350 Ptolemaeo,
1985 2289 2004 2334 a
2020 2289 2077 2335 re·
2099 2248 2104 2252 ’

1097 2362 1258 2430 centibus
1273 2357 1434 2430 Rcllexio
1452 2371 1608 2428 vocatur.
1721 2376 1725 2382 '

1198 2475 1290 2546 Nam
1305 2488 1338 2546 et
1354 2476 1463 2547 latera
1478 2475 1647 2569 epicycli,
1672 2471 1740 2547 boc
1757 2491 1826 2563 est,
1852 2495 1980 2571 puncta
2002 2508 2077 2553 me-

1099 2578 1158 2649 dia
1173 2577 1267 2646 inter
1281 2599 1452 2668 apogeum
1464 2589 1499 2646 et
1515 2575 1694 2668 perigeutn
1712 2579 1858 2674 epicycli
1880 2582 2007 2668 agitata
2022 2583 2079 2651 vi-

1099 2678 1214 2751 cissim
1234 2703 1339 2769 super
1354 2679 1526 2747 diametro
1544 2677 1618 2746 veri
1635 2681 1757 2769 apogei
1775 2695 1807 2751 et
1824 2684 1956 2771 perigei
1972 2685 2079 2774 apla-

1099 2806 1146 2850 no
1163 2779 1348 2849 eccentrici
1360 2780 1528 2848 recedunt
1549 2791 1643 2847 certo
1668 2779 1875 2867 intervallo,
1901 2796 1934 2851 et
1956 2808 2079 2856 rursus

1099 2883 1288 2960 accedunt,
1315 2878 1490 2948 imitantia
1506 2891 1641 2947 motum
1657 2893 1889 2952 antennarum
1913 2884 1950 2952 in
1974 2886 2079 2954 navi·

1100 2983 1165 3051 bus
1189 2977 1253 3049 hac
1283 2981 1442 3050 ·.·idelicet
1465 2992 1628 3069 perpetua
1649 2981 1742 3068 lege,
1773 2995 1813 3050 ut
1840 2985 1977 3076 quoties
1996 3011 2080 3054 cen·
2200 2974 2203 2978 ⁵

66 3083 165 3157 l‘lffl’
196 3065 389 3134 inlilvalla
416 3064 667 3136 declinallffllli
696 3064 869 3135 maximae
897 3089 917 3134 ὅ
941 3066 1049 3157 Pl³⁰⁰
1100 3098 1193 3152 trum
1222 3081 1368 3174 epicycli
1398 3093 1448 3149 est
1478 3079 1514 3147 in
1538 3080 1632 3148 nodo
1657 3081 1837 3150 attollente
1867 3106 1927 3151 seu
1954 3087 2078 3155 dextro

67 3163 273 3261 ΕΐΠΡίῖῑὸθ·
1099 3184 1153 3269 (in
1169 3206 1239 3275 quo
1255 3182 1322 3249 situ
1339 3181 1525 3248 maximam
1544 3179 1696 3249 diximus
1715 3204 1792 3258 essev
1805 3183 2080 3283 epicyclii‘yalt-

161 3277 340 3356 Secunda
365 3284 534 3368 latitudo,
557 3281 713 3383 ἔγκλισις
734 3279 825 3356 ’τῶν
846 3277 1051 3356 ἐπικύκλων
1101 3289 1176 3370 σιν)
1200 3296 1328 3373 puncta
1353 3280 1618 3370 longitudinum
1645 3283 1841 3354 mediarum
1872 3284 1910 3352 in
1933 3286 2082 3381 epicycli

67 3385 350 3467 truincliuatio,
375 3384 503 3454 similis
525 3397 596 3469 est,
623 3387 718 3479 quod
741 3387 786 3453 ad
808 3398 944 3454 motum
966 3385 1051 3456 atti·
1099 3385 1270 3455 lateribus
1287 3382 1412 3453 sintin
1426 3381 1531 3474 plano
1550 3384 1746 3466 eccentrici,
1771 3395 1804 3453 et
1823 3384 1920 3454 nulla
1943 3387 2002 3456 bat
2024 3411 2082 3458 re-
2182 3462 2187 3468 λ

66 3503 140 3568 oet,
166 3483 359 3557 eccentrici
381 3483 591 3570 mobilitati,
623 3500 656 3555 et
681 3485 850 3555 convenit
871 3510 952 3555 cum
975 3485 1052 3577 epi·
1100 3485 1214 3554 llexio.
1268 3482 1337 3554 Sed
1368 3508 1447 3552 cum
1472 3483 1555 3550 inde
1577 3484 1708 3554 recedit
1738 3485 1931 3578 epicyclus,
1971 3489 2082 3559 latera

66 3590 248 3685 syclorum
263 3592 381 3670 motu,
407 3611 478 3679 quo
494 3600 563 3656 tres
576 3587 773 3677 superiores
790 3585 957 3655 Planetae
971 3610 1052 3655 suas
1101 3587 1176 3656 eius
1192 3584 1347 3674 torqueri
1364 3583 1538 3673 incipiunt
1559 3608 1578 3652 a
1596 3585 1702 3672 plano
1724 3587 1929 3670 eccentrici,
1954 3588 1990 3655 in
2009 3587 2082 3658 Ve-

63 3687 279 3761 latitndines
302 3700 514 3776 permutant.
581 3685 670 3756 Nam
697 3687 792 3756 etin
816 3681 873 3755 his
897 3684 1053 3758 Planetis
1102 3711 1186 3756 nere
1208 3687 1352 3778 quidem
1377 3707 1497 3753 versus
1518 3686 1817 3776 septentrionem,
1843 3689 1901 3755 secl
1926 3687 2081 3760 inMer·

63 3791 161 3862 linea
181 3788 310 3879 apogei
324 3799 357 3856 et
375 3787 507 3877 perigei
525 3788 600 3856 veri
616 3811 722 3879 super
745 3788 917 3857 diametro
934 3789 1050 3876 longi·
1102 3789 1202 3857 curio
1225 3809 1344 3855 versus
1373 3785 1576 3868 meridiem,
1618 3796 1734 3877 eaque'
1759 3787 1899 3856 reflexio
1932 3805 2081 3881 augetur

56 3892 238 3965 tudinum
263 3888 459 3958 mediarum
489 3889 655 3983 epicycli,
688 3889 839 3980 aplano
868 3889 1053 3959 eccentrici
1103 3888 1279 3971 tamdiu,
1315 3889 1428 3955 donec
1452 3897 1610 3954 centrum
1636 3888 1781 3981 epicycli
1816 3893 2012 3962 ascenderit
2036 3895 2082 3961 'ad

59 4003 259 4082 eeapstm,
294 3987 343 4058 ita
368 4004 408 4061 ut
437 4012 567 4080 apogea
589 4003 624 4058 et
647 3990 787 4079 perigea
815 3991 1053 4085 epicyclorum
1103 4011 1262 4080 apogeon
1296 3987 1498 4066 eccentrici,
1547 3985 1597 4054 ibi
1626 4011 1705 4056 cum
1744 3986 1900 4086 ἔγκλισις
1936 3993 2083 4086 epicycli

58 4093 214 4184 apiano
231 4088 418 4179 eccentrici
431 4091 609 4160 declinent
625 4093 732 4159 modo
747 4114 868 4161 versus
882 4104 1053 4172 austrum,
1103 4091 1223 4169 nulla,
1254 4088 1437 4159 eccentrici
1475 4101 1591 4157 autem
1629 4089 1779 4159 maxima
1802 4104 1871 4174 est,
1906 4107 2083 4181 utsupra
2196 4132 2198 4136 Α

62 4199 180 4264 niodo
195 4214 316 4260 versus
334 4191 620 4281 septentrionem,
647 4193 706 4265 sed
723 4186 889 4281 haclege,
914 4196 1054 4262 utnusss
1104 4190 1197 4274 dixi,
1226 4189 1402 4280 contingit
1435 4189 1540 4259 etiam
1576 4189 1719 4258 reflexio
1749 4191 1896 4283 epicycli
1920 4192 2085 4278 maxima,

60 4320 177 4389 qnam
194 4318 215 4363 ιι
231 4291 339 4382 plano
364 4291 548 4385 eccentrici
573 4293 783 4375 abscedant,
810 4294 953 4384 quando
972 4316 1055 4362 een.
1106 4291 1247 4386 quaein
1268 4289 1405 4360 Venere
1419 4291 1563 4382 quidem
1576 4290 1735 4362 continet
1750 4293 1881 4382 pariter
1895 4291 1934 4359 in
1949 4315 2083 4385 apogeo

63 4413 168 4469 trum
183 4393 331 4487 epicycli
351 4405 403 4463 est
426 4392 465 4459 in
480 4414 612 4483 apogeo
628 4392 827 4463 eccentrici.

176 4525 267 4597 Inde
280 4518 364 4596 aero
390 4527 573 4597 recedente
593 4527 768 4620 epicyclo,
797 4548 963 4628 apogeon·
980 4527 1056 4597 eins

65 4629 202 4722 incipit
230 4627 415 4699 deflectere
436 4650 458 4697 a
483 4627 589 4717 plano
617 4628 822 4706 eccentrici,
857 4629 896 4695 in
919 4625 1057 4698 Venere

52 4734 219 4829 quidem
248 4750 369 4799 veraus
389 4728 676 4819 septentrionem,
703 4726 742 4796 in
765 4726 945 4798 Mercurio
971 4753 1056 4800 vero

51 4852 196 4904 weram
207 4830 407 4914 meridiem,
430 4841 607 4900 crescente
620 4851 757 4920 semper
769 4828 970 4913 latitudine,
989 4832 1057 4901 do-

64 4958 138 5007 nee
159 4944 325 5003 eennum
349 4928 498 5024 epicycli
524 4930 667 5020 attingit
697 4931 833 5000 nodum
857 4928 1055 5017 sinistrum,
1121 4920 1128 4930 “

55 5037 121 5107 ibi
135 5033 258 5116 enim,
283 5054 364 5105 enm
386 5029 487 5101 nulla
500 5044 553 5102 eet
574 5031 760 5103 eccentrici
782 5031 958 5116 deviatio,
982 5056 1057 5103 ma·

1106 4406 1141 4463 et
1163 4392 1304 4482 perigeo
1338 4391 1522 4462 eccentrici
1544 4395 1570 4463 2
1594 4394 1723 4481 gradus
1746 4405 1779 4461 et
1803 4392 1992 4468 semissem.
2042 4393 2086 4472 lu

1106 4492 1289 4563 Mercurio
1323 4515 1407 4562 vero
1437 4493 1596 4562 continet
1624 4492 1662 4560 in
1693 4514 1825 4582 apogco
1857 4496 2087 4586 aequantis2

1106 4595 1235 4686 gradus
1257 4606 1292 4663 et
1321 4589 1368 4663 16
1391 4593 1547 4678 minuta,
1573 4592 1611 4659 in
1635 4593 1774 4683 perigeo
1795 4618 1879 4665 vero
1911 4598 2087 4686 zgradus

1107 4711 1141 4769 et
1164 4692 1212 4765 45
1236 4695 1384 4764 minuta.
1451 4693 1554 4764 Hanc
1577 4692 1861 4784 inaequalitatem
1885 4692 1943 4766 hic
1966 4720 2088 4769 narsus

1107 4796 1214 4882 efficit
1230 4819 1356 4885 magna
1373 4793 1543 4866 Mercurii
1557 4795 1807 4872 eccentricitas.
1928 4864 1931 4869 .

1210 4927 1307 4999 Haec
1333 4942 1385 4999 est
1410 4925 1641 4998 latitudinum
1664 4927 1755 4997 ratio
1772 4927 1809 4996 in
1830 4923 1887 4998 bis
1908 4929 2089 5002 inferiori-

1107 5034 1176 5104 bus
1196 5027 1512 5113 duobusPlanetis,
1527 5027 1710 5120 aliquanto
1726 5030 1958 5118 magnentia,
1983 5058 2090 5126 quam

65 5139 180 5208 siua-
193 5147 249 5205 eet
268 5132 417 5228 epicycli
440 5130 646 5213 inclinatio,
677 5129 827 5203 Veneris
846 5134 1058 5224 septentrio·
1099 5134 1218 5225 trium
1233 5131 1471 5222 superiorum.
1524 5126 1592 5200 Sed
1613 5123 1672 5199 bic
1692 5131 1911 5200 observanda
1934 5148 1984 5202 est
2002 5135 2089 5205 mira

57 5237 167 5310 -nalia
189 5233 377 5307 tuntinano
397 5234 438 5303 in
460 5256 592 5323 apogeo
613 5233 766 5328 epicycli¹
784 5235 825 5318 1,
854 5256 904 5323 gr.
921 5233 946 5306 d
962 5236 1059 5319 min,

70 5340 110 5408 in
124 5337 271 5426 μύκαι
288 5334 435 5428 epicycli
449 5356 501 5423 gr.
513 5332 565 5420 ’6,
584 5336 671 5405 min.
686 5339 750 5410 28.
778 5333 959 5407 Mercurii
975 5360 1059 5409 vero
1082 5402 1085 5411 .

121 5440 305 5507 llsnsrrr.
333 5440 438 5506 Orsa.
467 5439 550 5504 Vor..
570 5439 667 5506 XIII.

1112 5246 1345 5323 temperatura
1367 5228 1495 5301 barum
1519 5229 1769 5316 latitudinum,
1794 5256 1863 5325 qua
1879 5232 1976 5304 Deus
1996 5230 2093 5306 baud

1108 5335 1221 5406 dubie
1241 5347 1338 5404 certo
1363 5332 1514 5405 consilio
1531 5330 1644 5505 elegit,
1668 5328 1895 5405 neramborht
1918 5334 2095 5421 Planetae,
