4538 5754
122 250 218 332 ross
432 183 440 195 ’
703 232 973 315 sumum.
1000 227 1539 315 sentiremuonncs
2044 242 2127 324 1004

122 444 217 509 tum,
243 421 426 491 voluntut
442 418 485 487 sd
501 411 694 486 Ecclesiam
711 415 1046 506 nosadiungamos‚
1069 426 1104 484 et
1152 406 1203 478 tio
1229 407 1304 498 spei
1323 430 1428 478 verae
1452 421 1486 479 et
1509 409 1584 501 spei
1608 409 1769 482 carnalis.
1822 409 1866 483 In
1888 414 2010 503 primo
2039 438 2128 490 verm

122 540 163 600 ut
184 527 223 594 in
243 520 400 594 Ecclesia
422 531 524 589 sonet
547 531 668 588 nostra
692 518 878 593 confessio.
938 515 1023 587 ldeo
1045 516 1104 584 in-
1152 508 1270 580 statim
1299 509 1339 576 in
1370 510 1614 601 propositione
1646 512 1795 582 dicitur:
1839 508 1893 582 In
1923 523 1957 584 ts
1980 511 2128 590 Domine

124 629 216 725 quit:
243 619 407 694 Psallits
421 617 590 691 Domino
599 614 733 689 Sancti
745 618 835 692 eius.
1150 631 1273 705 spero:
1299 633 1374 679 non
1391 605 1603 708 confundor
1618 609 1659 680 in
1673 621 1878 696 ueternum,
1907 617 1946 686 id
1966 630 2040 703 est,
2063 644 2127 692 mea

225 728 340 798 Versu
363 725 489 817 quinto
517 721 660 792 collatio
691 722 859 792 recitatur
890 717 1102 789 adflictionis
1151 735 1229 802 spes
1247 735 1322 780 non
1338 712 1466 783 nititur
1482 707 1648 783 humanis
1663 717 1865 806 praesidiis,
1891 742 1971 788 non
1986 743 2063 789 mea
2081 722 2128 791 iu-

122 849 155 907 et
169 826 430 903 consolationis.
483 823 665 915 Significat
680 825 787 894 breve
803 846 877 892 esse
888 818 1027 913 tempus
1039 822 1102 889 ad·
1151 812 1270 897 sticia,
1302 836 1377 882 non
1406 813 1493 882 meis
1518 815 1677 900 viribus,
1709 821 1770 887 sed
1798 831 1861 889 tua
1885 820 2127 898 misericordia.

119 933 303 1013 flitgionig,
331 931 391 999 god
410 938 529 1019 posteo
550 926 827 995 consolationem
842 938 1039 1006 aeternam,
1063 935 1103 991 ut
1152 913 1211 983 Tu
1228 913 1337 1002 igliur
1354 915 1450 1006 eripe
1464 927 1597 986 meluit
1613 915 1769 1003 luillcia',
1796 921 1832 987 ld
1856 918 1929 1006 idi,
1955 934 1999 991 lu
2013 945 2067 993 me
2078 925 2127 994 ds-

121 1044 159 1114 2,
179 1033 262 1106 (ξω,
285 1029 338 1101 4,;
371 1028 598 1100 Momentum
625 1028 838 1098 adflictionis
859 1040 1000 1096 nostrae
1026 1023 1102 1092 effi-
1153 1015 1263 1085 clares
1287 1016 1421 1086 iustum
1443 1028 1479 1086 et
1501 1017 1568 1087 tibi
1582 1031 1763 1110 acceptum
1779 1043 1864 1095 esse.
1917 1018 2038 1092 Aliter
2048 1026 2126 1094 euim
2171 1054 2174 1092 a

122 1142 190 1211 ciet
207 1152 387 1210 aeternum
405 1131 545 1222 pondus
559 1130 702 1220 gloriae.
752 1127 849 1199 Haec
870 1128 1014 1198 collatio
1038 1149 1103 1193 ne-
1151 1111 1290 1209 phresis
1315 1117 1520 1208 accipienda
1543 1131 1615 1199 est,
1641 1143 1747 1213 quam
1775 1123 1806 1190 si
1821 1121 1955 1192 Latino
1978 1128 2125 1195 morede

122 1240 269 1314 cessaria
300 1248 369 1319 est,
394 1245 436 1303 ut
463 1232 613 1302 sciamus
635 1230 744 1302 finem
766 1232 842 1301 iore
862 1229 1113 1320 praesentium
1152 1218 1268 1289 iudice
1288 1218 1513 1313 loqueremur
1533 1219 1639 1290 iudex
1662 1221 1801 1292 iusticia
1824 1236 1885 1294 tua
1911 1225 2042 1315 punias
2062 1248 2124 1319 par·

121 1343 364 1420 miseriarum,
390 1356 480 1427 quae
495 1355 597 1424 saepe
610 1347 693 1403 sunt
710 1329 910 1402 horribiles.
1151 1319 1292 1394 ricidas.

223 1439 338 1510 Versu
347 1437 383 1511 6.
397 1435 476 1508 et'l.
493 1435 687 1506 recitantur
702 1456 826 1504 causae
839 1432 1102 1503 adtlictionum:
1255 1436 1298 1507 ln
1318 1462 1421 1508 versu
1434 1453 1529 1510 sexto
1546 1441 1817 1513 clarediscemit
1832 1444 2014 1536 duplicem
2030 1467 2123 1537 spem:
2166 1452 2174 1493 ²

121 1544 205 1618 Dixi
218 1542 256 1611 iu
272 1538 488 1611 abundantia
504 1561 598 1622 mea,
623 1560 698 1605 non
713 1538 898 1607 movebor.
938 1530 1102 1622 Respon-
1153 1532 1233 1612 Odi
1250 1537 1481 1610 observantes
1497 1540 1718 1628 vanitatem,
1745 1545 1783 1612 id
1806 1558 1876 1630 est,
1903 1569 1965 1616 eos
1989 1546 2051 1639 qui
2070 1543 2123 1617 bu·

122 1648 175 1718 sio
192 1658 244 1715 est
258 1638 451 1713 securitatis
467 1640 505 1707 in
522 1640 627 1709 rebus
640 1638 820 1719 secundis,
848 1649 882 1707 et
897 1655 1101 1705 commone·
1153 1666 1257 1712 mana
1276 1642 1467 1734 sapientia,
1494 1638 1652 1714 humana
1664 1645 1803 1716 iusticia
1810 1696 1823 1731 ,
1850 1647 2039 1737 praesidii,
2053 1648 2124 1718 mi.
2165 1654 2174 1693 .·

120 1748 246 1827 factio,
281 1759 320 1815 ul
341 1741 530 1832 cogitemus
561 1763 615 1811 r&
641 1740 812 1809 secundas
841 1738 908 1809 Dei
935 1733 1103 1807 benefitia
1153 1766 1275 1815 corum
1306 1743 1481 1816 nituntur.
1541 1742 1638 1816 Haec
1672 1748 1792 1816 omnia
1819 1770 1909 1817 vana
1941 1760 1977 1818 et
2007 1748 2126 1819 iallasia
2165 1752 2174 1795 ⁵

123 1873 215 1933 esse,
241 1870 305 1915 nec
320 1845 444 1912 bamus
457 1842 666 1922 insolentes,
691 1841 846 1931 superbi,
870 1839 1101 1929 negligentes:
1153 1859 1254 1926 sunt,
1292 1844 1383 1915 sicut
1412 1844 1498 1915 alias
1522 1847 1691 1937 scriptum
1718 1860 1787 1917 est:
1828 1847 2048 1921 Maledictus
2077 1849 2127 1942 qui
2165 1856 2174 1896 ⁵

123 1949 325 2038 Tantisper,
342 1945 471 2037 inquit,
487 1943 610 2022 floreo,
627 1944 713 2011 duio
729 1942 909 2015 meiuves,
936 1938 1006 2011 Sed
1022 1962 1102 2008 cum
1154 1944 1300 2017 confidit
1333 1946 1371 2014 in
1404 1941 1570 2038 homine,
1605 1960 1638 2017 et
1658 1949 1760 2039 ponit
1790 1972 1934 2019 carnem
1956 1946 2128 2022 brachium

122 2049 309 2123 abscondis
330 2047 460 2119 faciem
478 2060 595 2129 tuam,
618 2044 656 2113 id
678 2058 747 2128 est,
779 2067 860 2114 cum
884 2064 958 2111 nou
977 2038 1103 2130 aspicis
1154 2070 1270 2120 suum,
1327 2042 1485 2118 Econtra
1515 2073 1601 2118 vero
1621 2050 1739 2141 inquit
1772 2048 1954 2121 Psalmus:
1988 2047 2129 2146 Egoin

122 2167 162 2224 ut
179 2176 234 2222 me
250 2151 366 2233 iuves,
392 2147 598 2238 ingentibus
617 2144 769 2215 miseriis
785 2144 980 2239 opprimor.
1032 2140 1104 2211 Sed
1153 2143 1324 2216 Domino
1343 2145 1501 2245 speravi.
1554 2146 1633 2220 Hoc
1660 2151 1756 2220 dicto
1782 2164 1817 2222 et
1837 2153 2019 2225 similibus
2040 2156 2129 2224 doce·

122 2257 161 2324 in
173 2249 230 2323 his
243 2253 286 2321 ad
303 2265 336 2320 te
353 2247 528 2337 coniugio.
1155 2273 1237 2319 mur
1253 2252 1298 2319 de
1313 2271 1386 2339 spe,
1408 2274 1498 2342 quae
1514 2251 1601 2341 petit
1617 2263 1651 2321 ct
1667 2265 1823 2342 expectat
1839 2254 2014 2325 auxilium
2026 2252 2130 2336 alteo.
2164 2286 2173 2303 ·

222 2353 337 2422 Versu
351 2349 386 2424 9.
406 2362 652 2437 argumentum
676 2345 964 2438 recitaturquare
980 2345 1025 2415 sit
1043 2369 1105 2436 pe·
1155 2351 1262 2421 etiam
1285 2373 1365 2420 cum
1390 2351 1551 2422 destituti
1574 2374 1695 2422 sumus
1717 2348 1882 2424 humanis
1906 2357 2073 2443 auxiliis,
2099 2369 2129 2428 ut

123 2458 229 2529 tenda
244 2452 420 2536 liberatio,
433 2450 566 2518 scilicet
581 2463 620 2518 ut
634 2446 731 2519 Deus
744 2446 974 2538 glorificetur:
1001 2440 1109 2541 Quid
1155 2451 1243 2522 alibi
1275 2452 1421 2521 dicitur:
1454 2450 1561 2522 Pater
1583 2464 1617 2523 et
1647 2468 1760 2525 mater
1782 2454 2052 2549 dereliquerunt
2073 2480 2128 2542 ms,

121 2553 268 2654 prodest
291 2550 375 2622 Deo
398 2557 520 2619 noster
539 2547 735 2618 interitus?
780 2546 827 2618 Et
848 2561 889 2619 ut
911 2549 1042 2619 dicitur
1066 2548 1105 2617 in
1155 2550 1333 2623 Dominus
1353 2565 1471 2623 autem
1493 2553 1648 2652 suscepit
1669 2579 1738 2626 me.
1791 2555 1833 2625 ln
1855 2557 1927 2626 fine
1948 2559 2127 2649 gratiarum

125 2659 256 2729 Tobia:
284 2653 367 2724 Non
383 2653 578 2723 delectatur
592 2652 692 2749 Deus
704 2648 906 2749 perditione
922 2649 1046 2723 nostri.
1157 2652 1247 2723 actio
1262 2665 1477 2723 recensetur:
1508 2648 1731 2724 Benedictus
1745 2650 1958 2745 Dominus,
1985 2657 2055 2756 qui
2073 2653 2127 2727 mi·

222 2760 265 2829 ln
287 2756 362 2825 fine'
379 2753 596 2846 precationes
619 2754 818 2837 adduntur,
850 2751 934 2844 quia
954 2750 1108 2823 subinde
1158 2747 1315 2846 rificovit
1331 2750 1623 2824 misericordiam
1636 2779 1745 2825 suam
1760 2751 1868 2831 mihi.

123 2861 251 2931 ilerum
275 2857 380 2928 ¹¹⁰¹)ss
405 2878 493 2949 ⁰9⁰⁸
515 2868 568 2959 ²⁸3
589 2855 813 2927 liberalium·
860 2850 959 2923 Hm
986 2850 1107 2972 ⁰¹¹¹?ss
1258 2868 1397 2942 Deinde
1410 2871 1555 2943 additur
1571 2869 1896 2968 adhortatio‚quae
1912 2878 2125 2968 ostenditap-

123 2964 257 3034 cdmad
274 2983 377 3030 usum
392 2971 552 3029 nostrum
570 2958 841 3041 transferuntur,
857 2966 897 3026 ut
913 2978 1015 3047 saepe
1023 2956 1108 3039 drxs,
1158 2971 1383 3066 putationem
1402 2975 1563 3065 exempp,
1582 2994 1587 3001 -
1616 2973 1716 3046 sicut
1741 2999 1804 3066 ⁶8⁰
1829 2978 2021 3050 exauditu,
2040 2990 2071 3048 ep
2089 2975 2125 3044 11.

124 3068 213 3136 liunt
227 3063 397 3146 illustria,
423 3072 457 3130 et
477 3060 525 3130 ita
546 3059 753 3129 dulcescunt
771 3054 924 3142 Psalmi,
949 3079 1030 3127 cum
1052 3055 1109 3124 di·
1158 3077 1299 3145 hel-atus
1321 3098 1416 3159 gum,
1441 3076 1489 3145 ξω
1512 3097 1578 3145 „05
1591 3099 1734 3169 quoque
1754 3076 2009 3151 exaudiemini,
2057 3075 2124 3147 {do

126 3167 255 3239 scimus
283 3165 387 3233 fidem
420 3175 454 3232 et
483 3160 741 3230 invocationem
777 3157 815 3243 ln
846 3152 904 3227 ¹¹5⁸
931 3156 1108 3248 exempli&
1159 3175 1309 3248 viriliter
1330 3175 1442 3266 agite,
1471 3198 1547 3245 non
1569 3176 1784 3248 succumbite
1808 3178 1959 3265 animis,
1986 3202 2057 3251 non
2077 3178 2124 3248 ab

123 3267 261 3361 Repeto
291 3277 407 3335 autem
438 3265 534 3357 ΨΜ
558 3285 663 3353 ⁵¹¹l’ra
694 3282 796 3352 ⁸³‘P0
818 3260 951 3330 ditium
973 3272 1041 3343 0⁵²³
1068 3256 1108 3325 3¹¹
1159 3276 1254 3346 iicite
1286 3275 1688 3367 promissionemeerae
1719 3279 1919 3364 doctrinae,
1960 3280 2123 3373 erigiteet

125 3366 191 3442 hac
207 3365 431 3437 invocatione
451 3364 661 3433 dccessddllll'
682 3361 789 3442 fidei,
813 3374 855 3430 ut
870 3382 936 3430 llos
952 3381 1034 3430 veie
1051 3383 1111 3428 ex·
1160 3376 1364 3449 confirmate
1385 3376 1523 3447 animos
1546 3399 1606 3468 opo
1627 3390 1663 3448 ot
1678 3381 1918 3469 expectatione
1944 3381 2066 3453 auxilii
2082 3376 2123 3448 di·

126 3470 243 3542 audiri
266 3480 469 3537 statuamus.
520 3460 569 3532 Et
583 3461 673 3533 sicut
686 3460 956 3554 promissionem
977 3463 1022 3531 ad
1046 3483 1111 3530 nos
1161 3477 1248 3554 vini,
1298 3474 1433 3572 quue
1457 3478 1646 3569 pfomioto
1679 3480 1882 3550 dulcissima
1905 3482 2042 3554 adding
2070 3470 2123 3551 11⁸5.

127 3572 307 3665 pertinere
326 3565 468 3636 scimus:
504 3563 637 3639 Omnis
658 3564 720 3657 qui
745 3562 960 3634 invocaverit
980 3585 1111 3633 nomen
1162 3574 1259 3652 deles
1272 3572 1429 3648 custodit
1445 3572 1656 3658 Dominus,
1682 3579 1718 3648 id
1739 3594 1809 3665 est,
1837 3604 1981 3653 veraces
2005 3597 2040 3656 et
2057 3604 2122 3652 coo·

129 3670 295 3750 Domini,
327 3668 443 3738 ³³lvu⁸
466 3664 550 3736 θῐῖῑῐ
574 3665 623 3736 5¹³
646 3660 731 3735 hm
753 3665 912 3756 91810918
930 3664 1112 3764 Pf090⁵il³
1161 3694 1309 3766 stantes,
1340 3680 1403 3775 qui
1417 3680 1599 3751 veritatem
1615 3680 1686 3751 Dei
1709 3681 1993 3772 amplectuntur,
2014 3697 2122 3755 etrert

131 3796 204 3845 esse
232 3771 403 3853 sciamus,
433 3780 475 3839 ut
495 3790 561 3837 nos
581 3790 724 3862 quoque
744 3768 931 3837 credamus
949 3765 1113 3836 similiter
1161 3781 1236 3852 sine
1258 3777 1437 3876 hypocrisi
1452 3782 1591 3855 docent,
1641 3777 1796 3854 Econsra
1813 3807 1897 3853 vero
1914 3780 2122 3875 perdonent

130 3873 300 3947 exaudiri·
351 3867 460 3940 Dim
489 3882 540 3940 ⁰⁸2
567 3868 662 3938 ‘ssim
689 3865 788 3967 ,⁰0⁰⁸
807 3890 886 3958 “ii
908 3889 1031 3938 ⁰¹⁰⁰&
1050 3865 1112 3961 (lui
1162 3882 1351 3983 superbos,
1383 3882 1446 3975 qui
1471 3880 1700 3955 audacissime
1727 3897 1760 3954 et
1784 3884 2037 3979 superbissime
2057 3904 2122 3957 coo·

128 4001 209 4049 eum
225 3976 406 4047 invocant.
1161 3992 1327 4057 temnunt
1360 3978 1495 4066 Deum,
1519 3982 1601 4053 ireti
1615 3976 1769 4059 humana
1785 3984 1963 4074 potentia,
1989 4000 2031 4057 ut
2049 4000 2123 4055 nunt

1162 4080 1326 4154 homines
1348 4082 1426 4175 pios
1450 4082 1689 4153 crudelissime
1704 4083 1922 4158 interficiunt
1937 4088 2043 4161 multi
2055 4080 2122 4179 Epi·

267 4180 605 4277 Arpusnsttitssn
630 4194 685 4243 as
710 4170 969 4266 dispositio
1163 4185 1278 4271 curci,
1302 4187 1470 4256 audacter
1492 4198 1755 4257 contemnentes
1775 4183 1903 4264 Deum.
1956 4187 2028 4260 Sed
2048 4184 2122 4260 lieu

430 4290 592 4377 Psalmi
617 4288 783 4379 XXXI·
1163 4309 1284 4359 eorum
1300 4287 1438 4358 furores
1451 4285 1643 4382 aliquando
1662 4288 1842 4380 reprimet.

178 4455 227 4522 to
251 4454 291 4518 tc
317 4445 479 4514 Dosnine
506 4442 679 4533 sperum,
712 4461 787 4525 non
818 4433 1037 4532 eomundus·
1069 4443 1112 4511 in

184 4556 404 4634 aaronem,
429 4551 504 4617 eso.
1294 4523 1641 4621 Arpumentum
1667 4541 1723 4593 oc
1747 4518 2011 4614 dispositio

234 4677 394 4751 Precatio
415 4687 486 4760 est,
519 4696 589 4767 qua
612 4671 666 4742 uti
688 4690 812 4740 omnes
833 4668 884 4761 pii
906 4683 1054 4761 possunt
1074 4668 1113 4738 in
1471 4655 1630 4746 Psalmi
1659 4651 1846 4736 XXXII.

133 4784 281 4877 petenda
296 4776 516 4851 liberatione.
550 4769 598 4845 Et
610 4771 807 4865 exemplum
821 4764 880 4841 bic
889 4771 1115 4862 descriptum,
1211 4820 1329 4892 Bm.

134 4898 174 4956 ut
187 4908 287 4983 saepe
303 4882 408 4972 alias,
435 4880 537 4948 docet
550 4876 589 4944 in
609 4876 673 4946 tali
696 4872 866 4967 petitione
887 4872 992 4942 fidem
1015 4873 1113 4941 adie-

133 4989 278 5057 rendam
311 5006 396 5056 esse.
458 4975 697 5071 Exaggeratur
727 4987 843 5045 autem
871 4974 1049 5044 calamitas
1077 4986 1113 5043 et

133 5089 325 5159 miscentur
343 5080 533 5174 gratiarnm
548 5079 703 5150 actiones
723 5089 758 5147 et
778 5074 1051 5175 promissiones,
1071 5088 1112 5146 nt
1262 5070 1408 5143 Titulos
1430 5085 1550 5142 monet
1571 5065 1668 5140 hunc
1693 5069 1874 5141 Pselmum
1897 5072 2046 5163 plenum
2071 5090 2126 5145 esst

132 5194 172 5263 fit
196 5192 234 5259 in
251 5184 308 5258 his
321 5181 634 5275 descriptionibus:
659 5178 742 5273 quia
758 5177 954 5250 recordatio
976 5174 1110 5246 libera·
1158 5172 1380 5244 eruditionis.
1431 5170 1644 5244 inscribitur
1666 5173 1762 5241 enim
1785 5172 1954 5247 eruditio.
2013 5173 2127 5270 litaque

133 5294 273 5365 tionum
294 5278 453 5381 priorum
478 5284 628 5367 accedit,
658 5294 692 5352 et
708 5282 747 5349 in
770 5278 965 5375 praesentia
989 5278 1107 5371 aliqua
1156 5276 1316 5347 doctrina
1341 5275 1486 5375 propria
1499 5270 1677 5347 Ecclesiae
1689 5275 1734 5344 de
1756 5275 1971 5369 remissione
1985 5291 2127 5371 peecato-

130 5391 307 5482 mitigatio‘
321 5388 481 5461 sentitur.
531 5380 764 5457 Observanda
782 5392 834 5455 est
855 5393 972 5453 autern
995 5379 1106 5453 colla·
1155 5398 1254 5463 rum,
1277 5378 1322 5447 de
1337 5390 1479 5469 peccato
1505 5390 1669 5451 manente
1690 5376 1728 5446 in
1744 5376 1885 5450 Sanctis
1908 5379 1949 5448 iu
1972 5373 2040 5453 bac
2062 5378 2127 5460 sits,

1368 4834 1525 4911 quorum
1565 4821 1746 4889 remissae
1778 4825 1867 4889 sunt
1904 4770 2124 4915 iniquitati,
2167 4820 2171 4873 ῑ

1209 4929 1247 4992 et
1270 4942 1423 5014 quonam
1448 4927 1550 4993 tecto
1575 4927 1666 4991 sunt
1686 4925 1857 5013 peccato.
