4538 5754
96 240 112 312 s
539 301 545 308 .
614 240 679 317 us
731 237 1097 331 commearem}
1130 239 1181 314 m
1211 233 1455 314 essenos.
1726 186 1727 189 Ὺ
1946 220 2096 351 resa¹

98 411 294 481 sincnnda
315 429 367 486 est
390 415 606 501 consolatio,
641 417 736 508 quod
760 415 876 485 sciunt
899 438 1001 484 sunm
1055 421 1341 483 tam·aeternam.
1394 410 1481 482 Item
1508 405 1637 483 Matth.
1663 413 1809 483 ultimo:
1846 412 1938 486 Mihi
1960 421 2041 491 data

96 513 247 582 isterium
267 516 372 585 etiam
386 518 519 586 servire
538 533 570 588 et
584 518 722 610 placere
738 512 1002 601 hnicDomiuo,
1053 530 1104 587 est
1121 515 1241 585 omnis
1258 526 1409 605 poteslas
1427 515 1466 581 in
1480 514 1581 582 coelo
1598 530 1632 583 et
1646 513 1685 582 in
1699 530 1803 590 terra.

109 616 270 705 dirigunt
287 618 332 687 ad
347 615 657 707 gloriamChristi.
711 617 851 690 Rursus
874 621 1000 688 admo-
1077 629 1081 635 '
1153 613 1336 708 Explicata
1354 615 1465 704 figura
1480 614 1671 700 sermonis,
1695 620 1907 704 cogitemus,
1934 623 2038 714 quale

95 717 202 788 etiam
226 741 321 808 reges
349 721 496 806 mundi,
530 738 571 792 nt
592 736 781 812 agnoscant
806 717 902 793 hunc
927 744 1000 790 csse
1025 741 1029 815 ι
1052 741 1198 808 regnum
1231 719 1423 800 describat,
1455 718 1553 785 etad
1587 719 1671 810 quid
1694 720 1805 809 prosit
1830 720 2040 811 intelligere,

96 820 228 904 tinum,
268 824 513 912 obtemperent
543 824 594 908 ei,
633 847 709 892 non
744 835 999 917 persequantur
1025 821 1028 868 l
1052 825 1148 912 quod
1172 815 1336 891 Christus
1359 832 1481 908 regnet
1506 819 1627 888 divina
1654 821 1824 909 potentia.
1876 821 2037 895 Primum

96 921 266 1011 agelium,
293 924 383 994 sient
408 939 441 994 et
462 925 568 1017 paulo
592 938 671 1017 post
694 927 855 1021 tyrannis
881 925 998 995 mina·
1024 875 1028 967 i
1051 922 1146 991 enim
1165 917 1249 990 baec
1267 923 1339 1010 ipss
1358 921 1559 1017 descriptio.
1612 917 1718 990 Sedet
1731 925 1773 991 ad
1791 924 1947 992 dextram
1957 924 2038 1013 Dei,

96 1035 228 1097 menas.
1050 1024 1223 1112 significat
1237 1024 1406 1092 beneficia
1424 1016 1529 1092 huius
1543 1021 1655 1108 regni.
1707 1022 1802 1110 Quia
1819 1024 1914 1092 enim
1929 1021 2037 1097 Chri-

112 1123 296 1207 Secnndo,
320 1125 384 1195 etsi
400 1127 588 1217 appellatio
598 1127 744 1199 Domini
761 1128 928 1200 discernit
944 1150 1001 1198 re·
1051 1138 1125 1197 stus
1148 1138 1242 1195 tenet
1262 1147 1411 1213 regnum
1435 1121 1511 1192 Deo
1536 1127 1679 1214 placens
1702 1138 1736 1192 et
1759 1140 1958 1212 aeternum,
1985 1131 2035 1198 si-

112 1238 244 1296 ·tamen
270 1222 436 1299 Christus
465 1229 650 1318 disputans
680 1254 762 1301 eum
790 1227 1000 1315 Pharisaeis,
1050 1227 1191 1315 gnificat
1212 1251 1293 1296 enm
1318 1229 1402 1294 dare
1424 1224 1591 1293 benelicia
1618 1225 2034 1314 spiritualiaetaeterns.

96 1326 221 1398 ificavit
248 1331 353 1398 etiarn
374 1343 520 1399 naturas
552 1332 725 1413 discerni,
760 1356 839 1402 cum
863 1333 998 1427 inquit:
1024 1338 1027 1352 ‘
1050 1325 1188 1398 Omnes
1219 1329 1280 1421 qni
1313 1323 1555 1399 aethaerebunl
1584 1320 1669 1394 huic
1706 1329 1798 1416 regi,
1842 1330 2035 1419 placebunt

96 1429 191 1496 lavid
221 1444 323 1500 vocat
345 1455 426 1498 enm
451 1430 678 1515 Dominum,
701 1436 882 1526 quomodo
907 1435 999 1504 filius
1049 1428 1148 1514 Deo,
1175 1445 1208 1499 et
1226 1443 1489 1521 consequentur
1501 1439 1644 1497 aeterna
1663 1428 1853 1515 beneficia,
1878 1455 1918 1501 ac
1937 1434 2035 1521 talis,

101 1534 178 1599 est?
231 1521 457 1600 Taxat'cnim
473 1558 596 1603 eorum
614 1535 850 1625 ignorantiam
877 1550 911 1607 et
930 1537 998 1604 im·
1050 1556 1141 1625 quae
1159 1556 1231 1600 uon
1250 1546 1394 1621 possunt
1412 1526 1566 1600 humana
1584 1532 1738 1619 potentia
1754 1532 1883 1621 parari.
1937 1533 2033 1607 Haec

96 1646 193 1714 item,
221 1634 281 1726 qui
307 1634 479 1722 putabant
502 1634 669 1706 Messinm
696 1652 833 1707 tantum
853 1633 997 1706 habitu·
1050 1633 1159 1721 igitur
1185 1649 1267 1703 snut
1293 1633 1353 1704 illa
1384 1632 1570 1708 beneficia,
1604 1631 1763 1700 remissio
1800 1647 2034 1723 pcccatorum,

105 1756 180 1801 esse
204 1730 395 1804 lausonnam
421 1749 608 1824 naturum,
633 1753 668 1810 et
683 1741 856 1827 significat
872 1765 907 1809 se
922 1737 997 1808 Do·
1050 1736 1270 1821 iustificatio,
1297 1736 1440 1805 donatio
1451 1732 1604 1825 Spiritus
1620 1732 1742 1818 sancti,
1759 1748 1793 1803 et
1810 1735 1902 1805 vitae
1920 1752 2033 1818 aeter-

96 1859 148 1903 rm
160 1836 312 1907 Davidis
329 1860 414 1922 esse,
429 1838 513 1930 quia
530 1839 576 1909 sit
595 1855 720 1911 natura
736 1839 843 1924 Deus,
861 1842 996 1912 etiamsi
1049 1862 1114 1905 nae
1134 1838 1335 1928 promissio,
1362 1839 1457 1932 quo‘d
1479 1837 1574 1908 Deus
1596 1851 1740 1926 propter
1760 1827 1944 1908 Christum
1971 1865 2031 1909 ex-

96 1938 213 2006 mserit
239 1934 431 2006 humanam
455 1955 617 2010 naturam
650 1968 689 2012 ex
715 1945 849 2012 semine
870 1941 996 2027 David,
1048 1938 1187 2021 audiat,
1210 1932 1373 2010 liberatio
1396 1965 1415 2008 a
1439 1938 1627 2032 tyrannide
1649 1937 1804 2023 diaboli,
1838 1963 1857 2006 a
1887 1956 2028 2030 peccato

96 2051 157 2105 ‚ter
173 2064 277 2129 quam
292 2041 424 2109 dicitnr
441 2041 478 2109 in
492 2042 676 2135 scripturis
691 2044 785 2115 filins
801 2042 931 2130 David,
959 2060 996 2115 nt
1049 2054 1257 2113 etamorte.
1309 2039 1406 2110 Haec
1421 2040 1588 2110 beneficia
1606 2039 1760 2108 breviter
1775 2039 2030 2129 significantur,

96 2134 144 2208 th.
163 2140 195 2212 l.
236 2139 381 2209 Necesse
399 2156 449 2211 est
465 2157 582 2212 nutem
601 2146 701 2230 sciri,
728 2147 822 2239 quod
833 2142 997 2217 Christus
1049 2143 1132 2236 quia
1146 2145 1216 2211 tale
1230 2165 1379 2235 regnum
1398 2142 1628 2224 describitur,
1655 2141 1693 2209 in
1711 2165 1781 2234 quo
1799 2140 2031 2215 adhaerentes

96 2255 198 2308 atura
215 2240 331 2325 Deus,
353 2243 442 2314 sicnt
458 2245 532 2334 ipse
547 2241 614 2315 boc
628 2248 801 2327 inculcat,
822 2245 944 2316 lohan.
960 2245 995 2321 5.
1048 2247 1119 2333 regi
1137 2246 1325 2334 placebunt
1344 2243 1442 2324 Deo,
1468 2257 1501 2313 et
1520 2238 1702 2312 habebunt
1716 2256 1857 2312 aeterua
1871 2246 1979 2319 bona.
2003 2283 2006 2288 v

107 2342 144 2415 8.
174 2341 341 2418 ltem.10.
392 2342 442 2415 Ut
461 2347 555 2415 enim
575 2348 779 2418 invocemus
794 2344 993 2422 hnncMes-
1150 2345 1297 2415 Prodest
1315 2363 1430 2418 autem
1448 2344 1599 2433 intelligi
1616 2339 1683 2414 hor
1699 2367 1859 2432 regnum,
1885 2361 1925 2415 nt
1939 2347 2030 2416 scia-

105 2496 117 2526 ,
143 2467 281 2513 necesse
297 2446 400 2517 estin
418 2468 459 2516 eo
476 2461 556 2518 vere
574 2464 609 2520 et
622 2450 905 2523 substantialiter
921 2475 995 2521 esse
1047 2471 1125 2515 mus
1139 2471 1229 2539 qnae
1252 2448 1419 2516 beneficia
1443 2451 1591 2537 petenda
1617 2459 1652 2515 et
1674 2449 1887 2537 expectanda
1912 2450 1983 2518 sint
2010 2474 2030 2520 a

96 2569 168 2612 sam
185 2548 391 2635 potentiam.
1046 2542 1210 2635 Christo,
1236 2574 1281 2618 ne
1305 2552 1522 2619 somniemns
1548 2559 1683 2617 tantum
1709 2571 1782 2616 esse
1809 2551 2029 2619 mundanum

96 2644 213 2716 Porro
226 2652 317 2719 sicut
334 2674 406 2717 non
422 2648 876 2750 intelligebantharisaci,
891 2657 994 2748 quale
1048 2674 1216 2740 regnum,
1260 2653 1349 2720 sicut
1388 2650 1506 2720 ludaei
1540 2649 1776 2719 somniabant.
1839 2648 2031 2732 Secundo,

111 2750 272 2818 futurum
288 2775 438 2840 regnum
455 2747 608 2838 Christi,
635 2768 669 2824 et
685 2756 803 2848 qualia
827 2758 992 2833 beneficia
1048 2755 1189 2844 prodest
1210 2753 1379 2843 intelligi,
1414 2754 1508 2844 quod
1535 2747 1701 2821 Christus
1724 2751 1847 2820 divina
1872 2755 2029 2842 potentia

96 2866 156 2918 rus
178 2867 287 2937 esset,
311 2853 447 2923 scilicet
469 2877 598 2923 novam
623 2868 657 2926 et
680 2870 857 2925 aeternam
875 2859 994 2943 vitam,
1047 2867 1184 2944 regnet,
1210 2868 1242 2924 et
1260 2856 1342 2946 quia
1356 2854 1524 2922 beneficia
1542 2852 1602 2919 illa
1622 2873 1694 2919 non
1714 2864 1862 2941 possunt
1882 2854 1951 2924 uisi
1972 2857 2029 2925 di-

96 2951 284 3023 iesciebant
307 2953 531 3025 invocatione
562 2971 596 3027 et
625 2958 694 3026 fide
722 2953 994 3048 apprehendcn-
1047 2957 1130 3024 vina
1144 2959 1304 3045 potentia
1328 2954 1516 3045 praestari,
1543 2966 1577 3023 et
1591 2953 1696 3021 nobis
1711 2976 1849 3022 necesse
1863 2969 1914 3026 est
1931 2969 2031 3027 tene·

130 3076 202 3120 esse
230 3052 416 3123 Messiam:
471 3052 538 3127 bos
571 3081 708 3127 errores
747 3083 871 3128 omues
900 3075 993 3132 taxat
1046 3081 1102 3143 re,
1129 3061 1223 3151 qnod
1243 3058 1303 3127 ille
1322 3056 1472 3127 Messias
1486 3079 1592 3148 quem
1610 3055 1831 3136 invocamus,
1858 3057 1968 3146 possit
1995 3071 2030 3130 el

96 3170 190 3236 stus,
216 3170 249 3224 et
265 3169 411 3226 testatur
426 3158 820 3250 appellationeDomini
839 3163 991 3232 discerni
1047 3160 1132 3228 velit
1154 3160 1337 3243 exaudire,
1370 3173 1403 3228 et
1428 3159 1529 3254 quod
1548 3157 1593 3225 sit
1616 3156 1684 3224 lide
1708 3152 2030 3248 apprehendendus

96 3280 163 3344 gna
179 3272 211 3327 et
227 3273 384 3332 naturas.
411 3256 481 3331 Sed
497 3255 583 3330 haec
598 3261 682 3331 satis
698 3261 744 3332 sit
760 3263 915 3332 breviter
938 3278 993 3335 at·
1046 3275 1078 3329 et
1093 3263 1347 3352 expectandum
1364 3260 1410 3328 ab
1427 3283 1468 3328 eo
1482 3257 1673 3337 auxilinm,
1701 3258 1839 3328 etiamsi
1861 3283 1935 3331 non
1951 3285 2029 3331 cer-

96 3381 136 3428 ie.
1007 3379 1014 3391 ’
1045 3363 1145 3432 nitor
1159 3364 1272 3430 ocnlis
1287 3361 1551 3454 corporalibus,
1578 3357 1712 3428 etiamsi
1736 3359 1946 3452 aliquandiu
1961 3386 2029 3433 nos

1044 3465 1131 3534 sinit
1164 3464 1297 3555 affligi,
1326 3477 1360 3534 et
1395 3463 1493 3533 omni
1525 3479 1660 3553 genere
1678 3484 1930 3533 aemmnarnm
1962 3488 2029 3564 op·

1045 3591 1162 3658 primi.
1245 3612 1246 3615 =

109 3659 207 3731 Haec
236 3678 286 3735 est
309 3666 497 3756 promissio
521 3667 565 3735 de
590 3689 719 3756 regno,
752 3669 854 3762 quast
886 3670 992 3755 dicat,
1145 3667 1239 3757 Ergo
1260 3691 1339 3737 cum
1363 3663 1448 3736 baec
1465 3667 1572 3734 verba
1591 3664 1712 3749 andis,
1744 3659 1924 3743 Sedelad
1936 3662 2029 3739 dex-

115 3778 166 3832 est
189 3789 288 3835 meae
311 3767 495 3839 concionis
518 3792 674 3855 summa,
706 3772 802 3864 quod
827 3769 923 3842 Deus
946 3773 991 3843 sit
1044 3779 1142 3840 tram
1157 3766 1252 3850 Dei,
1277 3769 1391 3857 cogita
1407 3768 1586 3867 primum,
1613 3791 1702 3860 quae
1719 3767 1885 3838 beneficia
1902 3771 1940 3842 in
1958 3767 2026 3842 hoc

95 3889 155 3934 rus
179 3865 338 3939 Domino
363 3893 441 3938 meo
464 3893 633 3960 regnum,
668 3873 802 3964 inquo
828 3873 902 3963 pari
928 3898 990 3964 po-
1045 3897 1153 3963 regno
1179 3872 1353 3970 promissa
1378 3867 1465 3939 sint:
1500 3869 1630 3938 deinde
1654 3868 1787 3959 cogita,
1822 3895 1861 3940 ea
1885 3885 2025 3942 tanturn

96 3991 213 4035 acum
238 3971 317 4038 Deo
343 3985 551 4060 regnaturus
572 3986 634 4043 est.
688 3971 779 4041 Nam
805 3977 926 4044 sedere
947 3978 988 4045 ad
1044 3976 1170 4043 divina
1185 3973 1340 4064 potentia
1356 3970 1544 4064 praestari:
1571 3971 1675 4041 tertio
1693 3973 1817 4060 cogita,
1845 3970 2026 4044 Christum

96 4092 166 4136 ram
181 4066 266 4152 Del,
288 4085 341 4141 est
365 4095 513 4162 regnare
536 4073 612 4163 pari
630 4076 783 4164 potentia
803 4099 884 4145 cum
904 4074 991 4162 Deo,
1043 4078 1280 4145 invocandum
1305 4098 1399 4159 esse,
1434 4088 1468 4142 et
1491 4072 1562 4141 lide
1580 4075 1730 4162 petenda
1758 4087 1793 4143 et
1813 4075 2030 4165 expectanda

100 4182 168 4238 est
191 4169 292 4240 Pauli
317 4173 560 4264 interpretatio
583 4178 626 4243 ad
649 4172 780 4266 Ephes.
798 4176 830 4245 1.
855 4178 917 4246 ubi
933 4179 989 4247 in·
1043 4201 1117 4246 esse
1140 4179 1200 4246 illa
1223 4177 1401 4246 beneficia.
1456 4171 1552 4243 Haec
1574 4177 1693 4243 omnia
1713 4175 2029 4246 latissimediscre·

96 4299 99 4338 :
125 4268 320 4344 Collocavit
344 4299 423 4345 eum
448 4278 490 4344 ad
508 4280 685 4346 dexteram
699 4300 798 4346 snam
817 4279 854 4346 in
876 4279 989 4348 coele·
1043 4280 1174 4369 pabant
1190 4281 1234 4348 ab
1251 4275 1747 4366 imaginationibusludaicis,
1775 4276 1836 4368 qni
1855 4278 2030 4366 putabant

96 4398 133 4454 is,
159 4398 265 4464 snper
282 4400 423 4445 omnem
437 4378 690 4470 principatum,
716 4392 750 4447 et
765 4382 885 4448 omnia
902 4382 990 4450 snb·
1042 4404 1191 4471 regnum
1211 4381 1392 4470 corporale
1413 4379 1509 4461 lore,
1543 4377 1638 4469 quod
1663 4375 1770 4444 armis
1799 4392 1833 4446 et
1861 4375 2027 4450 humanis
2092 4376 2096 4383 ’

105 4475 172 4544 sub
187 4477 295 4565 pedes
311 4478 397 4551 eins.
450 4478 677 4551 Totusenim
695 4481 756 4550 ille
774 4481 873 4550 locus
895 4484 987 4572 apnd
1042 4483 1157 4551 modis
1179 4484 1447 4565 defenderetur,
1474 4494 1508 4550 et
1524 4474 1706 4547 Christum
1728 4493 1948 4566 praesentem
1970 4482 2029 4550 di·
2109 4535 2115 4541 .

96 4573 633 4673 umexhocPsalmodecerptns
647 4595 712 4653 est.
738 4579 944 4657 EtadHeb.
956 4585 988 4657 1.
1042 4586 1252 4656 miraturum
1269 4606 1435 4652 esserum
1454 4579 1629 4671 gentibus.
1672 4579 1853 4650 Adversus
1871 4577 1933 4651 bas
1950 4606 2028 4652 car-

96 4700 123 4744 ιε
145 4681 264 4748 omnia
289 4683 397 4750 verbo
426 4683 603 4772 potentiae
624 4708 724 4769 suae,
750 4708 812 4775 per
837 4709 874 4755 se
897 4685 988 4756 lacta
1041 4688 1139 4755 nales
1155 4685 1385 4776 cogitationes
1401 4682 1616 4776 opponenda
1632 4694 1682 4751 est
1699 4684 1891 4764 sententia:
1919 4681 2027 4756 Sedet

96 4779 217 4849 stione
234 4797 454 4871 peccatorum
479 4800 702 4866 nostrornm,
728 4787 826 4857 sedet
841 4787 886 4856 ad
904 4789 990 4856 dex·
1040 4791 1084 4857 ad
1101 4791 1258 4858 dextram
1274 4782 1356 4861 Dei.

132 4882 320 4953 maiestatis
350 4886 388 4952 in
419 4886 584 4972 sublimi,
622 4898 721 4957 tanto
754 4890 990 4979 praestantior

97 4982 140 5053 lis
168 4999 232 5054 etc.
290 4981 386 5055 Haec
419 4989 620 5057 testimonia
652 4990 744 5058 clare
776 4993 986 5074 ostendunt,

100 5085 212 5174 ligura
242 5087 415 5158 sermonis
440 5089 628 5178 significari
658 5093 849 5180 potentiam
882 5076 1014 5184 super¹
1143 5083 1237 5135 mm·
1527 5152 1529 5159 ,

96 5210 129 5255 es
149 5204 336 5259 creaturas.
399 5189 500 5262 Sicut
522 5206 556 5260 et
578 5186 740 5261 Christos
764 5193 840 5281 ipse
869 5192 986 5286 inquit
1142 5191 1290 5262 Initium
1307 5191 1523 5260 narrationis
1538 5189 1656 5280 supra,
1673 5189 1829 5260 continet
1847 5212 2023 5261 summam

96 5289 153 5357 nis
170 5291 290 5361 tertio:
316 5289 421 5361 Pater
432 5293 550 5381 diligit
567 5291 710 5371 Filium,
739 5309 772 5362 et
788 5293 908 5362 omnia
923 5300 986 5364 de·
1039 5296 1133 5386 quod
1158 5295 1321 5362 videlicet
1343 5286 1506 5363 Christus
1529 5305 1738 5382 regnaturos
1758 5290 1803 5360 sit
1819 5291 1942 5361 divina
1960 5318 2027 5383 po-

96 5415 236 5462 smaun
251 5393 343 5478 eius,
367 5396 428 5486 qni
450 5396 560 5465 credit
578 5395 615 5464 in
632 5393 784 5481 Filium,
810 5391 985 5469 habetai-
1038 5396 1158 5467 tentia.
1194 5394 1290 5465 Haec
1305 5408 1355 5462 est
1372 5418 1509 5464 summa
1525 5390 1659 5466 Psalmi
1672 5406 1705 5463 et
1721 5391 1929 5484 principalis
1943 5417 2027 5484 pro·
2128 5477 2135 5491 .

1331 5491 1417 5566 79*

96 3521 149 3595 :de
162 3552 187 3597 o
203 3523 345 3601 dextris
361 3529 463 3607 meis.

1090 4953 1218 5027 Donec
1228 4981 1367 5051 ponam
1382 4950 1551 5027 inimicos
1573 4951 1774 5032 scabellum
1795 4947 1927 5056 pedum
1945 4962 2027 5027 luo·
