4538 5754
126 236 200 315 6⁸1
360 234 571 311 SCRIPTA
597 237 675 310 PH.
700 236 816 314 MEL.
844 234 916 312 AD
942 237 1069 315 lllST.
1095 238 1242 321 PROF.
1266 240 1335 318 ΕΤ
1360 244 1554 323 PHILOS.
1582 248 1906 328 SPECTANTIA.
2078 247 2155 325 ὁδε

128 414 191 498 tis,
217 432 333 496 verax,
357 408 525 495 benefica,
549 408 652 495 iusta,
674 423 777 498 casta,
802 411 997 498 hberrima,
1023 429 1113 508 quae

127 526 180 583 εει
207 524 307 604 pater
330 522 514 594 aeternus,
547 511 610 602 qui
634 511 757 602 genuit
781 515 895 584 lilium
919 516 1113 604 imaginem

128 637 246 699 suam,
272 626 306 683 et
322 613 435 700 filius,
462 611 524 704 qui
541 625 593 681 est
613 611 728 700 imago
752 617 881 704 patris,
908 628 942 686 et
959 615 1114 706 Spiritus

127 714 165 791 S.
180 716 271 785 sicut
286 713 448 806 patefecit
464 735 501 782 se
514 712 696 796 divinitas,
721 719 784 806 qui
800 717 960 786 condidit
975 720 1112 787 coelum

1532 402 1623 482 Gam'
1639 417 1793 484 dicimus:

1171 507 1324 577 ,λένλο
1352 515 1538 598 paellaram
1564 514 1656 603 foliis
1683 520 1804 584 leviora
1832 520 1969 586 caducis.
2028 518 2070 584 la
2097 540 2133 585 eo

1239 595 1343 662 dicto:
1379 599 1550 666 Verbum
1572 602 1607 666 in
1628 622 1690 688 qao
1709 605 1974 687 praedicamento
1995 603 2071 672 east

1267 714 1311 787 In
1327 722 1612 811 praedicamento
1628 721 1830 811 Qualitatis.
1857 727 2039 817 Significat
2057 726 2153 795 enim

127 831 324 895 euersam,
352 828 386 886 et
404 828 557 895 caeteras
572 827 718 883 naturas
733 815 772 881 in
789 813 857 898 eis,
884 827 917 882 ει
933 817 973 880 in
988 841 1114 901 genere
1166 838 1285 901 sonos,
1312 823 1470 912 quisunt
1488 827 1732 914 percussiones
1747 831 1785 895 in
1797 831 1879 898 a'e're
1896 843 2155 912 evanescentes,
2189 853 2191 857 ¹

125 913 284 988 humano
299 916 369 986 sibi
385 916 521 1006 colligit
536 930 716 986 aeternam
732 910 938 999 Ecclesiam,
957 926 997 997 ⁶et
1015 939 1114 984 suam
1165 927 1200 984 et
1217 929 1300 985 sunt
1315 923 1521 995 accidentia.
1574 925 1623 995 At
1640 927 1743 1017 longe
1760 929 1950 998 aliususus
1976 944 2027 998 est
2047 953 2154 998 voea-

125 1020 345 1090 voluntatem
370 1018 570 1088 illustribus
595 1017 826 1100 testimoniis,
861 1028 902 1085 ut
927 1016 1114 1085 resuscita·
1165 1014 1255 1100 buli,
1270 1040 1350 1085 cum
1360 1016 1887 1109 FiliusDeivocatanerbum,
1914 1025 2088 1100 utlohan.
2103 1033 2154 1104 1.:

125 1121 224 1193 tione
240 1133 485 1204 mortuorum,
511 1119 712 1190 deolaravit.
749 1116 809 1188 Sic
824 1117 861 1184 in
878 1112 1035 1186 Ecclesia
1051 1141 1114 1186 ne·
1166 1112 1208 1184 ln
1231 1115 1411 1208 principio
1434 1133 1508 1189 erat
1528 1122 1697 1202 verbum,
1732 1128 1935 1196 etverbum
1958 1141 2032 1197 erat
2057 1136 2154 1218 apud

124 1245 217 1293 cesse
249 1230 302 1292 est
324 1220 409 1291 addi
431 1223 605 1315 quaedam
630 1219 860 1310 descriptioni
885 1214 971 1303 Dei,
1006 1242 1114 1312 quam
1164 1212 1301 1301 Deum,
1334 1231 1367 1287 et
1393 1215 1488 1289 Deus
1514 1235 1587 1292 erat
1612 1225 1771 1296 verbum.
1826 1226 1895 1296 Hic
1921 1229 2016 1295 enim
2046 1224 2155 1326 λόγος

124 1336 258 1394 mentes
287 1318 465 1393 humanae
493 1344 555 1392 sua
578 1321 658 1392 luce
680 1333 850 1404 cernunt,
889 1321 973 1412 quia
995 1319 1112 1389 Deum
1164 1316 1485 1406 significatFilium
1503 1320 1585 1392 Dei.
1639 1320 1680 1392 ln
1701 1351 1740 1395 ea
1764 1328 2020 1416 significatione
2045 1324 2154 1428 λόγος

124 1448 264 1495 necesse
279 1438 331 1495 est
346 1424 491 1515 agnosci
508 1437 542 1495 et
558 1422 736 1507 invocari,
762 1421 853 1493 sicut
866 1445 904 1491 se
919 1422 1093 1515 patefecit.

448 1587 535 1669 Quid
560 1592 612 1654 eat
633 1581 787 1655 coelam?

224 1709 290 1783 Est
304 1712 502 1783 substantia
516 1710 637 1791 finita,
663 1733 844 1801 corporea,
869 1709 1030 1801 simplex,
1054 1709 1112 1777 lu-

122 1815 200 1886 cida
226 1815 357 1904 figurae
387 1813 589 1898 circularis,
631 1812 818 1882 dissimilis
838 1812 1024 1882 clementis
1046 1833 1112 1878 nec

123 1916 278 1988 obnoxia
314 1914 557 2007 corruptioni,
598 1928 637 1985 ut
670 1913 861 1997 elementa,
899 1913 1111 1983 circundans

122 2019 243 2089 omnia
265 2018 403 2110 reliqua
436 2015 563 2086 mundi
595 2037 756 2107 corpora.
810 2013 852 2083 ln
884 2010 951 2083 hac
979 2013 1111 2083 descri-

120 2122 243 2215 ptione
256 2119 357 2188 vides
375 2119 486 2190 multa
504 2119 663 2187 membra
679 2118 771 2186 sumi
790 2141 830 2186 ex
848 2116 978 2186 tabella
1002 2110 1110 2184 huius

120 2221 407 2313 praedicamenti.
465 2218 547 2289 Non
571 2222 701 2289 addam
724 2219 829 2309 plura
851 2217 1030 2307 exempla,
1063 2238 1109 2283 ne

25 2382 32 2395 ,
120 2347 209 2417 opus
225 2323 415 2391 immodice
431 2339 571 2392 crescat.
623 2319 694 2391 Sed
711 2333 831 2389 tamen
856 2318 969 2389 sciant
988 2318 1110 2387 iunio-

120 2448 193 2511 res,
221 2419 281 2493 hic
301 2426 445 2514 parvam
468 2423 637 2493 tabellam
660 2421 833 2512 proponi,
858 2433 898 2488 ut
920 2420 1027 2488 series
1052 2443 1109 2487 re-

119 2551 200 2597 rum
217 2524 479 2607 consideretur,
504 2545 655 2617 quarum
673 2522 857 2613 explicatio
880 2521 1017 2610 integra
1042 2544 1110 2610 po·

119 2642 191 2699 stea
211 2627 366 2698 traditur
381 2627 421 2694 in
436 2624 585 2718 reliquis
601 2619 852 2715 Philosophiae
869 2624 1041 2714 partibus.

146 2814 216 2889 ott
239 2811 481 2887 collocandae
500 2819 593 2885 sant
610 2818 744 2904 portes
761 2807 1084 2882 adstantiarum?

219 2949 308 3020 Pars
332 2971 471 3042 semper
492 2949 533 3017 in
553 2949 675 3018 eodem
701 2946 829 3017 ordine
855 2946 1021 3037 ponenda
1045 2956 1108 3023 est,

118 3054 158 3122 in
180 3076 252 3146 quo
279 3065 393 3124 totum
416 3051 624 3124 collocatur.
677 3049 813 3140 Caput,
837 3049 963 3139 pedes,
988 3059 1108 3138 pectus

119 3169 203 3228 sunt
216 3167 335 3246 partes
349 3153 533 3237 animalis,
559 3163 593 3222 et
608 3174 731 3220 revera
747 3163 830 3219 sunt
847 3149 1076 3220 substantiae.
1103 3206 1105 3210 .

220 3268 330 3357 Item,
356 3269 537 3341 Privativa
553 3270 699 3339 nomina
716 3268 916 3338 referantur
932 3267 977 3335 ad
991 3265 1109 3334 domi-

119 3375 200 3447 cilia
227 3398 348 3443 earum
361 3395 500 3455 rerum,
525 3372 655 3464 quibus
671 3384 922 3461 opponuntur,
946 3380 1002 3437 ut:
1029 3367 1107 3437 Lux

120 3489 174 3546 est
186 3476 357 3568 qualitas,
384 3475 427 3544 ad
443 3474 537 3542 idem
561 3471 781 3541 domicilium
805 3482 838 3539 et
861 3471 1027 3540 tenebrae
1051 3493 1107 3538 re·

117 3580 288 3649 ferantur.
339 3575 394 3645 Ita
411 3589 446 3646 et
465 3574 544 3643 loco
563 3575 714 3644 cadaver
740 3573 914 3641 referatur
936 3573 979 3640 ad
1005 3591 1107 3662 prae-

117 3676 308 3749 dicamenti
328 3678 472 3762 seriem,
495 3677 556 3747 ubi
571 3676 706 3745 animal
721 3687 930 3744 recensetur.

118 3861 196 3930 Gran
208 3860 361 3930 dicimos:
384 3856 520 3924 itacius
542 3856 680 3924 sustinet
694 3877 867 3942 personam
883 3855 1105 3939 Agamemno·

245 3946 316 4026 air,
347 3945 533 4011 Persona
554 3943 589 4008 in
609 3962 669 4030 qao
689 3933 978 4024 praedicamento?

219 4063 286 4142 Est
300 4084 335 4141 et
348 4065 435 4139 baec
448 4065 600 4155 insignis
612 4065 748 4134 utilitas
763 4063 946 4132 doctrinae
965 4060 1106 4151 praedi-

118 4188 381 4256 camentorum,
408 4164 690 4264 quodvocabala
717 4165 901 4255 perspicue
923 4162 1103 4233 discernit.

117 4275 314 4352 Cumdico:
338 4268 490 4347 Roscius
507 4268 656 4339 sustinet
672 4289 858 4358 personam
868 4262 1106 4356 Agamemno-

118 4381 193 4465 nis,
225 4374 283 4447 hic
316 4396 465 4468 persona
489 4369 720 4464 nequaquam
741 4368 914 4457 significat
940 4369 1105 4438 substan-

118 4484 222 4565 tiam,
246 4480 307 4548 sed
325 4498 457 4547 nomen
481 4472 688 4556 relativum,
714 4482 766 4541 est
790 4465 857 4538 hoc
878 4469 958 4539 loco
984 4490 1106 4558 perso-

118 4601 208 4666 nae,
233 4579 435 4671 significans
448 4598 522 4645 esse
536 4571 763 4652 ordinatum,
789 4585 829 4641 ut
844 4569 889 4640 sit
910 4570 1026 4659 imago
1051 4567 1104 4642 al·.
1128 4607 1132 4661 Ι

119 4684 247 4767 terius,
279 4683 337 4750 vel
361 4677 561 4748 imitatione
583 4675 693 4745 alium
718 4685 973 4764 repraesentet,
1004 4670 1105 4763 qnasi

119 4787 210 4857 alius
234 4782 296 4853 ille
319 4780 365 4852 sit
387 4779 428 4849 in
451 4790 652 4869 conspectu.
703 4771 773 4846 Sed
801 4772 906 4861 longe
927 4773 1030 4842 aliter
1046 4772 1105 4840 in-

119 4887 300 4976 telligatur
312 4879 547 4958 vocabulum,
572 4875 741 4961 Persona,
765 4900 845 4960 cum
863 4875 968 4945 dicis':
988 4871 1105 4943 Filius

118 4986 186 5061 Dei
204 5001 255 5058 εει
267 5006 431 5078 persona.
482 4978 552 5050 llic
568 4978 663 5048 enim
679 5001 829 5070 persona
847 5000 929 5046 vere
942 4989 993 5046 est
1018 4974 1105 5044 sub·

119 5091 265 5172 stantia,
290 5088 380 5159 sicut
395 5079 613 5179 hypostasis,
638 5094 673 5151 et
689 5103 820 5149 nomeu
836 5101 1005 5169 personae
1030 5075 1104 5145 col·

120 5194 257 5266 locetur
270 5190 310 5258 in
325 5186 609 5282 praedicamento
626 5181 862 5262 substantiae,
888 5179 978 5250 sicut
1001 5177 1104 5249 Plato

119 5310 181 5368 aut
203 5288 397 5365 Iohannes.
448 5284 632 5376 Significat
653 5283 750 5353 enim
771 5280 1021 5367 individuum,
1046 5279 1105 5348 in-

119 5386 299 5488 telligens,
325 5382 673 5464 incommunicabile.
735 5496 737 5500 .

1164 1418 1318 1508 pertinet
1334 1422 1378 1489 ad
1396 1424 1719 1511 praedicamentum
1740 1430 1968 1502 substantiae.
2011 1429 2154 1503 Dicitur

1163 1532 1281 1590 autem
1298 1519 1413 1591 Filius
1439 1522 1505 1591 Dei
1532 1518 1660 1621 λόγος,
1691 1531 1774 1621 quia
1798 1544 1851 1601 εει
1874 1531 1990 1618 imago
2016 1534 2151 1603 aeterni

1162 1619 1298 1707 Patris,
1320 1624 1532 1713 cogitatione
1548 1628 1678 1715 genita.

1285 1813 1381 1896 Quot
1394 1817 1483 1881 mat
1492 1817 1752 1903 proprietates
1765 1815 2033 1891 substantiae?

1265 1944 1367 2020 Tres.
1410 1944 1553 2031 Prima,
1577 1948 1804 2022 Substantias
1821 1956 1896 2022 nori
1913 1969 1996 2026 sunt
2011 1957 2050 2024 in
2065 1959 2150 2026 sub·

1162 2046 1271 2132 iecto,
1296 2062 1337 2118 ut
1353 2049 1566 2134 accidentia,
1591 2055 1653 2120 sed
1669 2054 1764 2142 ipsae
1787 2057 1962 2125 sustinent
1985 2059 2150 2127 acciden-

1161 2149 1222 2220 tia.
1274 2145 1353 2219 Etsi
1383 2163 1500 2222 autem
1522 2166 1638 2241 partes
1661 2155 1878 2225 substantiae
1900 2171 1983 2228 sunt
2009 2161 2048 2226 in
2069 2184 2150 2229 cor-

1162 2274 1266 2342 pore,
1298 2263 1339 2320 ut
1360 2252 1399 2319 in
1423 2265 1517 2337 toto,
1543 2268 1582 2324 ut
1603 2257 1745 2344 sanguis
1770 2259 1879 2327 estin
1903 2283 2050 2351 corpore
2078 2258 2147 2329 hu-

1161 2375 1288 2437 mano,
1320 2365 1439 2423 tamea
1466 2355 1572 2423 aliter
1595 2357 1787 2427 accidentia
1810 2360 1955 2430 suntin
1978 2363 2148 2446 subiecto,

1161 2455 1245 2547 quia
1270 2455 1375 2525 etiam
1399 2456 1541 2545 sanguis
1564 2458 1749 2550 proprium
1773 2483 1846 2528 esse
1862 2456 1991 2547 habet,
2016 2475 2050 2532 et
2068 2489 2147 2532 cor-

1160 2578 1226 2645 pus
1244 2570 1294 2626 est
1309 2557 1497 2646 peculiare.
1549 2557 1619 2629 Sed
1637 2560 1832 2630 accidentia
1854 2576 1991 2632 tantum
2014 2558 2148 2634 habent

1161 2679 1235 2726 csse
1249 2657 1288 2726 in
1306 2659 1482 2742 subiecto,
1508 2673 1543 2730 et
1558 2683 1577 2728 a
1595 2661 1742 2730 subiecti
1759 2663 1967 2737 substantia.

1261 2776 1442 2862 Secunda,
1468 2774 1826 2848 Usitatesicdicitur:
1855 2780 2061 2854 Substantia
2071 2809 2146 2854 non

1161 2877 1285 2968 recipit
1310 2878 1440 2967 magis,
1465 2902 1530 2949 nec
1552 2879 1689 2965 minus,
1719 2895 1777 2951 ut:
1803 2882 1975 2953 Hercules
1996 2910 2071 2954 non
2086 2872 2148 2957 'est

1159 2978 1270 3067 magis
1286 2974 1396 3048 homo
1416 3002 1523 3073 quam
1539 2977 1661 3065 Paris,
1684 2983 1750 3051 etsi
1773 2984 2016 3056 accidentibus
2042 2989 2146 3057 valde

1160 3081 1344 3152 differunt.
1379 3081 1449 3152 Sed
1473 3075 1559 3149 haec
1574 3085 1759 3153 annotatio
1777 3109 1849 3153 non
1865 3100 1916 3156 εει
1932 3088 2052 3178 magni
2067 3113 2147 3157 mo-

1159 3183 1291 3268 menti,
1317 3206 1382 3253 nec
1398 3182 1577 3291 subtiliter
1593 3184 1637 3253 de
1651 3208 1691 3253 ea
1711 3186 1966 3277 disputandum
1983 3214 2120 3263 censeo.

1262 3297 1382 3369 Tertia
1400 3299 1595 3390 proprietas
1610 3301 1725 3370 levior
1740 3317 1774 3372 et
1784 3304 1950 3392 frigidior
1964 3321 2031 3376 est:
2048 3307 2145 3379 Sub-

1159 3401 1309 3472 stantiae
1337 3403 1497 3471 diversae
1524 3426 1599 3471 non
1627 3403 1797 3474 dicuntur
1826 3410 2043 3494 contrariae,
2081 3412 2144 3479 sed

1159 3504 1377 3594 disparatae,
1399 3518 1440 3574 ut
1456 3502 1547 3593 ignis
1563 3517 1598 3573 ει
1612 3526 1722 3596 aqua,
1750 3507 1856 3596 lupus
1871 3522 1905 3577 et
1917 3509 2005 3580 ovis.
2060 3508 2142 3580 Usi·

1158 3619 1271 3675 tatum
1287 3619 1339 3675 est
1354 3605 1449 3674 enim
1461 3605 1749 3676 contrarietatem
1764 3609 2144 3700 propriequalitatibus

1158 3709 1252 3778 iuter
1273 3730 1310 3776 se
1335 3707 1575 3796 pugnantibus
1601 3708 1772 3777 tribuere.
1829 3707 1926 3779 Haec
1949 3711 2145 3784 recitantur

1157 3821 1303 3900 propter
1324 3803 1524 3879 scholarum
1549 3809 1863 3894 consuetudinem,
1901 3837 1991 3903 quae
2015 3814 2066 3883 sic
2087 3815 2143 3884 lo-

1158 3926 1330 4003 quuntur.
1356 3907 1428 3979 Nec
1444 3931 1560 3980 reseco
1575 3911 1618 3979 ad
1635 3911 1755 3979 vivum
1771 3906 1857 3979 haec
1872 3913 1977 3993 dicta,
1998 3915 2044 3983 de
2061 3918 2143 4008 qui-

1158 4014 1225 4081 bus
1246 4007 1389 4104 Physici
1416 4012 1583 4082 subtilius
1610 4011 1791 4102 disputare
1809 4027 1968 4103 possent,
2000 4016 2063 4106 qui
2087 4018 2144 4097 di·

1158 4127 1258 4183 cunt:
1282 4111 1463 4206 Quicquid
1480 4114 1731 4203 corrumpitur,
1752 4138 1771 4180 a
1788 4116 1964 4185 contrario
1982 4141 2143 4187 corrum-

1158 4216 1273 4308 pitur,
1299 4228 1339 4285 ut
1359 4228 1452 4287 terra
1477 4216 1523 4284 ab
1547 4215 1635 4303 igni.
1669 4211 1747 4286 Etsi
1762 4229 1877 4286 autem
1893 4217 1945 4285 ibi
1963 4219 2003 4288 fit
2018 4243 2145 4289 corru-

1157 4319 1232 4410 ptio
1250 4341 1313 4408 per
1329 4317 1540 4386 contrariam
1556 4316 1781 4408 qualitatem,
1804 4333 1923 4388 tamen
1947 4319 2144 4412 principale

1157 4442 1263 4508 agens
1279 4431 1330 4488 est
1343 4419 1457 4488 forma
1471 4416 1574 4507 ignis.
1626 4415 1697 4488 Sed
1713 4413 1952 4494 haecomitto.
1985 4420 2144 4493 Vitanda

1157 4532 1209 4590 est
1238 4520 1333 4589 enim
1360 4520 1470 4587 nimia
1500 4519 1697 4599 subtilitas,
1727 4534 1766 4589 ut
1798 4544 1879 4589 vere
1908 4523 2043 4592 dietum
2074 4538 2142 4593 est:

1157 4620 1269 4694 Crede
1285 4616 1396 4705 mihi,
1420 4644 1542 4712 sapere
1556 4634 1694 4689 estnon
1711 4621 1864 4691 nimium
1881 4644 2013 4715 sapere.
2071 4680 2075 4684 .

1287 4856 1355 4939 De
1381 4853 1722 4937 Praedicamento
1740 4853 2007 4975 Quantitatis.

1440 5028 1538 5118 outa
1550 5038 1607 5102 est
1623 5033 1853 5117 Quantitas?

1258 5166 1447 5257 Quantitas
1471 5180 1522 5237 est
1543 5171 1751 5258 magnitudo
1773 5171 1843 5255 rei,
1877 5174 1933 5240 vel
1957 5198 2140 5249 nrrmerus.

1155 5268 1204 5342 Et
1234 5269 1426 5365 quantitati
1453 5269 1597 5361 proprie
1631 5274 1797 5340 convenit
1826 5277 2041 5361 mensurari,
2082 5278 2139 5346 vel

1156 5371 1283 5446 dividi.
1323 5366 1401 5442 Etsi
1417 5384 1534 5460 autem
1550 5396 1625 5442 non
1641 5396 1731 5465 opus
1746 5386 1797 5444 est
1812 5375 1950 5446 curiose
1970 5401 2140 5472 quaerere
