4538 5754
42 249 53 263 ‘
145 257 221 332 ors
257 287 277 362 .·
365 253 601 372 sertum
628 257 701 329 ru.
731 254 849 336 uso.
875 258 943 334 au
970 260 1098 341 msr.
1124 263 1269 342 onor.
1296 265 1363 341 ur
1390 265 1581 346 carnos.
1609 269 1939 351 sarcasmus.
2007 246 2013 251 ’
2067 244 2178 359 ἰιι

410 422 514 502 Quid
540 430 606 491 eat
634 421 873 512 Efficiam?

248 543 416 640 Efficiens
439 561 511 637 est,
537 572 556 619 a
581 574 652 643 quo
670 552 784 641 primo
800 554 838 623 lit
854 567 986 640 motus,
1015 555 1135 647 idest,

148 654 243 745 quod
262 664 381 720 revera
397 663 457 721 aut
474 649 717 742 principaliter
734 654 806 743 agit
819 668 860 724 ιιι
877 655 976 724 aliud
995 657 1133 731 efficiat.

147 748 195 825 Et
216 753 298 846 quia
319 775 443 842 magna
468 753 619 823 varietas
640 769 691 826 est
706 755 954 840 efficientium,
980 772 1014 828 et
1031 760 1134 828 valde

68 924 71 929 ,
145 858 288 946 prodest
306 877 408 924 nosse
424 852 651 937 discrimina,
678 881 818 928 necesse
835 872 887 929 est
900 855 959 929 hic
974 861 1058 931 addi
1074 861 1132 931 di-

146 979 310 1035 vssrones.

293 1138 360 1206 Dic
378 1140 519 1224 primam
539 1139 726 1208 divisionem
746 1137 982 1228 allicientium?

246 1253 489 1333 Efficientinm
525 1264 593 1334 alia
628 1278 801 1336 vocantur
832 1269 1026 1354 naturalia,
1063 1269 1131 1339 alia

143 1363 354 1434 voluntaria.
412 1364 595 1436 Naturalia
624 1382 814 1452 vocantur,
847 1395 936 1462 qnae
963 1372 998 1439 vi
1023 1372 1130 1442 insita

143 1481 291 1538 naturae
322 1481 449 1556 agunt,
489 1492 563 1537 non
596 1469 852 1540 deliberatione
882 1473 1020 1565 aliqua,
1063 1499 1129 1544 nec

140 1582 290 1655 possunt
303 1571 516 1660 suspendere
529 1570 704 1641 actionem
719 1575 860 1643 admota
875 1577 1044 1655 materia,
1072 1590 1127 1647 ut:

25 1722 27 1730 ι
140 1666 238 1760 Ignis
253 1684 399 1740 naturae
416 1672 542 1741 ordine
557 1673 717 1744 calefacit
731 1695 792 1743 sen
807 1676 881 1747 urit
894 1679 1035 1747 admota
1047 1702 1127 1748 cor-

138 1795 242 1861 pora,
268 1796 333 1842 nec
353 1774 538 1865 suspendit
557 1774 754 1860 actionem,
780 1774 872 1847 Cum
887 1802 975 1846 vena
991 1780 1030 1849 in
1045 1805 1125 1850 cor·

136 1897 224 1964 pore
240 1897 345 1960 sano,
367 1889 551 1947 consumto
568 1876 803 1964 nutrimento,
830 1895 961 1968 sugunt
980 1882 1122 1952 inanem

138 1976 396 2063 ventriculum,
429 1989 561 2049 natura
588 1980 806 2051 ventriculus
836 1982 972 2074 appetit
1001 1984 1121 2055 cibum

136 2092 170 2151 et
190 2094 326 2169 potum.
385 2077 597 2152 Voluntaria
618 2097 720 2163 sunt,
754 2107 844 2175 quae
865 2085 1123 2158 deliberatione

135 2195 261 2272 agunt,
286 2195 421 2261 etcum
441 2177 595 2253 habeant
617 2183 817 2256 libertatem
835 2184 1012 2279 aliquam,
1038 2214 1122 2282 pos-

136 2295 220 2354 sunt
242 2286 456 2375 suspendere
480 2284 673 2368 actionem,
703 2288 846 2356 admota
867 2291 1033 2375 materia,
1064 2308 1121 2363 ut:

137 2382 252 2455 Faber
280 2398 395 2476 potest
425 2409 498 2455 esse
528 2387 685 2472 ociosus,
719 2400 754 2457 et
784 2386 889 2458 etiam
912 2414 992 2460 cum
1016 2388 1122 2468 habet

40 2528 46 2533 -
135 2487 352 2578 propositam
391 2486 593 2572 materiam,
635 2501 669 2558 et
705 2489 960 2576 instrumenta,
1001 2493 1121 2566 Homo

137 2588 242 2658 etiam
266 2587 389 2657 sitiens
412 2601 527 2680 potest
548 2589 722 2681 imperare
743 2592 926 2679 manibus,
953 2611 993 2669 ut
1011 2622 1121 2689 pocu-

65 2778 70 2784 ὁ
134 2690 210 2761 lum
225 2690 445 2783 propositum
460 2690 515 2762 ori
529 2692 754 2763 admoveant.

387 2870 649 2959 Dieyaecundam
670 2874 866 2944 divisionem.
1006 2979 1008 2982 ,

232 2986 474 3065 Efficientium
491 2999 664 3089 quaedam
678 3011 761 3070 sunt
775 3000 921 3090 letales,
944 3004 1116 3092 quaedam

11 3087 15 3105 '
130 3106 213 3166 sont
240 3095 405 3185 partiales
435 3120 571 3171 causae.
639 3096 785 3169 Totales
814 3113 898 3170 sunt
927 3100 1118 3176 efficientes

129 3217 253 3267 causae
268 3198 313 3267 ad
329 3206 460 3271 certam
473 3222 548 3269 rem
562 3200 795 3271 efficiendam.
847 3200 1018 3275 Partiales
1034 3221 1117 3278 sunt

127 3296 304 3389 duplices,
336 3300 427 3370 aliae
452 3296 649 3371 Ordinatae
675 3303 926 3395 essentialiter,
964 3297 1114 3399 quarum

127 3422 200 3470 nna
227 3399 304 3468 sine
332 3400 419 3484 alia,
445 3401 582 3471 etiarnsi
611 3403 665 3470 vis
693 3405 769 3473 eius
792 3404 894 3474 valde
917 3422 1115 3501 augeretur,

126 3501 291 3572 effectum
306 3501 353 3570 in
374 3514 500 3572 natura
521 3503 726 3575 ordinatum
744 3529 818 3576 non
835 3520 950 3597 potest
967 3511 1114 3600 allicere,

126 3615 167 3674 ut
181 3615 282 3694 pater
295 3616 466 3678 etmater.
510 3601 685 3676 Voluntas
699 3631 773 3677 oon
786 3608 887 3700 eligit
897 3610 974 3681 sine
990 3615 1113 3704 cogni,-

114 3703 238 3776 tiooe:
265 3701 495 3777 Concurrunt
510 3706 620 3798 igitur
633 3709 677 3779 ad
692 3709 900 3781 electionem
915 3718 1113 3800 necessario

55 3837 56 3840 ¹
126 3806 326 3877 intellectus
348 3821 383 3879 et
405 3808 581 3882 voluntas.
639 3808 743 3883 Aliae
766 3826 849 3883 sunt
869 3809 1113 3888 Accidentali-

126 3921 181 3980 ter
196 3908 398 3995 ordinatae,
422 3934 573 4002 quarum
589 3936 681 3996 una,
706 3915 735 3983 si
752 3916 807 4007 vjis
822 3914 898 3985 eius
915 3931 1016 3988 aucta
1033 3920 1111 3991 fue·

124 4011 190 4095 rit,
215 4010 379 4083 effectum
392 4011 466 4082 sola
483 4025 597 4104 potest
609 4015 766 4101 efficere,
780 4031 830 4102 ,ιιι
845 4040 925 4087 cum
942 4020 1013 4090 duo
1028 4023 1112 4115 eqni

125 4135 270 4185 currum
289 4110 450 4188 trabunt.

336 4376 340 4385 ,
397 4292 465 4362 uo
483 4292 620 4362 amam
640 4294 835 4418 aronam

221 4411 462 4490 Efficientium
477 4420 649 4512 quaedam
664 4417 997 4514 suntPrineipales,
1019 4452 1110 4522 quae

122 4531 158 4590 et
177 4519 357 4609 digniores
383 4533 485 4601 sunt,
518 4533 552 4591 et
575 4521 656 4614 plus
678 4536 799 4613 agunt.
857 4522 961 4598 Aliae
985 4531 1106 4602 minus
1166 4614 1172 4618 ,

120 4619 334 4712 principales
350 4634 446 4707 sunt,
466 4646 617 4716 quarum
632 4637 668 4702 et
681 4625 835 4715 dignitas
852 4629 971 4717 minor
987 4645 1051 4718 est,
1074 4648 1108 4704 et

121 4723 214 4793 actio
239 4723 462 4814 languidior,
488 4739 529 4795 ut
553 4726 593 4796 in
618 4727 736 4818 pugile
756 4728 836 4819 plus
857 4732 929 4820 agit
945 4735 1107 4805 naturale

120 4825 250 4911 robur,
275 4849 382 4918 quam
404 4848 471 4900 res.
522 4825 567 4908 In
584 4822 738 4901 Antonii
754 4829 1026 4924 intemperantia
1042 4861 1108 4913 vo-

119 4923 237 4998 luntas
262 4927 460 5019 principale
488 4952 596 5020 agens
620 4944 690 5013 est,
723 4933 898 5005 naturalis
919 4933 1106 5023 inclinatio

119 5027 238 5098 minus
254 5030 462 5123 principale.

381 5196 448 5263 Dic
469 5202 626 5285 quartam
646 5198 844 5269 divisionem.

217 5313 412 5388 Causarum
439 5320 532 5391 aliae
560 5335 642 5393 sunt
666 5326 904 5420 propinquae,
934 5324 1025 5394 aliae
1049 5349 1105 5395 re-

1188 439 1349 526 effectui,
1375 457 1410 514 et
1434 445 1478 512 ad
1501 440 1597 515 hunc
1615 470 1728 517 unum
1747 448 1914 520 ellectum
1932 453 2046 543 magis
2063 455 2177 533 delen,

1188 540 1364 629 minatae,
1395 558 1451 615 ut:
1485 544 1591 618 Pater
1612 561 1649 619 et
1671 563 1784 620 mater
1807 552 2032 648 propinquae
2055 580 2174 627 canuc

1187 659 1269 716 sunt
1286 648 1543 739 generationis,
1569 645 1753 744 Hydropis
1777 653 1979 749 propinqua
2005 672 2173 731 causaest

1186 746 1350 837 copiosus
1379 744 1528 836 humor,
1560 754 1692 822 crudus
1723 768 1758 825 et
1780 778 1934 848 aquosus
1956 758 1993 827 in
2019 783 2172 852 corpore,

1186 847 1267 916 ideo
1290 849 1451 936 relictus,
1477 853 1561 946 quia
1585 855 1697 945 epatis
1713 856 1956 930 imbecillitate
1971 884 2046 930 non
2062 864 2171 954 potuit

1185 949 1289 1019 initio
1312 952 1390 1022 lieri
1410 955 1596 1025 conversio
1619 951 1715 1050 chyli
1739 958 1776 1026 in
1800 961 2020 1051 sanguinem.
2083 965 2169 1034 Cru-

1184 1051 1341 1121 ciatnum
1363 1056 1425 1149 qui
1449 1057 1584 1127 calculo
1600 1057 1639 1126 in
1657 1060 1756 1127 venis
1772 1063 1982 1152 procedente
1997 1065 2169 1151 oriuntur,

1183 1156 1385 1249 propinqua
1407 1181 1511 1228 causa
1534 1175 1586 1231 est
1609 1161 1723 1230 tensio
1747 1186 1962 1247 nervorum,
1986 1191 2079 1259 quae
2100 1169 2167 1238 fita

1183 1255 1329 1331 calculo.
1387 1258 1549 1330 Actionis
1574 1257 1742 1334 honestae
1766 1279 1827 1335 aut
1854 1259 2066 1336 inhonestae
2090 1293 2167 1359 pro-

1183 1357 1337 1451 pinquae
1355 1384 1480 1432 causae
1495 1375 1579 1432 sunt
1595 1387 1695 1433 mens
1712 1377 1747 1435 et
1762 1366 1937 1438 voluntas.
1997 1365 2166 1441 Remotae

1180 1483 1304 1531 causae
1326 1476 1426 1549 sunt,
1461 1489 1551 1559 qnae
1574 1466 1660 1535 alias
1682 1468 1868 1558 propiores
1890 1492 2012 1539 causas
2035 1487 2097 1544 aut
2118 1473 2166 1542 lo-

1181 1578 1265 1634 vent
1290 1578 1350 1635 aut
1371 1566 1482 1652 cient,
1508 1568 1564 1636 vel
1580 1581 1664 1638 sunt
1679 1593 1801 1640 causae
1818 1594 2003 1641 causarum
2021 1575 2165 1665 propin-

1179 1688 1351 1754 quarum,
1375 1682 1432 1739 ut:
1465 1665 1535 1737 Avi
1556 1684 1711 1741 remotae
1734 1695 1859 1743 causae
1882 1691 1965 1744 sunt
1988 1688 2165 1767 nepotum,

1180 1762 1362 1860 Hydropis
1394 1785 1529 1841 remota
1553 1793 1657 1841 causa
1682 1788 1735 1844 est
1759 1776 1972 1863 praecedens
1996 1776 2164 1869 intempe-

1178 1868 1311 1954 rantia,
1337 1895 1427 1965 quae
1450 1867 1687 1965 κακοχυμίαν
1710 1878 1865 1966 peperit,
1890 1901 1959 1969 qua
1982 1878 2037 1946 vis
2059 1879 2164 1969 epatis

1176 1968 1398 2060 languelacta
1424 1987 1486 2045 est.
1548 1975 1710 2046 Actionis
1734 1970 1903 2047 honestae
1928 2003 1990 2048 seu
2014 1975 2164 2049 inhone-

1175 2084 1249 2143 stae
1271 2089 1406 2166 remota
1430 2098 1532 2172 causa
1549 2091 1602 2148 est
1616 2089 1935 2172 temperamentum
1954 2082 1993 2150 in
2009 2076 2164 2166 homine,

1175 2174 1225 2244 sic
1241 2172 1430 2254 inclinans.

1441 2360 1507 2427 Dic
1528 2361 1676 2447 pusiolam
1697 2363 1896 2430 diuisionem.

1274 2478 1470 2554 Causarum
1508 2488 1684 2579 quaedam
1723 2502 1897 2558 vocantur
1936 2489 2163 2569 universales,

1173 2585 1347 2675 quaedam
1371 2586 1615 2674 particulares.
1668 2587 1891 2660 Universalis
1913 2603 1964 2660 est
1987 2586 2086 2662 Deus
2110 2592 2162 2660 fo·

1174 2707 1259 2752 vens
1282 2699 1460 2758 naturam.
1511 2686 1557 2759 Et
1572 2684 1783 2782 Philosophi
1805 2691 1855 2760 sic
1880 2706 2009 2763 vocant
2023 2706 2159 2763 motum

1172 2785 1379 2874 coelestem,
1405 2802 1439 2859 et
1462 2789 1535 2858 vim
1556 2791 1703 2862 luminis
1725 2804 1912 2861 astrorum.
1965 2790 2160 2864 Particula-

1172 2910 1226 2957 res
1248 2903 1422 2960 vocantur
1443 2893 1648 2984 propiores,
1675 2916 1764 2985 quae
1781 2894 1819 2962 in
1835 2895 1981 2964 materia
1998 2910 2102 2980 sunt,
2129 2909 2161 2965 et

1171 2990 1425 3063 determinatae
1443 2996 1587 3064 suntad
1604 2989 1701 3063 hunc
1718 2994 1900 3078 effectum,
1925 3010 1987 3069 ιιιε,
2007 2995 2159 3069 Univer-

1170 3091 1252 3160 salis
1274 3115 1379 3164 causa
1399 3095 1619 3186 pestilentiae
1633 3108 1686 3166 est
1700 3096 1840 3186 eclipsis
1857 3097 1997 3190 aliqua,
2024 3114 2087 3170 aut
2103 3100 2157 3167 in·

1168 3191 1281 3264 fausta
1304 3192 1469 3282 Saturni,
1495 3195 1622 3267 Martis
1646 3209 1679 3267 et
1702 3195 1826 3267 Lunae
1850 3200 2075 3287 coniunctio,
2101 3224 2156 3268 ve·

1167 3308 1298 3367 nenato
1312 3295 1451 3367 lumine
1462 3302 1578 3370 adrem
1591 3298 1764 3370 inficiens.
1815 3297 2047 3372 Particularis
2057 3325 2154 3373 causa

1168 3409 1220 3467 est
1236 3391 1428 3469 humorum
1444 3400 1483 3469 in
1499 3400 1708 3492 corporibus
1724 3396 1890 3471 humanis
1905 3404 2102 3496 corruptio.

1441 3579 1509 3648 Dic
1528 3586 1661 3648 sestam
1682 3581 1876 3649 divisionem.

1266 3695 1508 3772 Efficientium
1527 3704 1618 3774 aliae
1634 3720 1717 3775 sunt
1734 3705 1968 3798 principales,
1995 3707 2087 3777 aliae
2101 3707 2152 3776 in·

1165 3804 1423 3874 strumentales.
1475 3801 1697 3897 Principales
1719 3822 1819 3891 sunt,
1845 3832 1865 3877 a
1890 3808 2023 3902 quibus
2041 3810 2151 3880 oritur

1163 3903 1273 3988 actio,
1307 3928 1368 3973 sen
1390 3929 1480 3999 quae
1501 3908 1700 3996 gubernant
1722 3909 1917 3993 actionem,
1950 3925 1986 3980 et
2012 3921 2169 4009 movent,

1163 4004 1419 4092 instrumenta,
1450 4019 1489 4078 ut
1512 4009 1622 4078 faber.
1672 4008 1964 4081 instrumentales
1986 4024 2073 4083 sunt
2095 4035 2149 4082 or·

1162 4129 1252 4201 gana
1278 4121 1374 4180 extra
1397 4123 1560 4180 naturam
1585 4111 1791 4201 principalis
1813 4100 1957 4197 caus‘ae,
1983 4137 2078 4206 quae
2092 4133 2149 4204 ap·

1163 4207 1290 4299 plicata
1312 4224 1346 4283 et
1367 4224 1464 4282 mota
1480 4213 1526 4282 ab
1542 4213 1621 4284 aliis
1636 4214 1809 4284 adiuvant
1824 4213 2023 4298 actionem,
2048 4228 2091 4287 nt
2102 4228 2149 4287 te·

1104 4382 1107 4387 ,
1162 4310 1238 4380 lum
1271 4315 1414 4383 securis.
1473 4309 1539 4385 Est
1567 4329 1601 4385 et
1631 4339 1698 4385 vox
1722 4309 1910 4404 Evangelii
1933 4315 2147 4387 instrumen-

1162 4425 1251 4496 tum,
1278 4414 1456 4508 quoDeus
1471 4429 1590 4489 movet
1604 4432 1639 4489 et
1654 4415 1809 4509 impellit
1823 4417 1930 4488 corda
1947 4411 2145 4490 hominurn.

1360 4603 1364 4610 '
1415 4595 1481 4664 Dic
1503 4599 1674 4684 septimam
1696 4597 1894 4665 divisionem.

1261 4714 1473 4789 Partialium
1510 4721 1600 4791 aliae
1633 4729 1715 4792 sunt
1746 4735 2018 4813 praeparantes,
2061 4723 2145 4792 aliae

1159 4831 1243 4888 sunt
1264 4820 1485 4893 adiuvantes.
1537 4819 1773 4913 Praeparans,
1801 4846 1891 4917 quae
1908 4836 1968 4892 aut
1983 4824 2073 4893 foris
2087 4848 2144 4916 ap-

1159 4919 1267 5011 plicat
1291 4925 1449 5011 agentia,
1476 4936 1537 4993 aut
1555 4922 1726 4993 interiore
1743 4925 1861 5019 aliqua
1880 4927 2144 5016 praeparatione

1158 5023 1353 5095 subiectum
1379 5025 1548 5094 idoneum
1573 5025 1681 5097 eflicit
1704 5029 1748 5096 ad
1774 5028 1861 5097 alias
1883 5024 2060 5113 actiones,
2093 5040 2144 5100 ut:

1158 5122 1323 5195 Medicus
1337 5126 1492 5218 applicat
1507 5129 1683 5208 remedia,
1711 5141 1831 5220 postea
1845 5142 1973 5198 natura
1988 5128 2145 5219 corporis

1158 5239 1193 5297 et
1209 5227 1448 5298 remediorum
1465 5242 1519 5301 est
1533 5230 1750 5301 meditatrix.
1800 5231 1974 5301 Doctrina
1991 5243 2027 5302 et
2041 5231 2145 5302 disci-

1155 5327 1277 5421 plina,
1305 5329 1348 5423 id
1362 5340 1447 5412 est,
1479 5333 1705 5418 assuefactio,
1738 5345 1822 5403 sunt
1848 5354 1973 5402 cansae
1999 5356 2146 5425 praepa-

120 5433 248 5490 motae.
300 5417 531 5516 Propinquus
543 5435 646 5505 sunt,
672 5444 809 5519 quaen
824 5424 1010 5521 propiores
1023 5428 1106 5500 siant
1155 5432 1446 5503 ranteaanimnm
1462 5435 1697 5555 ad‘actipqem
1712 5434 1867 5507 virtutis.
1914 5433 2146 5530 adtamen,
