4538 5754
118 213 216 289 taos

618 260 623 267 r
713 205 838 278 PHlL.
866 200 983 280 MEL.
1010 200 1221 278 SCRIPTA
1248 199 1550 277 EXEGETICA.

2059 189 2143 277 itot

121 397 154 454 et
183 381 322 451 dulcem
359 403 468 449 escam
498 392 532 449 et
556 379 854 464 consolationem,
887 379 951 470 qui
979 378 1107 447 timent
1155 376 1266 462 mini,
1289 388 1331 446 ut
1346 376 1392 446 sit
1403 370 1516 459 Esca,
1540 399 1631 468 quae
1650 375 1841 447 admoneat
1855 397 1944 460 nus,
1971 388 2015 446 ut
2034 380 2143 448 cretia-¹

119 482 254 568 Deum,
287 483 349 576 qui
371 482 540 566 credunt,
573 482 633 574 qui
656 481 837 552 invocant.
896 478 993 549 Haec
1017 478 1106 549 Esca
1159 501 1316 550 musnos
1331 501 1412 547 vere
1428 478 1600 547 vivificari
1615 499 1634 546 a
1650 472 1806 551 Christo.
1859 477 2037 548 Testatur
2060 482 2141 549 enirn

122 600 173 655 est
196 584 438 655 testimonium
460 583 529 675 piis
556 583 596 651 iu
628 579 695 652 boc
716 583 868 675 populo,
900 583 996 675 quod
1022 581 1108 650 velit
1159 603 1195 650 sc
1210 605 1291 650 vere
1306 602 1373 649 nos
1396 580 1546 664 salvare,
1572 579 1655 673 quia
1679 603 1744 648 nos
1766 579 1836 650 sibi
1859 579 2051 670 adiungit,
2076 607 2142 653 cum

120 686 218 757 Deus
240 688 289 755 eis
308 710 381 756 esse
400 685 620 770 misericors,
645 708 704 753 eos
725 685 890 754 exaudire
913 698 946 755 et
970 707 1108 752 servare
1159 682 1316 774 impertit
1330 683 1434 752 uobis
1452 706 1579 773 corpus
1594 695 1629 752 et
1642 682 1852 771 sanguinem
1870 705 1995 752 suurn.

123 791 218 858 iuxta
235 810 314 857 suas
329 787 591 879 promissiones.
645 784 721 855 Hac
742 786 811 855 fide
833 788 990 869 edentes,
1016 798 1107 855 recte

122 891 313 960 utebantur
326 889 535 958 ceremonia.

226 1020 311 1091 ldeo
328 1021 487 1115 sequitur
508 1021 547 1089 in
563 1033 675 1092 textu:
702 1015 853 1091 Memor
868 1030 919 1091 est
936 1019 976 1090 in
993 1030 1107 1091 aeter·

125 1148 212 1194 num
232 1121 337 1222 pacti
348 1121 427 1208 sui,
461 1124 561 1218 quasi
584 1124 694 1194 dicat:
720 1122 811 1195 Cum
834 1125 984 1195 tradidit
1005 1125 1109 1194 uobis

126 1222 217 1296 hauc
233 1226 378 1305 Escam,
405 1239 551 1296 testatus
566 1239 668 1295 estse
684 1239 853 1319 perpetuo
878 1221 975 1296 hunc
994 1251 1109 1317 popu-

126 1329 200 1398 lum
224 1329 451 1397 defensurum
475 1349 567 1411 esse,
598 1341 632 1398 et
657 1329 825 1398 daturum
848 1328 1110 1419 promissiones,

126 1453 214 1523 quas
231 1428 410 1521 pollicitus
425 1442 485 1502 est.
538 1429 631 1499 Cum
647 1429 755 1518 igitur
770 1430 819 1519 pii
837 1431 1028 1500 utebantur
1045 1426 1110 1499 hac
1162 1498 1171 1514 ‚

126 1529 345 1614 ceremonia,
371 1532 548 1600 debebant
572 1530 745 1620 cogitare,
779 1530 929 1620 Signum
952 1556 1025 1601 esse
1052 1533 1107 1600 in·

127 1633 308 1717 stitutum,
325 1655 385 1701 seu
400 1633 521 1701 datum
539 1632 678 1722 pignus,
702 1635 798 1727 quod
817 1634 1011 1705 testabatur
1025 1629 1109 1702 huic

125 1734 259 1826 populo
272 1732 386 1801 Deum
403 1734 541 1803 dedisse
555 1736 704 1804 verbum
728 1748 762 1805 et
779 1735 1048 1823 promissionem
1066 1736 1110 1803 de

126 1836 346 1905 defensioue:
399 1832 486 1904 Item
512 1836 712 1926 promisisse
732 1832 932 1922 Christum,
965 1840 1112 1930 propter

128 1960 231 2028 quem
258 1936 365 2004 vellet
387 1936 436 2005 eis
457 1936 657 2025 ignoscere,
691 1952 726 2006 11
757 1961 817 2008 eos
838 1940 1016 2011 exaudire.
1068 1937 1110 2008 ln

128 2033 219 2107 banc
250 2039 460 2107 senteutiam
492 2039 636 2108 adiecit:
671 2038 814 2110 Memor
848 2054 898 2110 est
929 2041 1022 2131 pacti
1045 2063 1112 2124 sut,

126 2139 228 2232 quasi
238 2140 349 2209 dicat:
374 2137 470 2209 Haec
485 2140 560 2231 ipsa
570 2136 657 2211 Esca
675 2157 726 2212 est
741 2142 844 2211 uubis
858 2142 999 2233 pignus,
1015 2142 1110 2236 quod

126 2237 223 2309 Deus
238 2241 282 2309 sit
297 2264 362 2311 uos
372 2256 591 2325 servaturus,
617 2258 651 2314 et
667 2244 743 2313 vult
765 2239 832 2312 hac
850 2244 922 2312 lide
942 2243 1113 2314 celebrari

127 2343 380 2428 ceremoniam,
402 2357 442 2414 ut
458 2343 532 2433 ipse
547 2367 628 2414 vere
643 2346 829 2417 invocetur
843 2358 877 2416 et
892 2359 1112 2440 agnoscatur,

228 2475 301 2546 Nec
314 2502 398 2548 vero
416 2490 553 2548 tautum
577 2480 621 2548 de
636 2479 844 2549 defensioue
860 2482 1035 2572 corporali
1058 2482 1113 2551 lo-

127 2579 272 2677 quitur,
298 2602 378 2649 cum
394 2579 459 2649 ait:
486 2572 638 2648 Memor
654 2589 705 2650 est
720 2579 906 2678 partisui,
930 2583 1112 2653 sedetiam

128 2679 375 2771 complectitur
394 2681 646 2772 promissiones
668 2683 713 2752 de
735 2683 840 2752 bouis
857 2683 1116 2782 spiritualibus,

128 2781 405 2853 deliberatione
428 2807 447 2852 a
473 2796 633 2874 peccato,
667 2797 699 2855 et
723 2784 915 2855 donatione
938 2811 1052 2856 novae
1074 2811 1115 2856 11

128 2896 318 2976 perpetuae
359 2884 451 2954 vitae
489 2885 681 2976 promissae
726 2900 872 2979 propter
909 2877 1113 2959 Christum.

127 2983 279 3075 Propter
315 2979 408 3054 hauc
445 2986 716 3076 promissionem
756 2988 908 3080 gratiae,
956 2991 1115 3061 sciebant

129 3087 249 3157 omnia
272 3087 341 3156 alia
364 3087 534 3158 miracula
554 3089 645 3159 lacta
673 3110 763 3158 esse:
800 3089 929 3159 deiude
958 3093 1115 3162 sciebant

120 3183 309 3285 ,Christum
332 3188 529 3278 significare
555 3191 802 3260 mactationem
827 3192 908 3280 agni
926 3189 1113 3266 Paschalis.

128 3288 245 3362 Simul
274 3290 383 3380 igitur
414 3291 673 3362 confitebantur
699 3304 734 3362 et
766 3293 1018 3383 praedicabant
1051 3292 1115 3364 bas

128 3391 381 3480 promissiones
397 3386 606 3465 deChristo:
632 3393 680 3464 Et
695 3390 827 3485 probis
843 3397 996 3471 aeternis
1005 3399 1115 3466 bene-

128 3492 215 3561 liciis
238 3495 388 3583 agebant
413 3495 559 3583 gratias,
586 3517 695 3588 eaque
718 3496 787 3566 lide
808 3497 976 3587 petebant
997 3511 1032 3570 et
1055 3523 1114 3568 ex-

126 3595 326 3684 pectebant.

230 3707 308 3782 lam
323 3710 437 3781 lacilis
451 3726 504 3783 est
517 3715 795 3785 accommodatio
811 3716 856 3786 ad
873 3728 1034 3786 nostrum
1046 3713 1114 3785 Pa-

115 3797 213 3882 'seha
228 3811 267 3880 in
282 3806 459 3893 Ecclesia,
486 3814 651 3886 videlicet
675 3819 717 3886 ad
733 3829 883 3887 mortem
900 3811 1054 3901 Christi,
1081 3833 1116 3890 ct

129 3913 259 3984 deinde
284 3915 329 3982 ad
355 3936 500 3982 coenam
515 3913 675 3986 Domini.
727 3917 817 3987 Nam
840 3912 925 3986 haec
946 3919 1114 3987 beneficia

128 4015 243 4087 multo
266 4015 378 4104 magis
403 4017 638 4106 praedicanda
660 4031 761 4103 sunt,
786 4041 891 4110 quam
907 4018 970 4088 illa
986 4041 1115 4109 corpo·

127 4117 213 4188 ralis
235 4115 411 4188 liberatio.
470 4110 567 4188 Haec
589 4132 671 4189 sunt
694 4119 851 4208 iugentia
874 4121 984 4202 lacta,
1017 4124 1113 4213 quod

73 4282 76 4287 ,
127 4217 224 4290 Deus
239 4214 433 4290 Ecclesiam
448 4233 551 4291 vocat
575 4222 619 4290 ad
640 4220 749 4291 vitam
767 4234 966 4308 aeternam,
991 4222 1029 4292 id
1053 4237 1115 4310 est,

129 4321 225 4413 quod
243 4322 345 4392 dedit
358 4315 606 4411 Evangelium,
634 4326 730 4416 quod
746 4324 844 4395 misit
858 4321 991 4393 Filium
1011 4348 1113 4395 suum

95 4423 99 4431 ’
129 4434 169 4492 ut
183 4422 282 4491 fieret
299 4417 413 4494 hostia
432 4447 498 4514 pro
513 4419 669 4495 humano
685 4449 830 4516 genere,
847 4427 942 4519 quod
957 4425 1114 4497 mirabili

129 4525 237 4593 modo
254 4524 383 4597 liberat
398 4548 465 4594 uos
479 4550 498 4594 a
514 4540 656 4617 peccato
678 4541 713 4599 et
728 4542 858 4599 morte:
887 4528 981 4620 quod
1006 4541 1114 4598 natu-

127 4645 188 4692 rae
211 4624 426 4697 instauratae
449 4627 559 4701 donat
582 4643 760 4702 aeternam
788 4637 822 4702 et
845 4629 1031 4700 coelestem
1056 4630 1112 4699 vi-

126 4737 211 4797 lttm.

232 4839 391 4915 Primum
423 4845 533 4937 igitur
568 4843 652 4919 haec
674 4844 763 4918 Esca
796 4850 1016 4938 agnoscenda
1050 4863 1112 4939 est,

129 4968 208 5013 cum
233 4967 315 5013 vere
337 4948 557 5020 vivificamur
572 4951 609 5018 in
624 4951 816 5040 pavoribus
838 4968 872 5020 et
895 4951 932 5019 in
958 4964 1072 5019 morte
1092 4975 1113 5020 a

127 5040 270 5118 Christo
288 5069 351 5136 per
372 5049 495 5131 fidem,
522 5051 596 5142 ipse
616 5054 654 5122 fit
669 5047 777 5137 Esca,
804 5054 893 5123 sicut
913 5052 1031 5146 inquit
1053 5049 1112 5120 lo-

1247 781 1357 854 Recte
1373 784 1482 871 igitur
1498 799 1532 854 et
1546 779 1617 853 huc
1632 784 1925 855 accommodatur
1943 784 2143 856 versiculus:

1159 881 1299 955 Escam
1316 879 1412 956 dedit
1432 883 1644 954 timentibus
1658 908 1716 966 se,
1743 885 1780 953 id
1798 899 1871 967 est,
1899 886 2064 957 instituit
2077 912 2143 958 coe·

1159 1012 1261 1069 uam,
1285 1002 1326 1058 ut
1347 989 1613 1058 meminerimus
1634 988 1788 1077 iugentia
1813 988 1991 1057 beneficia
2013 983 2144 1075 Christi,

1160 1104 1274 1160 etnos
1296 1089 1539 1176 consolemur,
1567 1091 1636 1159 lide
1659 1089 1869 1180 accipientes
1899 1090 2144 1181 promissiones

1159 1185 1364 1282 Evangelii,
1391 1204 1586 1262 statuamus
1609 1215 1690 1261 vere
1706 1191 1811 1260 uobis
1826 1191 1989 1281 ignosci,
2018 1216 2143 1263 noser·
2185 1216 2187 1279 ξ

1160 1294 1294 1379 audiri,
1321 1315 1401 1362 vere
1417 1294 1520 1362 nobis
1535 1294 1664 1366 donari
1682 1292 1829 1383 gratiam
1847 1307 1883 1364 11
1902 1294 2018 1364 vitam
2044 1309 2143 1365 aeter·

1161 1419 1255 1464 uam.
1306 1390 1353 1463 Et
1375 1395 1518 1487 quidem
1543 1394 1811 1465 meminerimus
1837 1409 1954 1480 ratas,
1975 1393 2096 1466 'certas
2117 1411 2145 1467 et

1161 1496 1401 1566 immutabiles
1425 1520 1498 1565 esse
1520 1490 1584 1565 bas
1600 1496 1869 1585 promissiones,
1897 1498 1995 1569 sicut
2018 1494 2077 1568 bic
2098 1500 2145 1568 in-

1161 1598 1256 1691 quit:
1278 1596 1421 1667 Memor
1442 1611 1491 1666 est
1514 1599 1553 1667 iu
1574 1611 1754 1668 aeternum
1779 1600 1873 1690 pacti
1892 1599 1962 1668 sui.
2021 1597 2072 1669 lta
2099 1601 2146 1691 pir

1162 1723 1263 1768 mens
1285 1700 1388 1769 facile
1411 1700 1541 1790 poterit
1562 1701 1887 1770 accommodarcad
1905 1700 2148 1772 1111111111-

1161 1796 1262 1885 scha,
1289 1815 1323 1870 et
1345 1801 1493 1870 recitare
1515 1798 1612 1871 huuc
1635 1799 1815 1868 Psalmum
1840 1815 2008 1890 agentem
2028 1803 2147 1892 gratias

1163 1926 1227 1995 pro
1251 1902 1430 1972 beneficiis
1450 1898 1606 1986 Christi,
1641 1914 1678 1970 11
1700 1901 1901 1971 intuentem
1926 1904 2148 1980 admirabilia

1089 2040 1099 2057 ·
1164 2029 1290 2095 opera,
1316 2016 1465 2073 mortem
1482 2018 1516 2075 et
1531 2004 1823 2073 resurrectionem
1837 2000 1998 2087 Christi,
2024 2008 2149 2096 erigere

1162 2107 1266 2176 lidem
1274 2156 1287 2191 ,
1314 2120 1348 2175 et
1363 2127 1480 2173 veram
1499 2105 1777 2175 consolationem
1795 2106 1969 2196 accipere.

1189 2274 1252 2346 Vl.
1282 2279 1468 2349 Virtutem
1491 2297 1646 2370 operum
1663 2298 1819 2348 suorum
1844 2284 2070 2351 annunciet
2087 2303 2148 2372 po
2185 2320 2187 2326 2

1264 2381 1353 2472 puro
1370 2401 1448 2451 m.

1266 2509 1443 2582 Recitavit
1465 2513 1555 2581 iacta
1575 2524 1608 2580 et
1631 2509 1859 2583 ceremonias.
1912 2511 2023 2585 Nunc
2043 2516 2148 2586 uomi-

1165 2611 1277 2683 uatim
1295 2613 1381 2682 facit
1399 2612 1616 2681 mentionem
1626 2610 1822 2683 Ministerii
1837 2615 1962 2699 verbi,
1990 2617 2074 2710 quia
2099 2617 2146 2685 iu·

1166 2714 1259 2809 quit:
1274 2707 1501 2782 Annuntiut.
1526 2710 1615 2784 ltem
1634 2729 1752 2805 postea
1766 2714 1865 2783 addit
1884 2717 1929 2784 de
1945 2717 2043 2808 lege:
2068 2711 2147 2788 Fir·

1165 2840 1227 2885 ma
1242 2823 1329 2884 sunt
1345 2809 1529 2884 mundata
1547 2811 1637 2885 eius.
1689 2814 1780 2886 Nota
1802 2829 1854 2886 est
1874 2831 2000 2888 autem
2023 2820 2146 2910 magui-

1166 2921 1254 2991 tudo
1278 2913 1384 2987 huius
1406 2917 1586 2999 beneficii,
1610 2917 1753 3002 scilicet,
1775 2919 1872 3009 quod
1890 2919 1994 2992 dedit
2009 2921 2144 3012 promis-

1166 3021 1284 3090 siones
1313 3034 1347 3092 et
1365 3019 1493 3107 legem:
1528 3032 1562 3088 11
1582 3017 1738 3090 instituit
1757 3019 2026 3108 ministerium,
2060 3021 2142 3092 dedit

1167 3115 1361 3213 Prophetas
1375 3145 1415 3189 ac
1431 3118 1656 3205 Sacerdotes,
1681 3135 1722 3190 ut
1742 3120 2004 3210 explicaretur,
2029 3147 2141 3216 propa·

1165 3237 1308 3313 geretur
1325 3233 1359 3291 11
1376 3233 1643 3291 conservaretur
1657 3222 1896 3291 ministerium
1913 3225 2031 3296 verbi.
2066 3222 2144 3297 Pro.

1166 3338 1244 3416 pter
1264 3320 1331 3394 boc
1352 3322 1563 3393 beneficium
1584 3336 1783 3413 segregatus
1808 3336 1861 3393 est
1879 3318 1940 3394 hic
1956 3326 2102 3418 populus
2123 3347 2139 3393 a

1166 3428 1317 3521 reliquis'
1336 3425 1519 3514 gentibus,
1543 3436 1584 3494 ut
1604 3438 1691 3496 esset
1715 3424 1833 3517 aliqua
1851 3426 1974 3508 natio,
1997 3429 2060 3499 ubi
2078 3448 2138 3519 ccr-

1166 3544 1242 3600 tum
1258 3540 1364 3611 esset,
1390 3540 1507 3597 extare
1522 3525 1670 3596 verbum
1686 3526 1770 3598 Dei.
1820 3521 1867 3595 Et
1881 3527 1930 3597 ob
1954 3523 2049 3599 hauc
2070 3550 2138 3597 cau·

1167 3653 1239 3700 sam
1256 3628 1377 3700 omnia
1393 3626 1570 3698 mirabilia
1584 3627 1674 3696 lacta
1690 3641 1784 3710 suut,
1808 3639 1848 3697 ut
1863 3645 1986 3702 essent
1999 3631 2138 3701 testimo

1166 3733 1267 3801 nium
1294 3753 1368 3800 non
1395 3732 1439 3800 de
1464 3730 1540 3819 lege
1565 3742 1722 3813 tautum,
1754 3729 1814 3799 sed
1837 3730 1956 3800 multo
1980 3732 2087 3822 magis
2105 3729 2138 3797 de

1166 3831 1480 3926 promissionibus,
1506 3844 1548 3902 ut
1560 3830 1690 3901 scirent
1704 3830 1775 3921 pii,
1801 3854 1884 3900 vere
1900 3829 2023 3902 Deum
2045 3831 2138 3903 tradi·

1166 3935 1259 4004 disse
1275 3934 1420 4026 aliquod
1431 3934 1579 4003 verbum
1595 3934 1639 4001 de
1653 3933 1823 4001 salvando
1838 3954 1972 4022 genere
1990 3930 2139 4014 humano,

1165 4049 1200 4128 et
1215 4035 1363 4120 scireut,
1387 4035 1450 4104 ubi
1473 4048 1605 4106 extaret
1620 4034 1709 4103 illud
1728 4034 1898 4124 verbum,
1925 4038 2139 4130 etquodnam

1166 4150 1265 4211 esset.
1316 4134 1456 4208 Horum
1472 4136 1723 4206 beneficiorum
1740 4134 2029 4225 magnitudinem
2051 4157 2138 4207 neno

1166 4263 1340 4331 exponere
1364 4262 1430 4330 pro
1454 4238 1627 4328 dignitate
1649 4250 1782 4328 potest,
1816 4238 1876 4306 sed
1901 4260 2089 4327 agnoscere
2108 4257 2139 4306 er

1165 4355 1200 4412 et
1215 4340 1371 4430 accipere
1384 4353 1483 4430 grato
1500 4340 1621 4409 animo
1636 4340 1817 4410 debemus.

1266 4438 1332 4512 Est
1347 4442 1456 4532 igitur
1470 4437 1556 4512 baec
1572 4440 1746 4511 sententia
1761 4437 1947 4509 versiculi:
1977 4437 2141 4512 Virtutem

1165 4567 1312 4635 operum
1327 4566 1472 4614 suorum
1490 4542 1684 4613 annunciat
1699 4542 1831 4631 populo
1845 4563 1931 4625 suo,
1956 4541 2075 4626 idest,
2096 4541 2141 4609 iu·

1164 4647 1280 4718 stituit
1307 4645 1565 4730 ministerium,
1597 4638 1793 4735 Prophetas
1818 4644 1880 4711 dat
1902 4655 1938 4711 11
1965 4641 2142 4724 Sacerdos,

1165 4748 1295 4832 Moses,
1322 4743 1456 4831 Aaron,
1481 4747 1641 4829 Iosuam,
1667 4742 1888 4828 Samuelem,
1906 4758 1940 4816 et
1957 4745 2069 4838 alios,
2092 4741 2142 4838 qul

1165 4850 1422 4921 concionentur
1446 4850 1492 4917 de
1514 4847 1683 4941 operibus
1703 4842 1788 4930 Dei,
1819 4846 1918 4938 quod
1944 4841 2048 4919 Deus
2071 4844 2143 4916 velit

1163 4974 1265 5041 agere
1279 4975 1358 5021 cum
1377 4973 1503 5041 genere
1518 4945 1697 5031 humano,
1722 4949 1820 5040 quod
1837 4948 1981 5018 dederit
2006 4947 2143 5041 promis·

1164 5055 1292 5134 sioues,
1320 5055 1417 5146 quod
1434 5076 1515 5122 vere
1530 5052 1615 5123 velit
1630 5051 1746 5120 salvos
1761 5051 1875 5119 lacere
1892 5052 2079 5122 credentes
2091 5046 2150 5143 petx

128 5142 214 5218 han.
231 5163 345 5219 sexto:
372 5148 447 5239 Ego
464 5174 541 5220 sum
558 5154 680 5244 panis,
707 5154 769 5246 qui
793 5156 837 5224 de
853 5156 951 5223 coelo
967 5156 1111 5223 descen·
1162 5152 1417 5247 Evangelium,
1451 5154 1547 5247 quod
1570 5177 1652 5223 vere
1677 5150 1833 5221 remittat
1849 5166 2017 5244 peccata,
2043 5168 2080 5226 et
2094 5174 2142 5221 ex·

63 5289 69 5300 ·
128 5250 183 5334 di,
216 5249 256 5322 Si
279 5250 359 5345 quis
379 5255 644 5325 manducaverit
665 5280 704 5324 11
728 5251 795 5325 hoc
818 5280 927 5352 pane,
953 5257 1048 5326 vivet
1073 5257 1111 5325 in
1162 5258 1283 5328 audlat
1299 5257 1514 5340 invocantes,
1540 5268 1576 5325 et
1590 5256 1700 5326 salvet
1717 5276 1789 5342 eos,
1816 5256 1913 5346 quod
1931 5270 2033 5346 regat
2048 5268 2081 5326 11
2093 5255 2143 5322 de·

11 5416 14 5421 .
125 5366 318 5431 aeternum.
372 5350 511 5427 Deinde
529 5354 690 5429 instituta
714 5370 765 5428 est
790 5359 895 5430 etiam
911 5382 1018 5429 coena
1037 5355 1111 5428 Do·
1161 5361 1283 5432 leudat
1295 5354 1500 5448 Ecclesiam,
1516 5360 1612 5452 quod
1629 5353 1852 5427 horribiliter
1867 5358 2001 5447 puniat
2017 5357 2141 5451 impios.
