<?xml version="1.0" encoding="UTF-8"?>
<!DOCTYPE html PUBLIC "-//W3C//DTD XHTML 1.0 Transitional//EN"
    "http://www.w3.org/TR/xhtml1/DTD/xhtml1-transitional.dtd">
<html xmlns="http://www.w3.org/1999/xhtml" xml:lang="en" lang="en">
 <head>
  <title>
</title>
<meta http-equiv="Content-Type" content="text/html;charset=utf-8" />
  <meta name='ocr-system' content='tesseract 3.04.00' />
  <meta name='ocr-capabilities' content='ocr_page ocr_carea ocr_par ocr_line ocrx_word'/>
</head>
<body>
  <div class='ocr_page' id='page_1' title='image "./corpusreformato11melagoog_0224.png"; bbox 0 0 4538 5754; ppageno 0'>
   <div class='ocr_carea' id='block_1_1' title="bbox 1039 1075 1140 1171">
    <p class='ocr_par' dir='ltr' id='par_1_1' title="bbox 1039 1075 1140 1171">
     <span class='ocr_line' id='line_1_1' title="bbox 1039 1075 1140 1171; baseline -0.02 -12"><span class='ocrx_word' id='word_1_1' title='bbox 1039 1075 1140 1171; x_wconf 68' lang='lat' dir='ltr'><strong>,tlt</strong></span> 
     </span>
    </p>
   </div>
   <div class='ocr_carea' id='block_1_2' title="bbox 420 1186 1898 1490">
    <p class='ocr_par' dir='ltr' id='par_1_2' title="bbox 420 1186 1898 1490">
     <span class='ocr_line' id='line_1_2' title="bbox 420 1186 1898 1354; baseline 0.001 -21"><span class='ocrx_word' id='word_1_2' title='bbox 420 1250 518 1337; x_wconf 81' lang='grc' dir='ltr'><strong>ιιι.</strong></span> <span class='ocrx_word' id='word_1_3' title='bbox 555 1249 716 1337; x_wconf 82' lang='lat' dir='ltr'><strong>unu.</strong></span> <span class='ocrx_word' id='word_1_4' title='bbox 761 1246 1312 1338; x_wconf 80' lang='grc' dir='ltr'><strong>ιιιιιιιιιιοιιιιιι</strong></span> <span class='ocrx_word' id='word_1_5' title='bbox 1348 1186 1837 1354; x_wconf 82' lang='lat' dir='ltr'><strong>annroarcus</strong></span> <span class='ocrx_word' id='word_1_6' title='bbox 1894 1215 1898 1221; x_wconf 83' lang='grc'><strong>’</strong></span> 
     </span>
     <span class='ocr_line' id='line_1_3' title="bbox 696 1416 1258 1490; baseline -0.007 0"><span class='ocrx_word' id='word_1_7' title='bbox 696 1416 699 1420; x_wconf 18' lang='lat'>⁸</span> <span class='ocrx_word' id='word_1_8' title='bbox 956 1425 1103 1490; x_wconf 78' lang='lat' dir='ltr'><strong>blssltt</strong></span> <span class='ocrx_word' id='word_1_9' title='bbox 1146 1423 1258 1488; x_wconf 84' lang='lat' dir='ltr'><strong>DUO.</strong></span> 
     </span>
    </p>
   </div>
   <div class='ocr_carea' id='block_1_3' title="bbox 778 1631 1447 1645">
    <p class='ocr_par' dir='ltr' id='par_1_3' title="bbox 778 1631 1447 1645">
     <span class='ocr_line' id='line_1_4' title="bbox 778 1631 1447 1645; baseline -0.007 0"><span class='ocrx_word' id='word_1_10' title='bbox 778 1631 1447 1645; x_wconf 47' lang='lat' dir='ltr'><strong>—m-nmffl</strong></span> 
     </span>
    </p>
   </div>
   <div class='ocr_carea' id='block_1_4' title="bbox 635 1852 1572 2105">
    <p class='ocr_par' dir='ltr' id='par_1_4' title="bbox 635 1852 1572 2105">
     <span class='ocr_line' id='line_1_5' title="bbox 821 1852 1321 1918; baseline -0.004 -2"><span class='ocrx_word' id='word_1_11' title='bbox 821 1852 825 1864; x_wconf 86' lang='grc'><strong>’</strong></span> <span class='ocrx_word' id='word_1_12' title='bbox 888 1859 1058 1918; x_wconf 78' lang='lat' dir='ltr'><strong>crena</strong></span> <span class='ocrx_word' id='word_1_13' title='bbox 1100 1857 1321 1918; x_wconf 80' lang='lat' dir='ltr'><strong>narnus.</strong></span> 
     </span>
     <span class='ocr_line' id='line_1_6' title="bbox 635 1977 1572 2105; baseline -0.007 -13"><span class='ocrx_word' id='word_1_14' title='bbox 635 2003 719 2092; x_wconf 89' lang='lat' dir='ltr'><strong>De</strong></span> <span class='ocrx_word' id='word_1_15' title='bbox 778 2007 1119 2093; x_wconf 80' lang='lat' dir='ltr'><strong>Elementis</strong></span> <span class='ocrx_word' id='word_1_16' title='bbox 1174 1977 1572 2105; x_wconf 74' lang='lat' dir='ltr'><strong>Rhetoriqes.</strong></span> 
     </span>
    </p>
   </div>
   <div class='ocr_carea' id='block_1_5' title="bbox 94 2228 2214 3039">
    <p class='ocr_par' dir='ltr' id='par_1_5' title="bbox 94 2228 2214 3039">
     <span class='ocr_line' id='line_1_7' title="bbox 95 2228 2115 2331; baseline -0.002 -23"><span class='ocrx_word' id='word_1_17' title='bbox 95 2228 214 2310; x_wconf 81' lang='lat' dir='ltr'>Inicio</span> <span class='ocrx_word' id='word_1_18' title='bbox 232 2241 401 2310; x_wconf 87' lang='lat' dir='ltr'><strong>monendi</strong></span> <span class='ocrx_word' id='word_1_19' title='bbox 418 2257 500 2312; x_wconf 86' lang='lat' dir='ltr'><strong>sunt</strong></span> <span class='ocrx_word' id='word_1_20' title='bbox 516 2239 770 2323; x_wconf 75' lang='lat' dir='ltr'><strong>adolescentes,</strong></span> <span class='ocrx_word' id='word_1_21' title='bbox 797 2237 962 2331; x_wconf 89' lang='lat' dir='ltr'><strong>quemad</strong></span> <span class='ocrx_word' id='word_1_22' title='bbox 980 2261 1082 2309; x_wconf 89' lang='lat' dir='ltr'><strong>usuro</strong></span> <span class='ocrx_word' id='word_1_23' title='bbox 1133 2238 1289 2322; x_wconf 85' lang='lat' dir='ltr'><strong>iuvetur,</strong></span> <span class='ocrx_word' id='word_1_24' title='bbox 1312 2261 1401 2329; x_wconf 89' lang='lat' dir='ltr'><strong>quae</strong></span> <span class='ocrx_word' id='word_1_25' title='bbox 1419 2238 1582 2306; x_wconf 90' lang='lat' dir='ltr'><strong>ostendat</strong></span> <span class='ocrx_word' id='word_1_26' title='bbox 1598 2235 1724 2305; x_wconf 87' lang='lat' dir='ltr'><strong>seriem</strong></span> <span class='ocrx_word' id='word_1_27' title='bbox 1749 2239 1922 2329; x_wconf 86' lang='lat' dir='ltr'><strong>partium,</strong></span> <span class='ocrx_word' id='word_1_28' title='bbox 1947 2255 1981 2313; x_wconf 89' lang='lat' dir='ltr'><strong>et</strong></span> <span class='ocrx_word' id='word_1_29' title='bbox 2003 2245 2115 2318; x_wconf 66' lang='lat' dir='ltr'><strong>inter.</strong></span> 
     </span>
     <span class='ocr_line' id='line_1_8' title="bbox 97 2337 2115 2434; baseline 0.003 -24"><span class='ocrx_word' id='word_1_30' title='bbox 97 2342 302 2411; x_wconf 89' lang='lat' dir='ltr'><strong>communia</strong></span> <span class='ocrx_word' id='word_1_31' title='bbox 329 2357 507 2434; x_wconf 88' lang='lat' dir='ltr'><strong>praecepta</strong></span> <span class='ocrx_word' id='word_1_32' title='bbox 531 2337 742 2412; x_wconf 86' lang='lat' dir='ltr'><strong>Rhetorices</strong></span> <span class='ocrx_word' id='word_1_33' title='bbox 767 2342 922 2430; x_wconf 87' lang='lat' dir='ltr'><strong>primum</strong></span> <span class='ocrx_word' id='word_1_34' title='bbox 953 2343 1082 2411; x_wconf 88' lang='lat' dir='ltr'><strong>tradita</strong></span> <span class='ocrx_word' id='word_1_35' title='bbox 1132 2340 1243 2423; x_wconf 86' lang='lat' dir='ltr'><strong>valla,</strong></span> <span class='ocrx_word' id='word_1_36' title='bbox 1270 2353 1304 2411; x_wconf 89' lang='lat' dir='ltr'><strong>et</strong></span> <span class='ocrx_word' id='word_1_37' title='bbox 1319 2340 1513 2409; x_wconf 72' lang='lat' dir='ltr'>dicentium</span> <span class='ocrx_word' id='word_1_38' title='bbox 1537 2337 1705 2423; x_wconf 83' lang='lat' dir='ltr'><strong>consilia,</strong></span> <span class='ocrx_word' id='word_1_39' title='bbox 1722 2350 1764 2409; x_wconf 72' lang='lat' dir='ltr'><strong>‘et</strong></span> <span class='ocrx_word' id='word_1_40' title='bbox 1788 2340 1880 2411; x_wconf 86' lang='lat' dir='ltr'><strong>viam</strong></span> <span class='ocrx_word' id='word_1_41' title='bbox 1903 2346 2034 2430; x_wconf 89' lang='lat' dir='ltr'><strong>tradat,</strong></span> <span class='ocrx_word' id='word_1_42' title='bbox 2059 2372 2115 2420; x_wconf 80' lang='lat' dir='ltr'><strong>res</strong></span> 
     </span>
     <span class='ocr_line' id='line_1_9' title="bbox 98 2436 2121 2532; baseline 0.003 -20"><span class='ocrx_word' id='word_1_43' title='bbox 98 2445 179 2514; x_wconf 82' lang='lat' dir='ltr'><strong>sint.</strong></span> <span class='ocrx_word' id='word_1_44' title='bbox 242 2436 376 2532; x_wconf 79' lang='lat' dir='ltr'><strong>Legent</strong></span> <span class='ocrx_word' id='word_1_45' title='bbox 408 2445 503 2512; x_wconf 82' lang='lat' dir='ltr'><strong>eninr</strong></span> <span class='ocrx_word' id='word_1_46' title='bbox 528 2442 717 2524; x_wconf 89' lang='lat' dir='ltr'><strong>libentius,</strong></span> <span class='ocrx_word' id='word_1_47' title='bbox 754 2440 1083 2529; x_wconf 79' lang='lat' dir='ltr'><strong>ubi-cognoverint,</strong></span> <span class='ocrx_word' id='word_1_48' title='bbox 1132 2442 1298 2510; x_wconf 85' lang='lat' dir='ltr'><strong>obscuras</strong></span> <span class='ocrx_word' id='word_1_49' title='bbox 1315 2439 1513 2529; x_wconf 81' lang='lat' dir='ltr'><strong>explicandi</strong></span> <span class='ocrx_word' id='word_1_50' title='bbox 1534 2463 1574 2507; x_wconf 89' lang='lat' dir='ltr'><strong>ac</strong></span> <span class='ocrx_word' id='word_1_51' title='bbox 1595 2440 1842 2529; x_wconf 82' lang='lat' dir='ltr'><strong>patefaciendi.</strong></span> <span class='ocrx_word' id='word_1_52' title='bbox 1892 2442 1989 2515; x_wconf 73' lang='lat' dir='ltr'><strong>Ilaec</strong></span> <span class='ocrx_word' id='word_1_53' title='bbox 2014 2448 2121 2519; x_wconf 86' lang='lat' dir='ltr'><strong>utili-</strong></span> 
     </span>
     <span class='ocr_line' id='line_1_10' title="bbox 96 2535 2142 2639; baseline 0.003 -25"><span class='ocrx_word' id='word_1_54' title='bbox 96 2569 204 2637; x_wconf 87' lang='lat' dir='ltr'><strong>quam</strong></span> <span class='ocrx_word' id='word_1_55' title='bbox 221 2543 306 2613; x_wconf 88' lang='lat' dir='ltr'><strong>inde</strong></span> <span class='ocrx_word' id='word_1_56' title='bbox 322 2547 460 2614; x_wconf 81' lang='lat' dir='ltr'><strong>auferre</strong></span> <span class='ocrx_word' id='word_1_57' title='bbox 481 2544 634 2613; x_wconf 92' lang='lat' dir='ltr'><strong>debeant</strong></span> <span class='ocrx_word' id='word_1_58' title='bbox 656 2543 857 2612; x_wconf 78' lang='lat' dir='ltr'><strong>utilitatem.</strong></span> <span class='ocrx_word' id='word_1_59' title='bbox 909 2542 1083 2612; x_wconf 80' lang='lat' dir='ltr'><strong>Homines</strong></span> <span class='ocrx_word' id='word_1_60' title='bbox 1133 2557 1184 2612; x_wconf 88' lang='lat' dir='ltr'><strong>tas</strong></span> <span class='ocrx_word' id='word_1_61' title='bbox 1220 2541 1334 2612; x_wconf 89' lang='lat' dir='ltr'><strong>movit</strong></span> <span class='ocrx_word' id='word_1_62' title='bbox 1368 2535 1532 2612; x_wconf 83' lang='lat' dir='ltr'><strong>homines</strong></span> <span class='ocrx_word' id='word_1_63' title='bbox 1565 2542 1775 2631; x_wconf 78' lang='lat' dir='ltr'><strong>prudentes,</strong></span> <span class='ocrx_word' id='word_1_64' title='bbox 1815 2545 1860 2613; x_wconf 87' lang='lat' dir='ltr'><strong>ad</strong></span> <span class='ocrx_word' id='word_1_65' title='bbox 1887 2547 2142 2639; x_wconf 58' lang='lat' dir='ltr'><strong>excogitanda]</strong></span> 
     </span>
     <span class='ocr_line' id='line_1_11' title="bbox 95 2640 2214 2738; baseline 0.003 -24"><span class='ocrx_word' id='word_1_66' title='bbox 95 2647 191 2715; x_wconf 85' lang='lat' dir='ltr'><strong>acuti</strong></span> <span class='ocrx_word' id='word_1_67' title='bbox 211 2659 246 2714; x_wconf 88' lang='lat' dir='ltr'><strong>et</strong></span> <span class='ocrx_word' id='word_1_68' title='bbox 260 2646 384 2734; x_wconf 89' lang='lat' dir='ltr'><strong>periti,</strong></span> <span class='ocrx_word' id='word_1_69' title='bbox 408 2645 470 2738; x_wconf 90' lang='lat' dir='ltr'><strong>qui</strong></span> <span class='ocrx_word' id='word_1_70' title='bbox 493 2644 600 2737; x_wconf 87' lang='lat' dir='ltr'><strong>primi</strong></span> <span class='ocrx_word' id='word_1_71' title='bbox 620 2640 713 2715; x_wconf 90' lang='lat' dir='ltr'><strong>hanc</strong></span> <span class='ocrx_word' id='word_1_72' title='bbox 736 2657 847 2713; x_wconf 86' lang='lat' dir='ltr'><strong>artem</strong></span> <span class='ocrx_word' id='word_1_73' title='bbox 871 2656 1083 2731; x_wconf 78' lang='lat' dir='ltr'><strong>genuerunt,</strong></span> <span class='ocrx_word' id='word_1_74' title='bbox 1132 2656 1338 2735; x_wconf 86' lang='lat' dir='ltr'><strong>praecepta,</strong></span> <span class='ocrx_word' id='word_1_75' title='bbox 1363 2643 1456 2712; x_wconf 90' lang='lat' dir='ltr'><strong>utin</strong></span> <span class='ocrx_word' id='word_1_76' title='bbox 1482 2666 1669 2711; x_wconf 85' lang='lat' dir='ltr'><strong>commune</strong></span> <span class='ocrx_word' id='word_1_77' title='bbox 1691 2645 1914 2714; x_wconf 78' lang='lat' dir='ltr'><strong>consulerent</strong></span> <span class='ocrx_word' id='word_1_78' title='bbox 1937 2650 2115 2734; x_wconf 85' lang='lat' dir='ltr'><strong>omnibus,</strong></span> <span class='ocrx_word' id='word_1_79' title='bbox 2211 2673 2214 2676; x_wconf 85' lang='grc'><em>·</em></span> 
     </span>
     <span class='ocr_line' id='line_1_12' title="bbox 95 2740 2113 2843; baseline 0.003 -28"><span class='ocrx_word' id='word_1_80' title='bbox 95 2770 320 2840; x_wconf 81' lang='lat' dir='ltr'><strong>nequaquam</strong></span> <span class='ocrx_word' id='word_1_81' title='bbox 340 2742 407 2816; x_wconf 92' lang='lat' dir='ltr'><strong>hoc</strong></span> <span class='ocrx_word' id='word_1_82' title='bbox 424 2759 623 2826; x_wconf 85' lang='lat' dir='ltr'><strong>senserunt,</strong></span> <span class='ocrx_word' id='word_1_83' title='bbox 648 2740 734 2814; x_wconf 90' lang='lat' dir='ltr'><strong>baec</strong></span> <span class='ocrx_word' id='word_1_84' title='bbox 748 2756 929 2835; x_wconf 88' lang='lat' dir='ltr'><strong>praecepta</strong></span> <span class='ocrx_word' id='word_1_85' title='bbox 947 2745 1083 2813; x_wconf 86' lang='lat' dir='ltr'><strong>efficere</strong></span> <span class='ocrx_word' id='word_1_86' title='bbox 1130 2758 1165 2814; x_wconf 90' lang='lat' dir='ltr'><strong>ct</strong></span> <span class='ocrx_word' id='word_1_87' title='bbox 1181 2745 1429 2826; x_wconf 87' lang='lat' dir='ltr'><strong>adolescentes,</strong></span> <span class='ocrx_word' id='word_1_88' title='bbox 1446 2766 1518 2810; x_wconf 94' lang='lat' dir='ltr'><strong>non</strong></span> <span class='ocrx_word' id='word_1_89' title='bbox 1534 2756 1604 2813; x_wconf 87' lang='lat' dir='ltr'><strong>tarn</strong></span> <span class='ocrx_word' id='word_1_90' title='bbox 1620 2747 1664 2812; x_wconf 83' lang='lat' dir='ltr'><strong>ad</strong></span> <span class='ocrx_word' id='word_1_91' title='bbox 1681 2758 1774 2814; x_wconf 89' lang='lat' dir='ltr'><strong>recte</strong></span> <span class='ocrx_word' id='word_1_92' title='bbox 1792 2747 1980 2817; x_wconf 89' lang='lat' dir='ltr'><strong>dicendum</strong></span> <span class='ocrx_word' id='word_1_93' title='bbox 1982 2776 2113 2843; x_wconf 81' lang='lat' dir='ltr'><strong>,quern</strong></span> 
     </span>
     <span class='ocr_line' id='line_1_13' title="bbox 95 2844 2115 2963; baseline 0.002 -47"><span class='ocrx_word' id='word_1_94' title='bbox 95 2844 261 2918; x_wconf 87' lang='lat' dir='ltr'><strong>homines</strong></span> <span class='ocrx_word' id='word_1_95' title='bbox 278 2848 500 2939; x_wconf 85' lang='lat' dir='ltr'><strong>eloquentes,</strong></span> <span class='ocrx_word' id='word_1_96' title='bbox 522 2860 583 2922; x_wconf 82' lang='lat' dir='ltr'><strong>aut</strong></span> <span class='ocrx_word' id='word_1_97' title='bbox 608 2848 653 2915; x_wconf 90' lang='lat' dir='ltr'><strong>ad</strong></span> <span class='ocrx_word' id='word_1_98' title='bbox 676 2845 928 2938; x_wconf 87' lang='lat' dir='ltr'><strong>eloquentiam</strong></span> <span class='ocrx_word' id='word_1_99' title='bbox 939 2870 1080 2963; x_wconf 86' lang='lat' dir='ltr'><strong>compa·</strong></span> <span class='ocrx_word' id='word_1_100' title='bbox 1131 2847 1173 2914; x_wconf 94' lang='lat' dir='ltr'><strong>ad</strong></span> <span class='ocrx_word' id='word_1_101' title='bbox 1196 2846 1389 2936; x_wconf 83' lang='lat' dir='ltr'><strong>prudenter</strong></span> <span class='ocrx_word' id='word_1_102' title='bbox 1408 2844 1638 2933; x_wconf 78' lang='lat' dir='ltr'><strong>intelligenda</strong></span> <span class='ocrx_word' id='word_1_103' title='bbox 1662 2845 1777 2915; x_wconf 86' lang='lat' dir='ltr'><strong>aliena</strong></span> <span class='ocrx_word' id='word_1_104' title='bbox 1794 2848 1940 2936; x_wconf 91' lang='lat' dir='ltr'><strong>scripta,</strong></span> <span class='ocrx_word' id='word_1_105' title='bbox 1966 2874 2115 2946; x_wconf 80' lang='lat' dir='ltr'><strong>praepa-</strong></span> 
     </span>
     <span class='ocr_line' id='line_1_14' title="bbox 94 2944 2113 3039; baseline 0.002 -21"><span class='ocrx_word' id='word_1_106' title='bbox 94 2954 245 3019; x_wconf 87' lang='lat' dir='ltr'><strong>randam</strong></span> <span class='ocrx_word' id='word_1_107' title='bbox 268 2947 439 3021; x_wconf 87' lang='lat' dir='ltr'><strong>sulficere.</strong></span> <span class='ocrx_word' id='word_1_108' title='bbox 490 2947 579 3018; x_wconf 78' lang='lat' dir='ltr'><strong>Nam</strong></span> <span class='ocrx_word' id='word_1_109' title='bbox 602 2947 830 3039; x_wconf 88' lang='lat' dir='ltr'><strong>eloquentia</strong></span> <span class='ocrx_word' id='word_1_110' title='bbox 823 2947 979 3036; x_wconf 65' lang='lat' dir='ltr'><strong>prinlum</strong></span> <span class='ocrx_word' id='word_1_111' title='bbox 1008 2947 1080 3014; x_wconf 87' lang='lat' dir='ltr'><strong>virn</strong></span> <span class='ocrx_word' id='word_1_112' title='bbox 1130 2961 1258 3019; x_wconf 82' lang='lat' dir='ltr'><strong>carent.</strong></span> <span class='ocrx_word' id='word_1_113' title='bbox 1311 2945 1429 3036; x_wconf 84' lang='lat' dir='ltr'><strong>Atque</strong></span> <span class='ocrx_word' id='word_1_114' title='bbox 1442 2945 1548 3013; x_wconf 88' lang='lat' dir='ltr'><strong>ndern</strong></span> <span class='ocrx_word' id='word_1_115' title='bbox 1566 2944 1751 3030; x_wconf 77' lang='lat' dir='ltr'><strong>videbant</strong></span> <span class='ocrx_word' id='word_1_116' title='bbox 1775 2963 1817 3018; x_wconf 92' lang='lat' dir='ltr'><strong>ut</strong></span> <span class='ocrx_word' id='word_1_117' title='bbox 1829 2948 1978 3021; x_wconf 84' lang='lat' dir='ltr'><strong>altarum</strong></span> <span class='ocrx_word' id='word_1_118' title='bbox 1993 2975 2113 3023; x_wconf 86' lang='lat' dir='ltr'><strong>rerum</strong></span> 
     </span>
    </p>
   </div>
   <div class='ocr_carea' id='block_1_6' title="bbox 95 3044 2257 3167">
    <p class='ocr_par' dir='ltr' id='par_1_6' title="bbox 95 3044 2257 3167">
     <span class='ocr_line' id='line_1_15' title="bbox 95 3044 2257 3167; baseline 0.002 -49"><span class='ocrx_word' id='word_1_119' title='bbox 95 3065 244 3120; x_wconf 91' lang='lat' dir='ltr'><strong>naturae</strong></span> <span class='ocrx_word' id='word_1_120' title='bbox 272 3051 460 3119; x_wconf 82' lang='lat' dir='ltr'><strong>maximam</strong></span> <span class='ocrx_word' id='word_1_121' title='bbox 485 3052 529 3118; x_wconf 89' lang='lat' dir='ltr'><strong>ad</strong></span> <span class='ocrx_word' id='word_1_122' title='bbox 552 3048 765 3167; x_wconf 42' lang='grc' dir='ltr'><strong>ιΙΗῑιιιιιΙιιιιι,</strong></span> <span class='ocrx_word' id='word_1_123' title='bbox 797 3048 926 3118; x_wconf 89' lang='lat' dir='ltr'><strong>deiude</strong></span> <span class='ocrx_word' id='word_1_124' title='bbox 952 3049 1077 3118; x_wconf 87' lang='lat' dir='ltr'><strong>multa·</strong></span> <span class='ocrx_word' id='word_1_125' title='bbox 1130 3049 1296 3136; x_wconf 85' lang='lat' dir='ltr'><strong>artifices,</strong></span> <span class='ocrx_word' id='word_1_126' title='bbox 1321 3047 1370 3116; x_wconf 90' lang='lat' dir='ltr'><strong>ita</strong></span> <span class='ocrx_word' id='word_1_127' title='bbox 1394 3059 1550 3115; x_wconf 84' lang='lat' dir='ltr'><strong>oratores</strong></span> <span class='ocrx_word' id='word_1_128' title='bbox 1567 3044 1764 3117; x_wconf 75' lang='lat' dir='ltr'><strong>imitatione</strong></span> <span class='ocrx_word' id='word_1_129' title='bbox 1778 3048 1864 3120; x_wconf 80' lang='lat' dir='ltr'><strong>fien</strong></span> <span class='ocrx_word' id='word_1_130' title='bbox 1916 3049 2056 3138; x_wconf 85' lang='lat' dir='ltr'><strong>Quare,</strong></span> <span class='ocrx_word' id='word_1_131' title='bbox 2082 3055 2113 3124; x_wconf 81' lang='lat' dir='ltr'><strong>si</strong></span> <span class='ocrx_word' id='word_1_132' title='bbox 2232 3088 2257 3150; x_wconf 52' lang='lat'><em>3</em></span> 
     </span>
    </p>
   </div>
   <div class='ocr_carea' id='block_1_7' title="bbox 52 3147 2195 5398">
    <p class='ocr_par' dir='ltr' id='par_1_7' title="bbox 52 3147 2188 4659">
     <span class='ocr_line' id='line_1_16' title="bbox 93 3147 2113 3242; baseline 0.004 -22"><span class='ocrx_word' id='word_1_133' title='bbox 93 3177 175 3220; x_wconf 88' lang='lat' dir='ltr'><strong>rum</strong></span> <span class='ocrx_word' id='word_1_134' title='bbox 197 3152 372 3220; x_wconf 85' lang='lat' dir='ltr'><strong>bouarucn</strong></span> <span class='ocrx_word' id='word_1_135' title='bbox 394 3174 513 3220; x_wconf 88' lang='lat' dir='ltr'><strong>rerum</strong></span> <span class='ocrx_word' id='word_1_136' title='bbox 535 3149 721 3218; x_wconf 86' lang='lat' dir='ltr'><strong>scienciam</strong></span> <span class='ocrx_word' id='word_1_137' title='bbox 745 3148 906 3241; x_wconf 84' lang='lat' dir='ltr'><strong>requirit.</strong></span> <span class='ocrx_word' id='word_1_138' title='bbox 963 3147 1080 3220; x_wconf 90' lang='lat' dir='ltr'><strong>Multa</strong></span> <span class='ocrx_word' id='word_1_139' title='bbox 1131 3148 1506 3241; x_wconf 88' lang='lat' dir='ltr'><strong>quierantinturba</strong></span> <span class='ocrx_word' id='word_1_140' title='bbox 1531 3147 1763 3231; x_wconf 85' lang='lat' dir='ltr'><strong>discentium,</strong></span> <span class='ocrx_word' id='word_1_141' title='bbox 1798 3173 1887 3242; x_wconf 86' lang='lat' dir='ltr'><strong>quos</strong></span> <span class='ocrx_word' id='word_1_142' title='bbox 1916 3159 2113 3229; x_wconf 72' lang='lat' dir='ltr'><strong>naturane</strong></span> 
     </span>
     <span class='ocr_line' id='line_1_17' title="bbox 93 3245 2112 3343; baseline 0.001 -22"><span class='ocrx_word' id='word_1_143' title='bbox 93 3255 205 3342; x_wconf 82' lang='lat' dir='ltr'><strong>igitur</strong></span> <span class='ocrx_word' id='word_1_144' title='bbox 221 3265 255 3321; x_wconf 88' lang='lat' dir='ltr'><strong>et</strong></span> <span class='ocrx_word' id='word_1_145' title='bbox 271 3275 397 3341; x_wconf 83' lang='lat' dir='ltr'><strong>magna</strong></span> <span class='ocrx_word' id='word_1_146' title='bbox 413 3252 637 3336; x_wconf 88' lang='lat' dir='ltr'><strong>adiumenta,</strong></span> <span class='ocrx_word' id='word_1_147' title='bbox 662 3264 738 3321; x_wconf 83' lang='lat' dir='ltr'><strong>tum</strong></span> <span class='ocrx_word' id='word_1_148' title='bbox 757 3263 936 3335; x_wconf 79' lang='lat' dir='ltr'><strong>enatura,</strong></span> <span class='ocrx_word' id='word_1_149' title='bbox 963 3263 1038 3319; x_wconf 86' lang='lat' dir='ltr'><strong>turn</strong></span> <span class='ocrx_word' id='word_1_150' title='bbox 1060 3274 1079 3318; x_wconf 90' lang='lat' dir='ltr'><strong>a</strong></span> <span class='ocrx_word' id='word_1_151' title='bbox 1130 3251 1319 3320; x_wconf 87' lang='lat' dir='ltr'><strong>dicendum</strong></span> <span class='ocrx_word' id='word_1_152' title='bbox 1338 3250 1486 3318; x_wconf 84' lang='lat' dir='ltr'><strong>idoneos</strong></span> <span class='ocrx_word' id='word_1_153' title='bbox 1503 3248 1671 3333; x_wconf 87' lang='lat' dir='ltr'><strong>finxerat,</strong></span> <span class='ocrx_word' id='word_1_154' title='bbox 1695 3245 1779 3333; x_wconf 87' lang='lat' dir='ltr'><strong>bos,</strong></span> <span class='ocrx_word' id='word_1_155' title='bbox 1805 3266 1990 3343; x_wconf 78' lang='lat' dir='ltr'><strong>postquem</strong></span> <span class='ocrx_word' id='word_1_156' title='bbox 2013 3255 2112 3326; x_wconf 84' lang='lat' dir='ltr'><strong>didi·</strong></span> 
     </span>
     <span class='ocr_line' id='line_1_18' title="bbox 92 3344 2118 3444; baseline 0.001 -20"><span class='ocrx_word' id='word_1_157' title='bbox 92 3356 276 3437; x_wconf 88' lang='lat' dir='ltr'><strong>doctrina,</strong></span> <span class='ocrx_word' id='word_1_158' title='bbox 300 3367 439 3444; x_wconf 88' lang='lat' dir='ltr'><strong>praeter</strong></span> <span class='ocrx_word' id='word_1_159' title='bbox 461 3347 546 3422; x_wconf 85' lang='lat' dir='ltr'><strong>hacc</strong></span> <span class='ocrx_word' id='word_1_160' title='bbox 568 3352 768 3421; x_wconf 87' lang='lat' dir='ltr'><strong>communia</strong></span> <span class='ocrx_word' id='word_1_161' title='bbox 794 3364 994 3443; x_wconf 85' lang='lat' dir='ltr'><strong>praecepta,</strong></span> <span class='ocrx_word' id='word_1_162' title='bbox 1021 3376 1080 3422; x_wconf 91' lang='lat' dir='ltr'><strong>su·</strong></span> <span class='ocrx_word' id='word_1_163' title='bbox 1130 3353 1258 3421; x_wconf 88' lang='lat' dir='ltr'><strong>cissent</strong></span> <span class='ocrx_word' id='word_1_164' title='bbox 1279 3353 1372 3421; x_wconf 84' lang='lat' dir='ltr'><strong>viam</strong></span> <span class='ocrx_word' id='word_1_165' title='bbox 1395 3344 1617 3439; x_wconf 85' lang='lat' dir='ltr'><strong>intelligendi</strong></span> <span class='ocrx_word' id='word_1_166' title='bbox 1640 3366 1674 3422; x_wconf 90' lang='lat' dir='ltr'><strong>et</strong></span> <span class='ocrx_word' id='word_1_167' title='bbox 1696 3350 1876 3422; x_wconf 88' lang='lat' dir='ltr'><strong>iudicandi</strong></span> <span class='ocrx_word' id='word_1_168' title='bbox 1899 3353 2118 3431; x_wconf 74' lang='lat' dir='ltr'><strong>disertorum</strong></span> 
     </span>
     <span class='ocr_line' id='line_1_19' title="bbox 91 3452 2146 3544; baseline 0.001 -18"><span class='ocrx_word' id='word_1_169' title='bbox 91 3458 169 3526; x_wconf 88' lang='lat' dir='ltr'><strong>mit.</strong></span> <span class='ocrx_word' id='word_1_170' title='bbox 221 3452 366 3524; x_wconf 84' lang='lat' dir='ltr'><strong>Habent</strong></span> <span class='ocrx_word' id='word_1_171' title='bbox 387 3468 503 3523; x_wconf 89' lang='lat' dir='ltr'><strong>tamen</strong></span> <span class='ocrx_word' id='word_1_172' title='bbox 520 3467 554 3523; x_wconf 91' lang='lat' dir='ltr'><strong>et</strong></span> <span class='ocrx_word' id='word_1_173' title='bbox 568 3477 667 3523; x_wconf 89' lang='lat' dir='ltr'><strong>suam</strong></span> <span class='ocrx_word' id='word_1_174' title='bbox 681 3454 870 3523; x_wconf 80' lang='lat' dir='ltr'><strong>utilitatem</strong></span> <span class='ocrx_word' id='word_1_175' title='bbox 888 3468 1080 3544; x_wconf 86' lang='lat' dir='ltr'><strong>praecepta.</strong></span> <span class='ocrx_word' id='word_1_176' title='bbox 1130 3455 1327 3542; x_wconf 87' lang='lat' dir='ltr'><strong>orationes,</strong></span> <span class='ocrx_word' id='word_1_177' title='bbox 1354 3476 1393 3520; x_wconf 89' lang='lat' dir='ltr'><strong>ru</strong></span> <span class='ocrx_word' id='word_1_178' title='bbox 1409 3453 1527 3523; x_wconf 88' lang='lat' dir='ltr'><strong>forum</strong></span> <span class='ocrx_word' id='word_1_179' title='bbox 1544 3468 1578 3523; x_wconf 90' lang='lat' dir='ltr'><strong>et</strong></span> <span class='ocrx_word' id='word_1_180' title='bbox 1599 3454 1645 3521; x_wconf 91' lang='lat' dir='ltr'><strong>ad</strong></span> <span class='ocrx_word' id='word_1_181' title='bbox 1666 3474 1786 3523; x_wconf 84' lang='lat' dir='ltr'><strong>causas</strong></span> <span class='ocrx_word' id='word_1_182' title='bbox 1811 3456 2051 3540; x_wconf 89' lang='lat' dir='ltr'><strong>deducebant,</strong></span> <span class='ocrx_word' id='word_1_183' title='bbox 2078 3474 2146 3530; x_wconf 82' lang='lat' dir='ltr'><strong>et¹</strong></span> 
     </span>
     <span class='ocr_line' id='line_1_20' title="bbox 90 3550 2111 3670; baseline 0.002 -42"><span class='ocrx_word' id='word_1_184' title='bbox 90 3555 204 3628; x_wconf 88' lang='lat' dir='ltr'><strong>Docet</strong></span> <span class='ocrx_word' id='word_1_185' title='bbox 222 3557 317 3624; x_wconf 87' lang='lat' dir='ltr'><strong>enim</strong></span> <span class='ocrx_word' id='word_1_186' title='bbox 336 3569 463 3626; x_wconf 88' lang='lat' dir='ltr'><strong>natura</strong></span> <span class='ocrx_word' id='word_1_187' title='bbox 478 3550 689 3624; x_wconf 88' lang='lat' dir='ltr'><strong>homines</strong></span> <span class='ocrx_word' id='word_1_188' title='bbox 655 3579 749 3623; x_wconf 78' lang='lat' dir='ltr'><strong>viam</strong></span> <span class='ocrx_word' id='word_1_189' title='bbox 772 3558 949 3646; x_wconf 87' lang='lat' dir='ltr'><strong>quandam</strong></span> <span class='ocrx_word' id='word_1_190' title='bbox 961 3567 1080 3658; x_wconf 89' lang='lat' dir='ltr'><strong>atque</strong></span> <span class='ocrx_word' id='word_1_191' title='bbox 1130 3555 1325 3624; x_wconf 90' lang='lat' dir='ltr'><strong>iubebant</strong></span> <span class='ocrx_word' id='word_1_192' title='bbox 1315 3580 1352 3623; x_wconf 89' lang='grc' dir='ltr'><strong>ιιι</strong></span> <span class='ocrx_word' id='word_1_193' title='bbox 1369 3556 1506 3670; x_wconf 65' lang='lat' dir='ltr'><strong>aqeudo</strong></span> <span class='ocrx_word' id='word_1_194' title='bbox 1525 3576 1670 3642; x_wconf 83' lang='lat' dir='ltr'><strong>magnos</strong></span> <span class='ocrx_word' id='word_1_195' title='bbox 1686 3567 1719 3623; x_wconf 93' lang='lat' dir='ltr'><strong>et</strong></span> <span class='ocrx_word' id='word_1_196' title='bbox 1731 3556 1938 3629; x_wconf 85' lang='lat' dir='ltr'><strong>excellentes</strong></span> <span class='ocrx_word' id='word_1_197' title='bbox 1953 3574 2111 3633; x_wconf 87' lang='lat' dir='ltr'><strong>oratores</strong></span> 
     </span>
     <span class='ocr_line' id='line_1_21' title="bbox 89 3639 2111 3748; baseline -0.001 -18"><span class='ocrx_word' id='word_1_198' title='bbox 89 3660 289 3742; x_wconf 89' lang='lat' dir='ltr'><strong>rationem,</strong></span> <span class='ocrx_word' id='word_1_199' title='bbox 314 3680 459 3748; x_wconf 84' lang='lat' dir='ltr'><strong>magnas</strong></span> <span class='ocrx_word' id='word_1_200' title='bbox 483 3669 516 3726; x_wconf 89' lang='lat' dir='ltr'><strong>et</strong></span> <span class='ocrx_word' id='word_1_201' title='bbox 539 3657 705 3726; x_wconf 87' lang='lat' dir='ltr'><strong>obscuras</strong></span> <span class='ocrx_word' id='word_1_202' title='bbox 724 3679 846 3726; x_wconf 88' lang='lat' dir='ltr'><strong>causas</strong></span> <span class='ocrx_word' id='word_1_203' title='bbox 869 3639 1080 3748; x_wconf 84' lang='lat' dir='ltr'><strong>explicandi,</strong></span> <span class='ocrx_word' id='word_1_204' title='bbox 1129 3656 1258 3724; x_wconf 74' lang='lat' dir='ltr'><strong>intueri</strong></span> <span class='ocrx_word' id='word_1_205' title='bbox 1273 3669 1378 3748; x_wconf 92' lang='lat' dir='ltr'><strong>atque</strong></span> <span class='ocrx_word' id='word_1_206' title='bbox 1393 3652 1536 3727; x_wconf 85' lang='lat' dir='ltr'><strong>rmrtarr</strong></span> <span class='ocrx_word' id='word_1_207' title='bbox 1569 3653 1689 3743; x_wconf 85' lang='lat' dir='ltr'><strong>Quare</strong></span> <span class='ocrx_word' id='word_1_208' title='bbox 1705 3668 1740 3726; x_wconf 87' lang='lat' dir='ltr'><strong>et</strong></span> <span class='ocrx_word' id='word_1_209' title='bbox 1755 3678 1821 3726; x_wconf 89' lang='lat' dir='ltr'><strong>nos</strong></span> <span class='ocrx_word' id='word_1_210' title='bbox 1837 3660 1881 3727; x_wconf 92' lang='lat' dir='ltr'><strong>ad</strong></span> <span class='ocrx_word' id='word_1_211' title='bbox 1897 3653 1992 3735; x_wconf 86' lang='lat' dir='ltr'><strong>bunc</strong></span> <span class='ocrx_word' id='word_1_212' title='bbox 2007 3685 2111 3733; x_wconf 86' lang='lat' dir='ltr'><strong>usum</strong></span> 
     </span>
     <span class='ocr_line' id='line_1_22' title="bbox 90 3710 2112 3855; baseline 0.001 -24"><span class='ocrx_word' id='word_1_213' title='bbox 90 3784 199 3855; x_wconf 89' lang='lat' dir='ltr'><strong>quam</strong></span> <span class='ocrx_word' id='word_1_214' title='bbox 218 3710 393 3828; x_wconf 89' lang='lat' dir='ltr'><strong>borbines</strong></span> <span class='ocrx_word' id='word_1_215' title='bbox 395 3782 520 3848; x_wconf 79' lang='lat' dir='ltr'><strong>magna</strong></span> <span class='ocrx_word' id='word_1_216' title='bbox 540 3758 740 3852; x_wconf 88' lang='lat' dir='ltr'><strong>quadarn</strong></span> <span class='ocrx_word' id='word_1_217' title='bbox 705 3784 742 3826; x_wconf 87' lang='lat' dir='ltr'><strong>vr</strong></span> <span class='ocrx_word' id='word_1_218' title='bbox 758 3758 893 3848; x_wconf 77' lang='lat' dir='ltr'><strong>ingenii</strong></span> <span class='ocrx_word' id='word_1_219' title='bbox 915 3757 1079 3848; x_wconf 89' lang='lat' dir='ltr'><strong>praediti,</strong></span> <span class='ocrx_word' id='word_1_220' title='bbox 1129 3759 1307 3826; x_wconf 87' lang='lat' dir='ltr'><strong>trademus</strong></span> <span class='ocrx_word' id='word_1_221' title='bbox 1320 3752 1554 3838; x_wconf 88' lang='lat' dir='ltr'><strong>Rhetoricen,</strong></span> <span class='ocrx_word' id='word_1_222' title='bbox 1580 3771 1620 3824; x_wconf 90' lang='lat' dir='ltr'><strong>ut</strong></span> <span class='ocrx_word' id='word_1_223' title='bbox 1642 3757 1878 3828; x_wconf 82' lang='lat' dir='ltr'><strong>adolescentes</strong></span> <span class='ocrx_word' id='word_1_224' title='bbox 1894 3760 2082 3833; x_wconf 87' lang='lat' dir='ltr'><strong>idiuvent&#39;</strong></span> <span class='ocrx_word' id='word_1_225' title='bbox 2071 3789 2112 3834; x_wconf 90' lang='grc' dir='ltr'><strong>ιιι</strong></span> 
     </span>
     <span class='ocr_line' id='line_1_23' title="bbox 88 3857 2110 3969; baseline 0.001 -38"><span class='ocrx_word' id='word_1_226' title='bbox 88 3862 222 3954; x_wconf 87' lang='lat' dir='ltr'><strong>partim</strong></span> <span class='ocrx_word' id='word_1_227' title='bbox 246 3862 415 3930; x_wconf 86' lang='lat' dir='ltr'><strong>beneficio</strong></span> <span class='ocrx_word' id='word_1_228' title='bbox 439 3874 586 3929; x_wconf 85' lang='lat' dir='ltr'><strong>naturae</strong></span> <span class='ocrx_word' id='word_1_229' title='bbox 615 3860 916 3944; x_wconf 84' lang='lat' dir='ltr'><strong>animadvertere,</strong></span> <span class='ocrx_word' id='word_1_230' title='bbox 950 3860 1076 3969; x_wconf 88' lang='lat' dir='ltr'><strong>partirn</strong></span> <span class='ocrx_word' id='word_1_231' title='bbox 1129 3859 1231 3928; x_wconf 86' lang='lat' dir='ltr'><strong>bonis</strong></span> <span class='ocrx_word' id='word_1_232' title='bbox 1251 3859 1434 3928; x_wconf 87' lang='lat' dir='ltr'><strong>autoribus</strong></span> <span class='ocrx_word' id='word_1_233' title='bbox 1467 3857 1643 3945; x_wconf 77' lang='lat' dir='ltr'><strong>legendis,</strong></span> <span class='ocrx_word' id='word_1_234' title='bbox 1683 3858 1745 3951; x_wconf 92' lang='lat' dir='ltr'><strong>qui</strong></span> <span class='ocrx_word' id='word_1_235' title='bbox 1776 3860 1920 3953; x_wconf 88' lang='lat' dir='ltr'><strong>quidem</strong></span> <span class='ocrx_word' id='word_1_236' title='bbox 1945 3865 2021 3934; x_wconf 86' lang='lat' dir='ltr'><strong>sine</strong></span> <span class='ocrx_word' id='word_1_237' title='bbox 2045 3860 2110 3935; x_wconf 86' lang='lat' dir='ltr'><strong>bae</strong></span> 
     </span>
     <span class='ocr_line' id='line_1_24' title="bbox 88 3957 2109 4080; baseline 0 -45"><span class='ocrx_word' id='word_1_238' title='bbox 88 3988 156 4035; x_wconf 90' lang='lat' dir='ltr'><strong>usu</strong></span> <span class='ocrx_word' id='word_1_239' title='bbox 176 3957 441 4054; x_wconf 88' lang='lat' dir='ltr'><strong>deprehendere</strong></span> <span class='ocrx_word' id='word_1_240' title='bbox 457 3961 580 4031; x_wconf 90' lang='lat' dir='ltr'><strong>solent</strong></span> <span class='ocrx_word' id='word_1_241' title='bbox 635 3959 731 4030; x_wconf 88' lang='lat' dir='ltr'><strong>Hine</strong></span> <span class='ocrx_word' id='word_1_242' title='bbox 752 3960 866 4031; x_wconf 83' lang='lat' dir='ltr'><strong>extitit</strong></span> <span class='ocrx_word' id='word_1_243' title='bbox 887 3985 961 4080; x_wconf 73' lang='lat' dir='ltr'><strong>ars,</strong></span> <span class='ocrx_word' id='word_1_244' title='bbox 988 3965 1077 4052; x_wconf 91' lang='lat' dir='ltr'><strong>quae</strong></span> <span class='ocrx_word' id='word_1_245' title='bbox 1130 3962 1202 4044; x_wconf 88' lang='lat' dir='ltr'><strong>via,</strong></span> <span class='ocrx_word' id='word_1_246' title='bbox 1229 3961 1330 4029; x_wconf 91' lang='lat' dir='ltr'><strong>nullo</strong></span> <span class='ocrx_word' id='word_1_247' title='bbox 1345 3960 1450 4028; x_wconf 87' lang='lat' dir='ltr'><strong>modo</strong></span> <span class='ocrx_word' id='word_1_248' title='bbox 1465 3957 1615 4047; x_wconf 72' lang='lat' dir='ltr'><strong>intelligi</strong></span> <span class='ocrx_word' id='word_1_249' title='bbox 1633 3974 1790 4048; x_wconf 88' lang='lat' dir='ltr'><strong>possunt</strong></span> <span class='ocrx_word' id='word_1_250' title='bbox 1842 3960 2070 4050; x_wconf 86' lang='lat' dir='ltr'><strong>Quodcurn</strong></span> <span class='ocrx_word' id='word_1_251' title='bbox 2060 3979 2109 4036; x_wconf 84' lang='lat' dir='ltr'><strong>rte</strong></span> 
     </span>
     <span class='ocr_line' id='line_1_25' title="bbox 52 4054 2108 4153; baseline 0.001 -19"><span class='ocrx_word' id='word_1_252' title='bbox 52 4141 54 4143; x_wconf 47' lang='grc'><strong>,</strong></span> <span class='ocrx_word' id='word_1_253' title='bbox 88 4067 227 4139; x_wconf 86' lang='lat' dir='ltr'><strong>etiarnsi</strong></span> <span class='ocrx_word' id='word_1_254' title='bbox 251 4063 341 4152; x_wconf 80' lang='lat' dir='ltr'><strong>regit</strong></span> <span class='ocrx_word' id='word_1_255' title='bbox 363 4062 545 4132; x_wconf 88' lang='lat' dir='ltr'><strong>artifices</strong></span> <span class='ocrx_word' id='word_1_256' title='bbox 535 4087 575 4130; x_wconf 84' lang='grc' dir='ltr'><strong>ιιι</strong></span> <span class='ocrx_word' id='word_1_257' title='bbox 598 4062 766 4146; x_wconf 92' lang='lat' dir='ltr'><strong>dicendo,</strong></span> <span class='ocrx_word' id='word_1_258' title='bbox 793 4079 910 4134; x_wconf 83' lang='lat' dir='ltr'><strong>tamen</strong></span> <span class='ocrx_word' id='word_1_259' title='bbox 935 4064 973 4132; x_wconf 91' lang='lat' dir='ltr'><strong>in</strong></span> <span class='ocrx_word' id='word_1_260' title='bbox 998 4058 1077 4148; x_wconf 90' lang='lat' dir='ltr'><strong>boc,</strong></span> <span class='ocrx_word' id='word_1_261' title='bbox 1127 4063 1189 4147; x_wconf 89' lang='lat' dir='ltr'><strong>sit,</strong></span> <span class='ocrx_word' id='word_1_262' title='bbox 1215 4063 1479 4153; x_wconf 88' lang='lat' dir='ltr'><strong>satisapparet,</strong></span> <span class='ocrx_word' id='word_1_263' title='bbox 1504 4054 1588 4129; x_wconf 90' lang='lat' dir='ltr'><strong>hacc</strong></span> <span class='ocrx_word' id='word_1_264' title='bbox 1613 4074 1795 4152; x_wconf 88' lang='lat' dir='ltr'><strong>praecepta</strong></span> <span class='ocrx_word' id='word_1_265' title='bbox 1817 4066 2015 4138; x_wconf 87' lang='lat' dir='ltr'><strong>necessaria</strong></span> <span class='ocrx_word' id='word_1_266' title='bbox 2036 4089 2108 4141; x_wconf 79' lang='lat' dir='ltr'><strong>esse</strong></span> 
     </span>
     <span class='ocr_line' id='line_1_26' title="bbox 88 4162 2109 4250; baseline 0.001 -14"><span class='ocrx_word' id='word_1_267' title='bbox 88 4167 198 4236; x_wconf 91' lang='lat' dir='ltr'><strong>inicio</strong></span> <span class='ocrx_word' id='word_1_268' title='bbox 230 4164 402 4248; x_wconf 87' lang='lat' dir='ltr'><strong>traditur,</strong></span> <span class='ocrx_word' id='word_1_269' title='bbox 435 4187 510 4232; x_wconf 90' lang='lat' dir='ltr'><strong>non</strong></span> <span class='ocrx_word' id='word_1_270' title='bbox 534 4177 575 4233; x_wconf 91' lang='lat' dir='ltr'><strong>ut</strong></span> <span class='ocrx_word' id='word_1_271' title='bbox 597 4179 752 4234; x_wconf 87' lang='lat' dir='ltr'><strong>oratores</strong></span> <span class='ocrx_word' id='word_1_272' title='bbox 775 4164 918 4244; x_wconf 87' lang='lat' dir='ltr'><strong>efficiat,</strong></span> <span class='ocrx_word' id='word_1_273' title='bbox 951 4166 1012 4232; x_wconf 92' lang='lat' dir='ltr'><strong>sed</strong></span> <span class='ocrx_word' id='word_1_274' title='bbox 1037 4179 1077 4235; x_wconf 88' lang='lat' dir='ltr'><strong>ut</strong></span> <span class='ocrx_word' id='word_1_275' title='bbox 1126 4166 1302 4233; x_wconf 86' lang='lat' dir='ltr'><strong>omnibus.</strong></span> <span class='ocrx_word' id='word_1_276' title='bbox 1352 4162 1492 4232; x_wconf 75' lang='lat' dir='ltr'><strong>Deinde</strong></span> <span class='ocrx_word' id='word_1_277' title='bbox 1506 4175 1645 4231; x_wconf 87' lang='lat' dir='ltr'><strong>autores</strong></span> <span class='ocrx_word' id='word_1_278' title='bbox 1662 4163 1884 4233; x_wconf 89' lang='lat' dir='ltr'><strong>rntcllectos</strong></span> <span class='ocrx_word' id='word_1_279' title='bbox 1874 4167 2016 4250; x_wconf 86' lang='grc' dir='ltr'><strong>ιιιιιιιιιι</strong></span> <span class='ocrx_word' id='word_1_280' title='bbox 2033 4191 2109 4238; x_wconf 89' lang='lat' dir='ltr'><strong>non</strong></span> 
     </span>
     <span class='ocr_line' id='line_1_27' title="bbox 86 4259 2188 4356; baseline -0.002 -19"><span class='ocrx_word' id='word_1_281' title='bbox 86 4271 235 4337; x_wconf 88' lang='lat' dir='ltr'><strong>adiuvet</strong></span> <span class='ocrx_word' id='word_1_282' title='bbox 258 4261 530 4336; x_wconf 87' lang='lat' dir='ltr'><strong>adolescentes</strong></span> <span class='ocrx_word' id='word_1_283' title='bbox 520 4290 559 4332; x_wconf 90' lang='grc' dir='ltr'><strong>ιιι</strong></span> <span class='ocrx_word' id='word_1_284' title='bbox 583 4264 741 4353; x_wconf 83' lang='lat' dir='ltr'><strong>legendis</strong></span> <span class='ocrx_word' id='word_1_285' title='bbox 763 4265 985 4334; x_wconf 88' lang='lat' dir='ltr'><strong>orationibus</strong></span> <span class='ocrx_word' id='word_1_286' title='bbox 1016 4289 1074 4333; x_wconf 88' lang='lat' dir='ltr'><strong>ex·</strong></span> <span class='ocrx_word' id='word_1_287' title='bbox 1126 4264 1353 4336; x_wconf 86' lang='lat' dir='ltr'><strong>‹lilbcileerit</strong></span> <span class='ocrx_word' id='word_1_288' title='bbox 1370 4259 1445 4347; x_wconf 88' lang='lat' dir='ltr'><strong>his,</strong></span> <span class='ocrx_word' id='word_1_289' title='bbox 1473 4264 1773 4356; x_wconf 84' lang='lat' dir='ltr'><strong>quianaturaud</strong></span> <span class='ocrx_word' id='word_1_290' title='bbox 1794 4265 1988 4337; x_wconf 88' lang='lat' dir='ltr'><strong>dicendum</strong></span> <span class='ocrx_word' id='word_1_291' title='bbox 2005 4269 2108 4342; x_wconf 89' lang='lat' dir='ltr'><strong>adiu.</strong></span> <span class='ocrx_word' id='word_1_292' title='bbox 2185 4309 2188 4318; x_wconf 66' lang='grc'><strong>«</strong></span> 
     </span>
     <span class='ocr_line' id='line_1_28' title="bbox 88 4360 2108 4458; baseline 0.001 -19"><span class='ocrx_word' id='word_1_293' title='bbox 88 4367 296 4440; x_wconf 86' lang='lat' dir='ltr'><strong>cellentiurn</strong></span> <span class='ocrx_word' id='word_1_294' title='bbox 312 4361 529 4450; x_wconf 79' lang='lat' dir='ltr'><strong>Oratorem,</strong></span> <span class='ocrx_word' id='word_1_295' title='bbox 562 4380 595 4435; x_wconf 91' lang='lat' dir='ltr'><strong>et</strong></span> <span class='ocrx_word' id='word_1_296' title='bbox 619 4368 657 4433; x_wconf 91' lang='lat' dir='ltr'><strong>in</strong></span> <span class='ocrx_word' id='word_1_297' title='bbox 689 4367 804 4455; x_wconf 77' lang='lat' dir='ltr'><strong>longis</strong></span> <span class='ocrx_word' id='word_1_298' title='bbox 827 4368 1075 4435; x_wconf 89' lang='lat' dir='ltr'><strong>controversiis</strong></span> <span class='ocrx_word' id='word_1_299' title='bbox 1127 4380 1265 4438; x_wconf 87' lang='lat' dir='ltr'><strong>vantur.</strong></span> <span class='ocrx_word' id='word_1_300' title='bbox 1316 4360 1461 4436; x_wconf 86' lang='lat' dir='ltr'><strong>Etenim</strong></span> <span class='ocrx_word' id='word_1_301' title='bbox 1479 4387 1593 4458; x_wconf 89' lang='lat' dir='ltr'><strong>neque</strong></span> <span class='ocrx_word' id='word_1_302' title='bbox 1610 4365 1686 4434; x_wconf 88' lang='lat' dir='ltr'><strong>sine</strong></span> <span class='ocrx_word' id='word_1_303' title='bbox 1703 4364 1900 4434; x_wconf 87' lang='lat' dir='ltr'><strong>imitatione</strong></span> <span class='ocrx_word' id='word_1_304' title='bbox 1916 4364 2006 4438; x_wconf 87' lang='lat' dir='ltr'><strong>e&#39;llici</strong></span> <span class='ocrx_word' id='word_1_305' title='bbox 2024 4395 2108 4442; x_wconf 88' lang='lat' dir='ltr'><strong>ora·</strong></span> 
     </span>
     <span class='ocr_line' id='line_1_29' title="bbox 86 4465 2105 4563; baseline 0.002 -24"><span class='ocrx_word' id='word_1_306' title='bbox 86 4468 301 4543; x_wconf 85' lang='lat' dir='ltr'><strong>iudicandis.</strong></span> <span class='ocrx_word' id='word_1_307' title='bbox 353 4465 477 4560; x_wconf 89' lang='lat' dir='ltr'><strong>Neque</strong></span> <span class='ocrx_word' id='word_1_308' title='bbox 493 4490 588 4534; x_wconf 80' lang='lat' dir='ltr'><strong>enlm</strong></span> <span class='ocrx_word' id='word_1_309' title='bbox 610 4472 747 4537; x_wconf 87' lang='lat' dir='ltr'><strong>tantum</strong></span> <span class='ocrx_word' id='word_1_310' title='bbox 771 4465 846 4552; x_wconf 83' lang='lat' dir='ltr'><strong>bis,</strong></span> <span class='ocrx_word' id='word_1_311' title='bbox 872 4470 934 4560; x_wconf 92' lang='lat' dir='ltr'><strong>qui</strong></span> <span class='ocrx_word' id='word_1_312' title='bbox 957 4491 1075 4538; x_wconf 82' lang='lat' dir='ltr'><strong>causas</strong></span> <span class='ocrx_word' id='word_1_313' title='bbox 1126 4483 1217 4536; x_wconf 88' lang='lat' dir='ltr'><strong>tores</strong></span> <span class='ocrx_word' id='word_1_314' title='bbox 1234 4480 1402 4557; x_wconf 89' lang='lat' dir='ltr'><strong>possunt</strong></span> <span class='ocrx_word' id='word_1_315' title='bbox 1428 4490 1543 4557; x_wconf 91' lang='lat' dir='ltr'><strong>neque</strong></span> <span class='ocrx_word' id='word_1_316' title='bbox 1560 4467 1710 4541; x_wconf 72' lang='lat' dir='ltr'><strong>imitatio</strong></span> <span class='ocrx_word' id='word_1_317' title='bbox 1738 4467 1814 4535; x_wconf 88' lang='lat' dir='ltr'><strong>sine</strong></span> <span class='ocrx_word' id='word_1_318' title='bbox 1839 4484 2105 4563; x_wconf 82' lang='lat' dir='ltr'><strong>praecepturum</strong></span> 
     </span>
     <span class='ocr_line' id='line_1_30' title="bbox 86 4569 1511 4660; baseline -0.004 -18"><span class='ocrx_word' id='word_1_319' title='bbox 86 4589 199 4643; x_wconf 75' lang='lat' dir='ltr'><strong>acturi</strong></span> <span class='ocrx_word' id='word_1_320' title='bbox 217 4582 312 4653; x_wconf 85' lang='lat' dir='ltr'><strong>sunt</strong></span> <span class='ocrx_word' id='word_1_321' title='bbox 332 4581 515 4659; x_wconf 86' lang='lat' dir='ltr'><strong>praecepta</strong></span> <span class='ocrx_word' id='word_1_322' title='bbox 530 4571 710 4658; x_wconf 74' lang='lat' dir='ltr'><strong>proposita</strong></span> <span class='ocrx_word' id='word_1_323' title='bbox 726 4583 819 4648; x_wconf 85' lang='lat' dir='ltr'><strong>sunt</strong></span> <span class='ocrx_word' id='word_1_324' title='bbox 848 4571 936 4637; x_wconf 87' lang='lat' dir='ltr'><strong>sed</strong></span> <span class='ocrx_word' id='word_1_325' title='bbox 926 4594 964 4636; x_wconf 90' lang='grc' dir='ltr'><strong>ιιι</strong></span> <span class='ocrx_word' id='word_1_326' title='bbox 978 4594 1073 4639; x_wconf 87' lang='grc' dir='ltr'><strong>ιοιιι</strong></span> <span class='ocrx_word' id='word_1_327' title='bbox 1125 4570 1325 4660; x_wconf 72' lang='lat' dir='ltr'><strong>conrnune</strong></span> <span class='ocrx_word' id='word_1_328' title='bbox 1341 4569 1511 4659; x_wconf 83' lang='lat' dir='ltr'><strong>prucecltt</strong></span> 
     </span>
    </p>

    <p class='ocr_par' dir='ltr' id='par_1_8' title="bbox 84 4628 2195 5378">
     <span class='ocr_line' id='line_1_31' title="bbox 86 4628 2103 4767; baseline 0.003 -23"><span class='ocrx_word' id='word_1_329' title='bbox 86 4697 196 4744; x_wconf 88' lang='lat' dir='ltr'><strong>mune</strong></span> <span class='ocrx_word' id='word_1_330' title='bbox 210 4673 403 4740; x_wconf 87' lang='lat' dir='ltr'><strong>voluerunt</strong></span> <span class='ocrx_word' id='word_1_331' title='bbox 418 4683 559 4739; x_wconf 92' lang='lat' dir='ltr'><strong>autores</strong></span> <span class='ocrx_word' id='word_1_332' title='bbox 581 4671 667 4738; x_wconf 78' lang='lat' dir='ltr'><strong>artis</strong></span> <span class='ocrx_word' id='word_1_333' title='bbox 686 4671 869 4740; x_wconf 88' lang='lat' dir='ltr'><strong>consulere</strong></span> <span class='ocrx_word' id='word_1_334' title='bbox 893 4672 1072 4742; x_wconf 88' lang='lat' dir='ltr'><strong>omnibus.</strong></span> <span class='ocrx_word' id='word_1_335' title='bbox 1223 4662 1452 4767; x_wconf 81' lang='lat' dir='ltr'><strong>Eloquentia</strong></span> <span class='ocrx_word' id='word_1_336' title='bbox 1478 4669 1624 4738; x_wconf 87' lang='lat' dir='ltr'><strong>facultas</strong></span> <span class='ocrx_word' id='word_1_337' title='bbox 1650 4682 1701 4738; x_wconf 86' lang='lat' dir='ltr'><strong>est</strong></span> <span class='ocrx_word' id='word_1_338' title='bbox 1727 4670 1902 4761; x_wconf 88' lang='lat' dir='ltr'><strong>sapienter</strong></span> <span class='ocrx_word' id='word_1_339' title='bbox 1928 4689 1962 4745; x_wconf 92' lang='lat' dir='ltr'><strong>et</strong></span> <span class='ocrx_word' id='word_1_340' title='bbox 1978 4628 2103 4752; x_wconf 81' lang='lat' dir='ltr'><strong>ornate</strong></span> 
     </span>
     <span class='ocr_line' id='line_1_32' title="bbox 84 4767 2104 4871; baseline 0.001 -25"><span class='ocrx_word' id='word_1_341' title='bbox 84 4775 301 4877; x_wconf 79' lang='lat' dir='ltr'><strong>Nemetiarp</strong></span> <span class='ocrx_word' id='word_1_342' title='bbox 327 4767 385 4856; x_wconf 91' lang='lat' dir='ltr'><strong>bi,</strong></span> <span class='ocrx_word' id='word_1_343' title='bbox 411 4769 474 4863; x_wconf 93' lang='lat' dir='ltr'><strong>qui</strong></span> <span class='ocrx_word' id='word_1_344' title='bbox 498 4794 571 4838; x_wconf 92' lang='lat' dir='ltr'><strong>non</strong></span> <span class='ocrx_word' id='word_1_345' title='bbox 593 4785 701 4859; x_wconf 81' lang='lat' dir='ltr'><strong>agunt</strong></span> <span class='ocrx_word' id='word_1_346' title='bbox 730 4795 870 4854; x_wconf 89' lang='lat' dir='ltr'><strong>causas,</strong></span> <span class='ocrx_word' id='word_1_347' title='bbox 896 4772 958 4864; x_wconf 90' lang='lat' dir='ltr'><strong>qui</strong></span> <span class='ocrx_word' id='word_1_348' title='bbox 981 4771 1073 4841; x_wconf 91' lang='lat' dir='ltr'><strong>nihil</strong></span> <span class='ocrx_word' id='word_1_349' title='bbox 1123 4773 1277 4845; x_wconf 90' lang='lat' dir='ltr'><strong>dicendi.</strong></span> <span class='ocrx_word' id='word_1_350' title='bbox 1303 4772 1393 4842; x_wconf 87' lang='lat' dir='ltr'><strong>Nam</strong></span> <span class='ocrx_word' id='word_1_351' title='bbox 1412 4773 1455 4840; x_wconf 85' lang='lat' dir='ltr'><strong>acl</strong></span> <span class='ocrx_word' id='word_1_352' title='bbox 1474 4773 1563 4839; x_wconf 91' lang='lat' dir='ltr'><strong>bene</strong></span> <span class='ocrx_word' id='word_1_353' title='bbox 1580 4770 1798 4841; x_wconf 74' lang='lat' dir='ltr'><strong>dicendum</strong></span> <span class='ocrx_word' id='word_1_354' title='bbox 1787 4798 1825 4842; x_wconf 88' lang='grc' dir='ltr'><strong>ιιι</strong></span> <span class='ocrx_word' id='word_1_355' title='bbox 1842 4799 1967 4866; x_wconf 76' lang='lat' dir='ltr'><strong>prinus</strong></span> <span class='ocrx_word' id='word_1_356' title='bbox 1983 4802 2104 4871; x_wconf 82' lang='lat' dir='ltr'><strong>reque</strong></span> 
     </span>
     <span class='ocr_line' id='line_1_33' title="bbox 85 4873 2195 4974; baseline 0.003 -30"><span class='ocrx_word' id='word_1_357' title='bbox 85 4879 268 4953; x_wconf 89' lang='lat' dir='ltr'><strong>scribunt,</strong></span> <span class='ocrx_word' id='word_1_358' title='bbox 284 4862 453 4943; x_wconf 83' lang='lat' dir='ltr'><strong>sitaruen</strong></span> <span class='ocrx_word' id='word_1_359' title='bbox 478 4873 589 4941; x_wconf 88' lang='lat' dir='ltr'><strong>velint</strong></span> <span class='ocrx_word' id='word_1_360' title='bbox 613 4873 730 4961; x_wconf 84' lang='lat' dir='ltr'><strong>legere</strong></span> <span class='ocrx_word' id='word_1_361' title='bbox 751 4889 812 4944; x_wconf 90' lang='lat' dir='ltr'><strong>aut</strong></span> <span class='ocrx_word' id='word_1_362' title='bbox 837 4873 994 4942; x_wconf 89' lang='lat' dir='ltr'><strong>iudicare</strong></span> <span class='ocrx_word' id='word_1_363' title='bbox 1018 4897 1072 4943; x_wconf 91' lang='lat' dir='ltr'><strong>rcs</strong></span> <span class='ocrx_word' id='word_1_364' title='bbox 1122 4875 1384 4966; x_wconf 85' lang='lat' dir='ltr'><strong>riturperlecta</strong></span> <span class='ocrx_word' id='word_1_365' title='bbox 1408 4895 1669 4941; x_wconf 86' lang='lat' dir='ltr'><strong>earururerum</strong></span> <span class='ocrx_word' id='word_1_366' title='bbox 1699 4876 1874 4974; x_wconf 77' lang='lat' dir='ltr'><strong>cognitio,</strong></span> <span class='ocrx_word' id='word_1_367' title='bbox 1907 4881 2103 4971; x_wconf 84' lang='lat' dir='ltr'><strong>dequibus</strong></span> <span class='ocrx_word' id='word_1_368' title='bbox 2192 4946 2195 4951; x_wconf 85' lang='lat'><strong>.</strong></span> 
     </span>
     <span class='ocr_line' id='line_1_34' title="bbox 84 4971 2103 5067; baseline 0.004 -22"><span class='ocrx_word' id='word_1_369' title='bbox 84 5001 253 5067; x_wconf 81' lang='lat' dir='ltr'><strong>magnas,</strong></span> <span class='ocrx_word' id='word_1_370' title='bbox 276 4991 318 5046; x_wconf 87' lang='lat' dir='ltr'><strong>ut</strong></span> <span class='ocrx_word' id='word_1_371' title='bbox 331 4974 545 5063; x_wconf 71' lang='lat' dir='ltr'><strong>religionum</strong></span> <span class='ocrx_word' id='word_1_372' title='bbox 570 4976 845 5056; x_wconf 86' lang='lat' dir='ltr'><strong>controversias,</strong></span> <span class='ocrx_word' id='word_1_373' title='bbox 869 4987 930 5042; x_wconf 84' lang='lat' dir='ltr'><strong>aut</strong></span> <span class='ocrx_word' id='word_1_374' title='bbox 951 4976 1070 5045; x_wconf 84' lang='lat' dir='ltr'><strong>lurcn.</strong></span> <span class='ocrx_word' id='word_1_375' title='bbox 1122 4978 1234 5045; x_wconf 87' lang='lat' dir='ltr'><strong>oratio</strong></span> <span class='ocrx_word' id='word_1_376' title='bbox 1266 4974 1474 5047; x_wconf 81' lang='lat' dir='ltr'><strong>instituitur.</strong></span> <span class='ocrx_word' id='word_1_377' title='bbox 1536 4971 1677 5041; x_wconf 83' lang='lat' dir='ltr'><strong>Insania</strong></span> <span class='ocrx_word' id='word_1_378' title='bbox 1708 4989 1760 5045; x_wconf 91' lang='lat' dir='ltr'><strong>est</strong></span> <span class='ocrx_word' id='word_1_379' title='bbox 1781 4977 1898 5062; x_wconf 88' lang='lat' dir='ltr'><strong>eninr,</strong></span> <span class='ocrx_word' id='word_1_380' title='bbox 1932 5003 2005 5048; x_wconf 92' lang='lat' dir='ltr'><strong>nun</strong></span> <span class='ocrx_word' id='word_1_381' title='bbox 2027 4981 2103 5054; x_wconf 87' lang='lat' dir='ltr'><strong>elo·</strong></span> 
     </span>
     <span class='ocr_line' id='line_1_35' title="bbox 85 5058 2102 5175; baseline 0.003 -28"><span class='ocrx_word' id='word_1_382' title='bbox 85 5081 135 5148; x_wconf 87' lang='lat' dir='ltr'><strong>sia</strong></span> <span class='ocrx_word' id='word_1_383' title='bbox 161 5079 320 5165; x_wconf 83' lang='lat' dir='ltr'><strong>negotia,</strong></span> <span class='ocrx_word' id='word_1_384' title='bbox 355 5075 412 5144; x_wconf 86' lang='lat' dir='ltr'><strong>via</strong></span> <span class='ocrx_word' id='word_1_385' title='bbox 436 5077 588 5175; x_wconf 82' lang='lat' dir='ltr'><strong>quadam</strong></span> <span class='ocrx_word' id='word_1_386' title='bbox 609 5088 713 5168; x_wconf 90' lang='lat' dir='ltr'><strong>atque</strong></span> <span class='ocrx_word' id='word_1_387' title='bbox 735 5076 873 5145; x_wconf 89' lang='lat' dir='ltr'><strong>ratione</strong></span> <span class='ocrx_word' id='word_1_388' title='bbox 894 5100 983 5166; x_wconf 89' lang='lat' dir='ltr'><strong>opus</strong></span> <span class='ocrx_word' id='word_1_389' title='bbox 1006 5070 1069 5145; x_wconf 89' lang='lat' dir='ltr'><strong>ha·</strong></span> <span class='ocrx_word' id='word_1_390' title='bbox 1120 5078 1282 5171; x_wconf 88' lang='lat' dir='ltr'><strong>quentia,</strong></span> <span class='ocrx_word' id='word_1_391' title='bbox 1319 5080 1364 5144; x_wconf 89' lang='lat' dir='ltr'><strong>do</strong></span> <span class='ocrx_word' id='word_1_392' title='bbox 1385 5077 1489 5151; x_wconf 90' lang='lat' dir='ltr'><strong>rebus</strong></span> <span class='ocrx_word' id='word_1_393' title='bbox 1511 5058 1643 5163; x_wconf 79' lang='lat' dir='ltr'><strong>ignotis</strong></span> <span class='ocrx_word' id='word_1_394' title='bbox 1669 5089 1703 5145; x_wconf 90' lang='lat' dir='ltr'><strong>et</strong></span> <span class='ocrx_word' id='word_1_395' title='bbox 1724 5067 1952 5170; x_wconf 85' lang='lat' dir='ltr'><strong>incorbpertis</strong></span> <span class='ocrx_word' id='word_1_396' title='bbox 1975 5082 2102 5155; x_wconf 88' lang='lat' dir='ltr'><strong>dicere.</strong></span> 
     </span>
     <span class='ocr_line' id='line_1_36' title="bbox 84 5175 2102 5266; baseline 0.003 -17"><span class='ocrx_word' id='word_1_397' title='bbox 84 5182 186 5263; x_wconf 87' lang='lat' dir='ltr'><strong>beut,</strong></span> <span class='ocrx_word' id='word_1_398' title='bbox 203 5180 247 5247; x_wconf 90' lang='lat' dir='ltr'><strong>ad</strong></span> <span class='ocrx_word' id='word_1_399' title='bbox 261 5177 513 5266; x_wconf 72' lang='lat' dir='ltr'><strong>rnre111,endas</strong></span> <span class='ocrx_word' id='word_1_400' title='bbox 527 5175 649 5263; x_wconf 80' lang='lat' dir='ltr'><strong>longas</strong></span> <span class='ocrx_word' id='word_1_401' title='bbox 667 5176 930 5248; x_wconf 75' lang='lat' dir='ltr'><strong>controversias</strong></span> <span class='ocrx_word' id='word_1_402' title='bbox 957 5176 1069 5247; x_wconf 86' lang='lat' dir='ltr'><strong>Nemo</strong></span> <span class='ocrx_word' id='word_1_403' title='bbox 1120 5178 1208 5249; x_wconf 71' lang='lat' dir='ltr'><strong>bum</strong></span> <span class='ocrx_word' id='word_1_404' title='bbox 1225 5191 1342 5248; x_wconf 83' lang='lat' dir='ltr'><strong>autern</strong></span> <span class='ocrx_word' id='word_1_405' title='bbox 1357 5201 1475 5246; x_wconf 74' lang='lat' dir='ltr'><strong>rerunt</strong></span> <span class='ocrx_word' id='word_1_406' title='bbox 1492 5175 1645 5264; x_wconf 86' lang='lat' dir='ltr'><strong>cognrtro</strong></span> <span class='ocrx_word' id='word_1_407' title='bbox 1661 5180 1704 5245; x_wconf 94' lang='lat' dir='ltr'><strong>ad</strong></span> <span class='ocrx_word' id='word_1_408' title='bbox 1730 5180 1920 5250; x_wconf 88' lang='lat' dir='ltr'><strong>dicendum</strong></span> <span class='ocrx_word' id='word_1_409' title='bbox 1944 5207 2102 5255; x_wconf 87' lang='lat' dir='ltr'><strong>necessa-</strong></span> 
     </span>
     <span class='ocr_line' id='line_1_37' title="bbox 84 5274 2100 5398; baseline 0.002 -48"><span class='ocrx_word' id='word_1_410' title='bbox 84 5282 183 5350; x_wconf 82' lang='lat' dir='ltr'><strong>enim&#39;</strong></span> <span class='ocrx_word' id='word_1_411' title='bbox 204 5290 318 5370; x_wconf 87' lang='lat' dir='ltr'><strong>potest</strong></span> <span class='ocrx_word' id='word_1_412' title='bbox 346 5278 467 5366; x_wconf 80' lang='lat' dir='ltr'><strong>longas</strong></span> <span class='ocrx_word' id='word_1_413' title='bbox 488 5278 732 5346; x_wconf 87' lang='lat' dir='ltr'><strong>contentiones</strong></span> <span class='ocrx_word' id='word_1_414' title='bbox 753 5292 786 5348; x_wconf 88' lang='lat' dir='ltr'><strong>et</strong></span> <span class='ocrx_word' id='word_1_415' title='bbox 802 5280 982 5369; x_wconf 84' lang='lat' dir='ltr'><strong>perplexas</strong></span> <span class='ocrx_word' id='word_1_416' title='bbox 997 5281 1069 5348; x_wconf 80' lang='lat' dir='ltr'><strong>dre-</strong></span> <span class='ocrx_word' id='word_1_417' title='bbox 1119 5280 1170 5350; x_wconf 89' lang='lat' dir='ltr'><strong>ria</strong></span> <span class='ocrx_word' id='word_1_418' title='bbox 1193 5281 1255 5364; x_wconf 86' lang='lat' dir='ltr'><strong>sit,</strong></span> <span class='ocrx_word' id='word_1_419' title='bbox 1279 5279 1457 5398; x_wconf 78' lang='lat' dir='ltr'><strong>qportebit</strong></span> <span class='ocrx_word' id='word_1_420' title='bbox 1479 5291 1654 5348; x_wconf 86' lang='lat' dir='ltr'><strong>oratorem</strong></span> <span class='ocrx_word' id='word_1_421' title='bbox 1677 5274 1802 5348; x_wconf 74' lang='lat' dir='ltr'><strong>haruin</strong></span> <span class='ocrx_word' id='word_1_422' title='bbox 1826 5283 1976 5362; x_wconf 85' lang='lat' dir='ltr'><strong>artium,</strong></span> <span class='ocrx_word' id='word_1_423' title='bbox 2010 5309 2100 5378; x_wconf 89' lang='lat' dir='ltr'><strong>qnae</strong></span> 
     </span>
    </p>
   </div>
   <div class='ocr_carea' id='block_1_8' title="bbox 82 5378 2127 5560">
    <p class='ocr_par' dir='ltr' id='par_1_9' title="bbox 82 5378 2127 5560">
     <span class='ocr_line' id='line_1_38' title="bbox 82 5378 2127 5481; baseline -0.002 -29"><span class='ocrx_word' id='word_1_424' title='bbox 82 5381 284 5475; x_wconf 86' lang='lat' dir='ltr'><strong>putationes</strong></span> <span class='ocrx_word' id='word_1_425' title='bbox 304 5379 424 5448; x_wconf 79' lang='lat' dir='ltr'><strong>animo</strong></span> <span class='ocrx_word' id='word_1_426' title='bbox 447 5378 651 5471; x_wconf 85' lang='lat' dir='ltr'><strong>complecti,</strong></span> <span class='ocrx_word' id='word_1_427' title='bbox 676 5379 745 5448; x_wconf 83' lang='lat' dir='ltr'><strong>nisi</strong></span> <span class='ocrx_word' id='word_1_428' title='bbox 766 5393 841 5451; x_wconf 88' lang='lat' dir='ltr'><strong>arte</strong></span> <span class='ocrx_word' id='word_1_429' title='bbox 865 5379 989 5481; x_wconf 90' lang='lat' dir='ltr'><strong>aliqua</strong></span> <span class='ocrx_word' id='word_1_430' title='bbox 1006 5384 1067 5452; x_wconf 90' lang='lat' dir='ltr'><strong>ad·</strong></span> <span class='ocrx_word' id='word_1_431' title='bbox 1117 5405 1235 5453; x_wconf 87' lang='lat' dir='ltr'><strong>rerum</strong></span> <span class='ocrx_word' id='word_1_432' title='bbox 1249 5381 1431 5452; x_wconf 82' lang='lat' dir='ltr'><strong>screuttaru</strong></span> <span class='ocrx_word' id='word_1_433' title='bbox 1446 5379 1644 5466; x_wconf 76' lang='lat' dir='ltr'><strong>continent</strong></span> <span class='ocrx_word' id='word_1_434' title='bbox 1664 5403 1741 5454; x_wconf 85' lang='lat' dir='ltr'><strong>non</strong></span> <span class='ocrx_word' id='word_1_435' title='bbox 1753 5405 1832 5452; x_wconf 81' lang='lat' dir='ltr'><strong>esse</strong></span> <span class='ocrx_word' id='word_1_436' title='bbox 1842 5388 1995 5454; x_wconf 73' lang='lat' dir='ltr'><strong>rudem</strong></span> <span class='ocrx_word' id='word_1_437' title='bbox 2010 5386 2127 5466; x_wconf 59' lang='lat' dir='ltr'><strong>Qxixd</strong></span> 
     </span>
     <span class='ocr_line' id='line_1_39' title="bbox 129 5480 1595 5560; baseline 0 -8"><span class='ocrx_word' id='word_1_438' title='bbox 129 5487 309 5552; x_wconf 80' lang='grc' dir='ltr'><strong>Μιιιιιτιι.</strong></span> <span class='ocrx_word' id='word_1_439' title='bbox 338 5482 442 5551; x_wconf 82' lang='lat' dir='ltr'><strong>Orrr.</strong></span> <span class='ocrx_word' id='word_1_440' title='bbox 469 5483 553 5548; x_wconf 72' lang='lat' dir='ltr'><strong>loe</strong></span> <span class='ocrx_word' id='word_1_441' title='bbox 572 5483 668 5553; x_wconf 84' lang='lat' dir='ltr'><strong>XIII.</strong></span> <span class='ocrx_word' id='word_1_442' title='bbox 1547 5480 1595 5560; x_wconf 64' lang='lat' dir='ltr'><strong>Yl</strong></span> 
     </span>
    </p>
   </div>
   <div class='ocr_carea' id='block_1_9' title="bbox 0 0 2274 5754">
    <p class='ocr_par' dir='ltr' id='par_1_10' title="bbox 0 0 2274 5754">
     <span class='ocr_line' id='line_1_40' title="bbox 0 0 2274 5754; baseline 0 3"><span class='ocrx_word' id='word_1_443' title='bbox 0 0 2274 5754; x_wconf 95' lang='lat' dir='ltr'><strong> </strong></span> 
     </span>
    </p>
   </div>
  </div>
 </body>
</html>
