4538 5754
118 245 195 325 627

121 414 203 492 Etsi
219 416 328 509 igitur
348 440 487 513 sparsae
509 432 593 490 sunt
611 419 751 509 regulae
772 418 812 488 iu
834 419 964 491 multas
986 416 1107 491 Diale-

126 522 234 593 ctleae
255 533 392 614 partes,
429 534 548 592 tameo
574 514 634 590 bic
657 543 881 592 communem
906 521 957 592 eis
979 521 1105 593 nidum

127 622 398 709 constituemus,
422 623 486 694 ubi
508 636 542 693 et
565 620 634 714 ipsi
653 622 791 715 aliquas
806 622 1051 710 recitabimus,
1072 635 1107 693 et

128 723 279 797 studiosi
293 723 381 795 alias
395 724 622 795 asscribenta
639 724 744 794 nobis
766 724 932 812 omissas,
963 750 1053 820 quae
1069 747 1107 795 se

130 827 169 895 in
193 824 494 918 disputationibus
518 825 739 898 eruditorum
758 827 919 898 offerent.
980 826 1106 917 Quan-

129 950 236 1022 quam
249 941 365 998 autem
381 924 666 1018 multae‘regulae
681 951 825 1021 prorsus
840 928 993 1022 pueriles
1013 944 1106 1014 sunt,

128 1042 213 1100 sunt
229 1029 323 1099 enim
339 1029 471 1098 similes
485 1029 781 1121 communissimis
795 1032 996 1116 sententiis,
1019 1053 1106 1125 quas

130 1127 342 1202 Geometras
358 1143 485 1201 vocant
497 1125 624 1211 κοινὰς
638 1126 796 1221 ἐννοίας,
817 1146 935 1204 tamen
948 1157 1106 1203 commo-

128 1232 337 1302 nefacienda
357 1246 409 1303 est
431 1233 545 1326 prima
567 1246 677 1320 aetas,
701 1248 798 1306 utet
819 1232 1030 1306 Geometrae
1050 1236 1105 1312 la,-

129 1333 250 1416 ciunt,
282 1334 345 1427 qui
373 1336 470 1405 bono
493 1335 642 1406 consilio
670 1359 873 1408 communes
904 1337 1105 1421 sententias,

23 1509 27 1514 ,
129 1457 220 1528 quae
231 1435 386 1506 naturali
406 1437 485 1506 lnce
507 1437 583 1507 sine
606 1439 750 1509 doctore
772 1438 925 1535 intelligi
947 1451 1106 1531 possunt,

128 1551 248 1607 tamen
270 1549 304 1608 et
322 1551 529 1630 proponunt
546 1551 580 1610 et
602 1540 800 1625 declarant,
825 1563 899 1610 uon
926 1542 1042 1611 solum
1066 1551 1106 1610 ut

128 1639 247 1710 aditus
260 1639 305 1709 ad
321 1653 431 1710 artem
450 1638 589 1711 facilior
604 1641 668 1722 sit,
694 1644 754 1712 sed
776 1640 881 1712 etiam
896 1636 1006 1713 uthis
1021 1643 1106 1712 fun-

128 1739 304 1812 damentis
318 1763 380 1812 seu
394 1740 548 1811 exordiis
564 1743 806 1832 consideratis,
832 1744 1005 1815 certitudo
1019 1743 1105 1813 artis

71 1896 73 1915 2
128 1843 377 1932 conspiciatur,
396 1867 487 1937 quae
500 1843 585 1914 inde
600 1844 786 1917 eximitur.
819 1843 962 1916 Dictum
977 1857 1027 1916 est
1041 1869 1106 1914 au-

127 1957 197 2014 tem
214 1965 340 2035 supra,
363 1945 450 2044 quid
466 1945 512 2015 sit
531 1947 624 2016 bona
647 1948 918 2040 consequentia,
942 1946 1106 2017 videlieet

126 2044 208 2130 talis
225 2045 399 2116 connexio
413 2047 709 2138 propositionum,
732 2072 823 2142 qnae
839 2072 913 2119 nou
931 2049 1106 2140 discrepat

27 2157 28 2160 ’
127 2146 174 2215 ab
201 2147 322 2240 aliqua
350 2148 470 2237 regula
491 2149 714 2224 Dialectices.
764 2145 842 2219 Hac
869 2150 1105 2242 descriptione

127 2249 284 2319 contenti
306 2248 434 2335 simus,
458 2250 542 2342 quia
565 2275 688 2321 verum
711 2265 782 2337 est,
807 2250 846 2320 in
869 2265 968 2332 tanta
990 2251 1105 2321 varie·

54 2430 61 2443 ,
125 2362 196 2420 tate
212 2349 565 2444 consequentiarum,
589 2365 700 2423 totam
716 2349 933 2424 Dialecticen
949 2353 989 2421 in
1010 2345 1122 2423 iudt-'

125 2453 259 2532 cando,
302 2453 342 2519 in
375 2466 564 2543 conspectu
599 2476 673 2524 esse
707 2467 880 2545 oportere.
938 2451 1126 2539 Econtra,·

125 2553 219 2622 mala
235 2555 485 2646 consequentia
501 2568 564 2642 est,
584 2578 675 2650 quae
690 2556 736 2627 ab
750 2556 869 2652 aliqua
883 2556 1002 2647 regula
1018 2553 1105 2627 Dia-

125 2654 263 2726 lectites
279 2657 462 2747 discrepat,

486 2867 603 2939 Poma
621 2870 744 2959 regulo.
835 2816 840 2822 -

226 3022 281 3098 Er
295 3025 489 3098 universali
509 3040 603 3099 recte
625 3026 823 3122 sequuntur
844 3047 928 3097 suae
949 3029 1107 3120 particu-

125 3129 216 3200 lares
237 3142 273 3201 et
295 3152 377 3201 suae
400 3128 612 3220 singulares,
645 3129 705 3198 sed
727 3150 802 3197 non
818 3142 974 3202 econtra.
1023 3127 1106 3201 Non

125 3232 221 3300 enim
245 3232 406 3324 sequitur
425 3230 638 3300 universalis
660 3229 876 3321 propositio,
910 3255 951 3299 ex
971 3229 1107 3324 aliquot

124 3332 417 3422 particularibus,
442 3344 504 3401 aut
523 3331 660 3423 aliquot
680 3330 939 3419 singularibus,
970 3344 1011 3403 ut
1031 3357 1106 3404 non

123 3432 498 3526 valetconsequentia:
998 3501 1001 3508 ,

274 3548 468 3644 Dionysius
492 3545 671 3640 superior,
702 3559 737 3617 et
760 3544 948 3638 Tiberius,
970 3545 1106 3643 habue-

328 3662 413 3722 runt
428 3650 587 3744 placidos
601 3648 732 3735 exitus,
790 3684 793 3688 ·

277 3749 373 3844 Ergo
391 3776 513 3821 omues
520 3750 665 3846 tyranni
672 3744 804 3825 babent
814 3753 971 3848 placidos
980 3756 1104 3830 exitus.

224 3870 301 3944 lmo
316 3870 478 3961 regulare
492 3883 564 3956 est,
589 3885 822 3966 tyrannorum
835 3875 952 3945 tristes
976 3889 1011 3946 et
1031 3889 1105 3947 tra-

125 3976 221 4067 gicos
244 3996 318 4045 esse
339 3973 472 4052 exitus,
498 3972 636 4042 etiamsi
656 3997 765 4063 pauca
785 3977 942 4068 exempla
966 3992 1105 4069 praeter

125 4077 281 4169 regulam
299 4075 545 4167 reperiuntur,
568 4086 610 4145 ut
623 4073 803 4146 interdum
825 4077 927 4169 pauci
950 4073 1105 4174 hyberni

126 4181 202 4251 dies
224 4178 410 4252 calidiores
433 4188 516 4246 sunt
538 4174 718 4269 aliquibus
738 4178 892 4251 aestivis.
942 4178 1013 4252 Sed
1030 4182 1105 4252 eol-

17 4347 21 4356 .
125 4282 224 4355 lectis
253 4280 422 4353 omnibus
447 4277 688 4368 singularibus
716 4291 808 4350 recte
840 4281 1001 4377 sequitur
1021 4283 1103 4355 uni-

126 4384 287 4471 versalis,
309 4397 350 4456 ιιι
365 4386 409 4453 de
423 4378 634 4453 Inductione
653 4378 787 4451 dictum
803 4395 867 4459 est.

536 4575 694 4661 sama.

221 4750 410 4848 xQuicquid
424 4753 584 4846 sequitur
597 4753 643 4822 ad
657 4772 878 4844 consequens
892 4752 1006 4825 bonae
1018 4781 1105 4827 con·

124 4856 348 4954 sequentiae,
372 4853 582 4945 sequitur'et
600 4854 826 4939 antecedens,
851 4865 907 4924 ut:

277 4970 412 5043 Omnia
427 4970 542 5040 officia
558 4970 701 5062 politica
718 4984 802 5042 sunt
822 4995 983 5044 concessa
998 4967 1105 5046 Chri-

329 5072 470 5155 stiaois‚

274 5171 372 5265 Ergo
386 5171 516 5244 iudicia
533 5182 617 5240 sunt
633 5194 806 5245 concessa.

221 5288 269 5366 Et
284 5313 348 5385 per
361 5310 593 5382 consequens:
828 5372 838 5383 ·

271 5392 428 5483 Litigare
443 5390 483 5462 in
499 5392 577 5461 loro
591 5413 795 5468 concessum
809 5409 871 5468 est.

360 239 572 322 SCRIPTA
596 242 674 319 PH.
700 237 819 323 Mun
842 239 914 320 AD
938 243 1068 328 HlST.
1092 243 1239 328 PROF.
1263 242 1332 323 ΕΤ
1357 247 1549 330 PHlLOS.
1575 253 1905 344 SPECTANTIA.

2069 276 2146 354 ΜΘ

1591 421 1716 494 Tertia.

1259 550 1319 625 Ab
1335 578 1377 627 eo
1395 559 1491 652 quod
1507 558 1602 635 inest
1615 588 1679 658 per
1692 589 1747 654 se,
1773 572 1935 648 adalind
1956 581 2055 672 quod
2078 604 2140 675 per

1158 653 1319 832 accidens
1333 659 1488 748 aceedit,
1516 687 1590 734 non
1607 680 1658 739 est
1670 669 1767 743 bona
1780 681 2050 774 consequentia,
2074 707 2137 756 nee

1157 778 1243 826 econ
1261 782 1317 845 ra,
1342 772 1399 831 ut:

1310 875 1564 973 Temperantia
1578 899 1630 957 est
1649 891 1766 981 bona,

1308 975 1435 1053 Febris
1448 984 1552 1058 affert
1568 996 1854 1085 temperantiam,

1309 1075 1404 1173 Ergo
1419 1086 1527 1159 febris
1540 1102 1593 1162 est
1607 1092 1712 1172 bona.

1590 1270 1700 1341 Aliud.

1308 1381 1438 1458 Odisse
1455 1389 1568 1461 civem
1584 1409 1636 1467 est
1651 1413 1852 1488 peccatum,

1309 1485 1471 1580 Litigans
1486 1492 1525 1561 in
1542 1495 1619 1566 loro
1633 1500 1712 1573 odit
1723 1504 1983 1601 adversarium,

1309 1584 1404 1680 Ergo
1421 1591 1561 1684 litigare
1573 1611 1626 1670 est
1643 1617 1837 1693 peecatum.

1257 1717 1354 1792 Haec
1370 1748 1453 1795 vere
1465 1738 1501 1798 et
1513 1727 1634 1802 dextre
1647 1735 1850 1812 refutantur
1868 1736 1935 1813 bae
1958 1745 2060 1816 brevi
2078 1771 2132 1818 re-

1155 1822 1363 1916 sponsione:
1387 1824 1486 1918 Ncgo
1503 1837 1808 1928 consequentiam,
1833 1843 1917 1936 quia
1932 1859 1983 1917 est
1996 1848 2132 1920 fallacis

1154 1923 1364 2013 accidentis,
1388 1929 1453 1999 ubi
1469 1923 1555 2003 baec
1568 1936 1688 2025 regula
1702 1941 1867 2030 traditur,
1892 1969 1999 2039 quam
2013 1973 2132 2021 recen-

1155 2024 1229 2096 sui:
1260 2022 1381 2098 Abeo
1404 2032 1501 2125 quod
1520 2055 1586 2124 per
1604 2038 1766 2111 occidens
1788 2043 1913 2127 irruit,
1945 2073 2019 2120 non
2043 2052 2133 2123 valet

1154 2130 1405 2224 consequentia
1423 2134 1469 2203 ad
1487 2157 1561 2204 rem
1578 2160 1642 2229 per
1657 2161 1732 2212 sese
1747 2146 2016 2222 consideratam.
2066 2148 2134 2225 Ao-

1155 2228 1244 2300 cidit
1256 2230 1410 2321 litiganti
1422 2234 1539 2306 odisse
1554 2239 1805 2319 adversarium.
1839 2244 1888 2320 Ει
1907 2266 2019 2340 potest
2035 2277 2133 2327 meus

1155 2331 1251 2402 bona
1267 2332 1405 2424 litigare
1423 2335 1500 2406 sine
1514 2339 1611 2414 odio.
1662 2339 1730 2418 Est
1744 2350 1839 2418 enim
1859 2351 1999 2439 litigare
2021 2349 2133 2428 hons-

1155 2446 1208 2503 sta
1225 2435 1418 2526 disputatio
1434 2451 1469 2509 et
1484 2436 1669 2534 inquisitio
1682 2447 1840 2520 veritatis
1853 2451 1892 2521 in
1913 2455 2058 2529 iudiciis
2078 2458 2134 2530 di-

1156 2533 1290 2607 vinitus
1306 2537 1488 2625 instituta,
1512 2562 1587 2612 non
1611 2545 1726 2616 solum
1746 2552 1792 2618 ad
1816 2576 1936 2642 pacem
1957 2560 2134 2649 tuendam,

1156 2636 1338 2707 sedetiam
1353 2652 1498 2730 propter
1511 2643 1756 2736 disciplinam,
1781 2664 1814 2720 et
1828 2653 1866 2722 in
1881 2659 1970 2726 bene
1990 2664 2135 2734 moratis

1156 2738 1287 2810 multas
1299 2738 1446 2812 virtutes
1463 2744 1719 2835 complectitur.
1750 2748 1851 2823 Bona
1868 2780 1968 2828 meus
1982 2760 2135 2853 litigans,

1030 2905 1032 2909 ,
1157 2839 1299 2912 subiicit
1314 2862 1351 2911 se
1367 2842 1520 2932 legibus,
1546 2846 1707 2931 iudiciis,
1731 2855 1964 2944 magistratib·
1996 2859 2136 2937 Horum

1157 2965 1279 3013 vocem
1295 2943 1445 3014 antefert
1460 2967 1543 3017 suae
1563 2950 1768 3042 cupiditati,
1792 2962 1950 3045 agnoscit
1969 2965 2135 3039 ordinem

1156 3043 1341 3136 politicum
1360 3067 1433 3116 esse
1451 3047 1524 3117 Dei
1545 3071 1652 3140 opus:
1679 3075 1744 3125 nec
1765 3059 1843 3128 vult
1864 3065 2136 3140 conturbatione

1156 3144 1294 3217 ordinis
1316 3145 1452 3240 politici
1465 3147 1582 3221 Deum
1602 3153 1793 3228 offendere.
1843 3157 1940 3232 llaec
1963 3167 2134 3240 obedien-

1156 3246 1205 3317 tia
1229 3248 1342 3318 virtus
1363 3262 1414 3318 est
1433 3251 1580 3341 egregia.
1629 3251 1777 3329 Accedit
1797 3259 1836 3328 in
1857 3263 1963 3335 bonis
1983 3267 2137 3361 ingeniis

1157 3363 1192 3421 ct
1206 3373 1307 3420 amor
1320 3350 1487 3423 veritatis.
1537 3351 1608 3424 Sed
1624 3355 1662 3424 in
1677 3360 1769 3431 male
1791 3365 1936 3434 moratis
1958 3392 2022 3458 per
2044 3376 2136 3444 acei-

1156 3453 1246 3521 dens
1274 3466 1491 3524 concurrunt
1523 3453 1634 3527 multa
1662 3459 1767 3548 vitia,
1804 3466 1974 3553 avaricia,
2012 3475 2134 3546 odium

1155 3553 1361 3636 adversarii,
1376 3555 1532 3625 studium
1547 3558 1816 3649 calumniarum,
1835 3570 2013 3658 superbia,
2038 3577 2135 3648 nolle

1156 3654 1298 3727 veritati
1317 3656 1457 3738 cedere,
1481 3668 1545 3733 etc.

1485 3836 1488 3851 ’
1589 3838 1700 3908 Aliud.

1307 3956 1492 4033 Peccatum
1512 3984 1584 4052 non
1600 3965 1711 4055 gignit
1732 3961 1932 4059 hominem,

1310 4055 1415 4152 Opus
1429 4065 1732 4157 concupiscentiae
1747 4071 1859 4161 gignit
1877 4070 2072 4168 bominem,

1307 4156 1404 4253 Ergo
1420 4167 1703 4258 concupiscentia
1719 4188 1861 4246 nonest
1876 4193 2069 4267 peccatum.

1258 4274 1480 4369 Augustinus
1510 4295 1633 4354 contra
1662 4282 1840 4358 lulianum
1875 4302 2135 4386 propemodum

1154 4393 1197 4453 nt
1216 4402 1296 4451 mus
1317 4381 1356 4450 in
1375 4381 1453 4472 pice
1468 4377 1590 4456 haeret
1607 4385 1645 4454 in
1663 4381 1770 4459 buius
1783 4397 1982 4482 argumenti
2002 4402 2136 4475 resum-

1155 4481 1270 4568 tione,
1295 4506 1375 4553 cum
1389 4481 1581 4557 Dialectico
1596 4486 1765 4559 facillima
1781 4493 1826 4564 sit
1839 4495 2042 4586 explicatio:
2064 4502 2136 4575 Ne·

1154 4585 1270 4675 ganda
1304 4597 1356 4655 est
1387 4584 1524 4673 minor,
1564 4588 1648 4682 quia
1681 4595 1964 4684 eoncupiscentia
1996 4601 2137 4693 vitiosa,

1155 4709 1263 4779 quam
1279 4685 1329 4756 sic
1342 4686 1469 4760 usitate
1483 4704 1629 4776 vorant,
1652 4706 1705 4762 est
1717 4689 1861 4781 ἀταξία,
1887 4722 1979 4792 quae
1992 4709 2137 4780 accessit

1154 4790 1201 4858 ad
1218 4801 1381 4859 naturam
1397 4788 1570 4864 divinitus
1584 4794 1781 4883 conditam,
1808 4811 1842 4869 et
1858 4822 1935 4870 eam
1950 4800 2137 4895 deformat,

1155 4911 1220 4959 nec
1235 4902 1289 4960 est
1306 4911 1362 4971 res
1378 4889 1525 4980 gignens
1546 4893 1800 4984 substantiam,
1825 4901 1886 4970 sed
1908 4925 1964 4973 res
1986 4907 2134 4998 gignens

1155 4991 1387 5062 substantiam
1403 5005 1456 5064 est
1470 4992 1546 5085 ipsa
1563 5007 1689 5067 natura
1704 5018 1725 5066 a
1739 4997 1820 5070 Deo
1838 5004 2001 5093 condita,
2026 5035 2134 5105 quam

1154 5094 1201 5164 ab
1223 5086 1356 5189 ἀταξίᾳ
1379 5096 1572 5186 prudenter
1601 5096 1757 5169 discerni
1782 5095 1922 5177 necrme
1940 5121 2005 5180 est.
2064 5111 2135 5185 Hic

1155 5194 1293 5268 discant
1321 5194 1480 5269 iuniores
1501 5197 1625 5267 utilem
1651 5201 1850 5274 doctrinam
1873 5207 1919 5278 ab
1942 5208 2135 5288 Aristotele

1154 5296 1323 5367 traditam
1336 5296 1383 5366 dc
1399 5297 1515 5368 modis
1529 5298 1673 5383 dicendi
1686 5327 1749 5395 per
1763 5325 1810 5375 se.
1857 5304 2061 5387 Necessaria
2083 5332 2136 5391 est

1153 5396 1248 5469 enim
1261 5396 1447 5493 diligentia
1461 5399 1502 5516 iu
1522 5401 1622 5474 omui
1643 5404 1734 5490 vita,
1759 5406 1959 5484 discernere
1980 5436 2021 5488 es
2044 5443 2139 5520 qme
