4538 5754
116 235 219 313 'not
712 170 1596 305 ramususmursmsouuea'
2050 219 2142 301 uos

118 401 291 497 praesidia
303 398 461 490 neglecto
470 393 566 481 Deo,
590 395 681 467 sicut
695 394 839 485 quidam
853 391 962 468 bomo
975 396 1107 490 impius
1156 397 1201 467 lis
1223 411 1378 484 taxatur,
1410 411 1451 469 ut
1474 395 1638 470 Christus
1660 398 1817 471 clamitat
1837 393 2017 470 Matthaei
2036 398 2141 490 septi·

117 505 225 577 dixit:
259 502 306 575 Se
333 500 420 595 quid
448 502 599 569 doceant
625 498 783 590 quinque
807 498 891 569 libri
913 496 1011 569 Mosi
1031 522 1105 569 non
1156 522 1232 569 mo:
1259 498 1342 570 Non
1362 500 1478 572 omnis
1494 503 1555 594 qui
1573 501 1661 572 dicit
1674 497 1765 571 mibi
1783 500 1959 586 Domine,
1981 496 2142 586 Domine,

117 608 219 688 scire,
244 627 311 673 nec
326 622 461 685 curare,
486 602 547 669 sed
562 600 742 692 quomodo
757 600 898 669 emendi
913 601 984 670 sint
997 602 1105 694 quin-
1156 601 1305 672 intrabit
1321 602 1359 668 in
1375 625 1522 691 regnum
1539 605 1739 688 coelorum,
1764 605 1825 673 sed
1842 604 1906 696 qni
1919 603 2007 674 iacit
2019 601 2142 672 volnu-

118 733 189 804 que
203 706 305 799 pagi,
330 717 364 775 et
378 703 504 796 quanti
518 726 560 772 ex
575 702 625 771 eis
639 701 775 770 reditus
786 702 991 792 capiantur,
1013 702 1105 772 scire
1157 715 1264 773 tatem
1287 703 1400 793 patris
1421 703 1503 778 mei.
1561 702 1650 774 ltem
1676 701 1774 774 loan.
1789 703 1843 773 4.:
1872 702 1960 774 Veri
1981 704 2143 774 adorato·

118 824 154 882 et
176 830 316 892 curare,
339 827 488 897 eamque
511 802 718 894 sapientiam
741 802 847 892 longe
862 803 1034 882 anteferre
1049 803 1105 872 illi
1157 825 1213 872 res
1235 804 1437 874 adorabunt
1459 818 1594 898 patrem
1616 807 1656 875 in
1671 804 1810 896 Spiritu
1833 818 1866 875 et
1890 806 2055 879 veritate.
2102 802 2143 876 Et

118 910 219 981 inani
241 907 428 978 doctrinae
451 904 560 977 Mosi,
609 899 661 975 At
681 917 824 973 econtra
840 900 1003 974 Psalmus
1025 928 1106 974 ver·
1160 906 1193 977 1.
1208 900 1373 976 Corinth.
1389 905 1440 979 7.:
1467 904 1700 977 Circumcisio
1722 903 1817 975 nihil
1841 919 1912 992 est,
1938 908 2005 976 sed
2030 906 2143 977 obser-

117 1037 162 1083 su
181 1011 241 1084 15.
268 1005 363 1078 banc
385 1005 648 1100 persuasionem
670 1017 772 1074 vocat
795 1005 1007 1087 stulticiam,
1040 1007 1104 1077 etsi
1158 1005 1256 1077 vatio
1287 1008 1538 1078 mandatorum
1566 1008 1703 1101 aliquid
1733 1021 1795 1078 est.
1861 1004 1912 1077 Et
1938 1030 2048 1098 saepe
2068 1006 2144 1077 sliat

118 1115 282 1184 landetur
308 1106 394 1181 baec
424 1108 603 1199 persuasio
630 1107 676 1175 ab
706 1129 829 1175 eorum
855 1107 1106 1181 imitatoribus.

118 1214 284 1307 Denique
305 1224 379 1280 tota
403 1209 516 1279 oratio
533 1206 662 1277 Psalmi
686 1208 871 1299 perspicua
888 1222 960 1295 est,
985 1210 1016 1278 si
1031 1232 1107 1279 non

120 1318 334 1408 depravetur
348 1309 493 1381 insulsis
508 1308 741 1381 versionibus.

259 1553 592 1647 Argumentum
623 1528 677 1616 oc
713 1543 974 1639 dispositio

300 1726 303 1733 ·
372 1766 375 1771 ,
486 1678 648 1764 Psalmi
682 1677 739 1762 [a

144 1929 149 1937 Ι
172 1850 294 1920 Portis
310 1848 415 1916 Dens
428 1847 611 1915 Dominus
633 1844 775 1914 locutas
797 1852 875 1932 est,
903 1853 943 1915 et
964 1851 1111 1919 vocavit

172 1959 337 2037 terrum,
363 1955 435 2019 eto.

225 2098 381 2191 Insignis
400 2096 564 2169 Psalmus
585 2110 655 2181 est,
680 2095 897 2165 luculentam
919 2112 954 2168 et
974 2103 1111 2194 perspi-

123 2228 226 2275 cuam
249 2202 458 2273 concionem
481 2198 685 2281 eontiuens,
711 2210 969 2269 monstrantem
985 2200 1111 2272 discri-

122 2328 207 2375 men
238 2302 314 2372 veri
346 2301 460 2371 cultus
486 2313 522 2368 et
552 2297 846 2368 ceremoniarum.
915 2297 1036 2388 Quare
1066 2306 1111 2374 ad

124 2400 236 2497 genus
250 2394 517 2476 διδασκαλικὸν
534 2399 696 2488 pertinet.

226 2519 377 2612 Triplex
398 2529 450 2586 est
472 2514 567 2584 enim
589 2508 778 2582 bominum
799 2513 1008 2586 multitudo:
1037 2512 1111 2587 Atti

124 2643 271 2715 prorsus
300 2631 384 2689 sunt
408 2613 537 2701 ἄθεοι,
572 2613 636 2707 qui
658 2627 693 2685 et
714 2615 931 2685 ceremonias
956 2629 991 2686 et
1010 2641 1112 2687 veros

125 2719 194 2793 Dei
219 2721 335 2792 cultus
358 2714 589 2787 audacissime
611 2727 865 2800 contemnunt,
898 2728 938 2786 ut
959 2711 1113 2787 Athenis

125 2823 276 2893 iaciebat
290 2817 458 2915 Cynesias
474 2830 595 2906 poeta,
620 2815 682 2909 qui
696 2816 784 2886 festa
800 2817 976 2887 contraria
992 2820 1113 2910 publi-

125 2925 177 2994 cis
203 2921 413 2992 celehrabat.
465 2913 542 2989 Alii
572 2940 646 2985 non
673 2918 761 2985 adeo
788 2918 929 3007 profani
950 2943 1031 2988 cum
1054 2944 1113 2990 ra-

126 3026 225 3095 tione
246 3034 475 3103 moveantur,
507 3031 549 3087 ut
567 3039 641 3086 esse
660 3015 776 3087 Deum
798 3031 968 3105 statuant,
993 3031 1112 3091 tamen

126 3139 247 3219 postea
267 3119 362 3199 nihil
383 3121 454 3190 nisi
478 3120 591 3209 legem
607 3130 760 3202 norunt,
785 3131 820 3188 et
835 3114 958 3189 dehac
974 3120 1113 3211 fingunt

127 3227 197 3298 sibi
224 3223 494 3315 imaginationes
520 3244 585 3289 suo
606 3218 773 3304 arbitrio,
807 3219 973 3291 videlicet
993 3222 1113 3292 Deum

128 3327 318 3399 colendum
355 3347 429 3394 esse
465 3320 674 3391 ceremoniis
707 3335 742 3391 et
770 3320 936 3410 operibus
964 3324 1115 3392 morali-

127 3431 211 3499 bus:
246 3428 307 3494 sed
329 3425 360 3494 si
382 3424 455 3492 sint
478 3420 595 3510 lapsus
620 3420 751 3510 aliqui,
784 3422 993 3490 ceremoniis
1016 3447 1113 3492 com-

128 3526 286 3622 pensari:
322 3539 357 3597 et
384 3517 466 3601 bas,
498 3521 529 3588 si
549 3520 620 3589 sint
640 3520 870 3605 sufficientes,
903 3524 1033 3591 mereri
1057 3547 1113 3593 re·

129 3628 336 3699 missionem
371 3634 613 3714 peecatorum:
655 3621 704 3690 sic
739 3635 926 3692 senserunt
956 3619 1114 3709 Ethnici,

129 3729 192 3824 qni
220 3723 288 3796 hae
316 3723 543 3817 persuasione
569 3722 686 3791 varios
706 3722 796 3792 ritus
822 3736 855 3793 et
872 3724 983 3794 multa
1004 3726 1114 3796 tristia

129 3853 238 3922 opera
261 3825 521 3916 excogitabant,
553 3822 717 3893 videlicet
740 3823 965 3895 victimarum
987 3821 1113 3895 buma-

129 3954 257 4015 narum
279 3926 522 4008 mactationes,
548 3925 631 4017 quia
652 3924 862 3993 ceremoniis
879 3926 1014 3995 aboleri
1033 3952 1127 4018 pec-4

130 4047 205 4106 cata
223 4030 411 4120 fingebant.
463 4024 543 4096 Hoc
557 4049 675 4095 errore
692 4021 873 4094 Pharisaei
887 4029 1115 4099 cumularunt

129 4159 193 4206 sua
216 4130 405 4213 sacrificia,
426 4122 592 4197 monachi
609 4124 756 4204 Missas,
783 4124 894 4196 Turci
915 4149 995 4198 suas
1018 4153 1113 4198 cere-

129 4233 278 4306 monias.
335 4229 500 4324 Denique
529 4240 647 4297 manet
676 4222 737 4295 hic
761 4249 864 4296 error
894 4227 934 4296 in
964 4229 1113 4301 maxima

129 4351 230 4431 parte
251 4333 387 4425 generis
408 4328 577 4415 humani,
604 4329 820 4399 ceremonias
835 4328 1022 4423 praecipue
1036 4328 1113 4401 Deo

129 4440 286 4532 placere,
320 4448 354 4505 et
382 4432 510 4503 mereri
540 4429 783 4501 remissionem
807 4444 1046 4521 peccatorum,
1080 4445 1115 4503 et

129 4537 334 4631 praecipuas
354 4534 501 4605 virtutes
523 4556 596 4602 esse
617 4533 722 4620 longe
737 4531 980 4602 anteferendas
996 4535 1116 4603 omni-

129 4642 198 4710 bus
221 4638 415 4706 moralibus
435 4635 611 4726 operibus.
667 4629 722 4701 Ac
745 4632 849 4702 multi
873 4633 954 4723 plus
977 4636 1045 4705 sibi
1068 4636 1114 4704 li·

30 4804 33 4813 ,
131 4741 266 4812 sentiae
287 4750 433 4808 sumunt
453 4737 493 4803 in
516 4735 697 4824 moribus,
720 4732 842 4804 laxant
864 4735 1008 4809 frenum
1030 4737 1114 4807 libi.

131 4841 278 4912 dinibus
303 4853 337 4909 et
361 4838 439 4907 aliis
460 4836 735 4926 cupiditatibus,
769 4835 853 4928 quia
873 4849 992 4927 postea
1016 4862 1114 4909 com-

132 4941 272 5034 pensari
297 4940 422 5008 delicta
446 4938 654 5007 ceremoniis
678 4936 917 5007 arbitrantur:
941 4955 981 5010 ut
1007 4940 1114 5028 saeri7

131 5043 228 5115 ficuli
250 5042 346 5111 varie
368 5040 514 5130 polluti,
539 5039 651 5108 deleri
672 5059 733 5106 sua
756 5039 884 5109 scelera
900 5055 1027 5130 putant
1043 5043 1114 5113 ritu

132 5146 275 5218 Missae.
324 5141 384 5213 Sic
392 5136 538 5211 Ethnici
552 5152 748 5222 senserunt,
773 5139 822 5207 sic
837 5143 1003 5212 omnibus
1019 5157 1115 5213 aeta-

1158 1102 1244 1176 baec
1260 1108 1421 1178 doctrina
1438 1109 1585 1200 repetita
1602 1122 1665 1183 est.

1261 1206 1331 1279 Sed
1354 1203 1421 1279 hae
1440 1210 1627 1280 conciones
1645 1209 1831 1301 praecipua
1847 1208 2048 1280 certamina
2063 1207 2144 1279 iuter

1160 1304 1325 1378 homines
1345 1313 1554 1380 accendunt.
1605 1310 1697 1380 Nam
1720 1311 1825 1381 multi
1846 1335 1928 1379 cum
1949 1311 2078 1382 vident
2096 1330 2143 1378 ce-

1161 1410 1338 1480 remonias
1360 1432 1433 1480 esse
1450 1435 1579 1481 nervos
1595 1413 1774 1503 potentiae
1791 1435 1895 1495 suae,
1921 1424 1988 1482 aut
2001 1409 2142 1501 aucupis

1161 1525 1341 1602 quaestus,
1367 1512 1443 1580 sine
1459 1515 1565 1583 modo
1580 1535 1637 1581 eas
1652 1513 1788 1582 laudari
1804 1513 1949 1590 volunt,
1976 1535 2055 1581 non
2069 1533 2143 1601 pro-

1161 1625 1240 1702 pter
1264 1611 1413 1699 gloriam
1426 1610 1513 1697 Dei,
1538 1616 1599 1683 sed
1618 1617 1661 1684 ad
1678 1614 1927 1685 stabiliendam
1943 1611 2143 1705 potentiam,

1163 1726 1198 1782 et
1213 1714 1414 1800 augendum
1432 1726 1628 1805 quaestum.

1263 1810 1338 1883 Alii
1355 1813 1419 1905 qui
1433 1815 1603 1884 videntur
1616 1815 1815 1903 graviores,
1840 1814 1903 1907 qui
1920 1812 2084 1883 iudicant
2097 1834 2145 1880 ce·

1163 1914 1341 1984 remonias
1361 1936 1434 1983 esse
1456 1915 1665 2005 disciplinae
1685 1939 1832 2000 nervos,
1865 1929 1906 1986 ut
1926 1927 2015 1984 sunt
2035 1911 2145 2005 aliquo

1163 2016 1292 2094 modo,
1317 2009 1561 2086 vehementius
1581 2015 1687 2086 etiam
1704 2016 1905 2085 irascuntur
1919 2014 1986 2093 iis,
2012 2012 2077 2106 qui
2092 2035 2146 2080 ne-

1163 2128 1248 2206 gant
1268 2110 1333 2184 hos
1355 2117 1471 2185 cultus
1491 2116 1618 2186 mereri
1633 2116 1891 2185 remissionem.
1945 2112 2057 2185 Tales
2072 2136 2146 2204 pro-

1164 2229 1378 2309 pugnatores
1405 2217 1684 2288 ceremoniarum
1716 2239 1839 2285 omnes
1865 2225 2090 2285 concurrunt
2108 2212 2147 2282 ad

1164 2317 1435 2408 opprimendam
1466 2341 1585 2387 veram
1613 2312 1950 2408 reprehensionem,
1987 2329 2028 2389 ut
2060 2336 2147 2385 nunc

1163 2413 1371 2498 Antistites,
1406 2414 1599 2497 Canonici,
1633 2416 1850 2502 Sacribculi,
1882 2411 2064 2488 Monacbi
2089 2413 2146 2485 sti·

1165 2519 1238 2610 pati
1259 2518 1401 2606 regibus
1423 2542 1464 2588 ac
1487 2518 1711 2610 principibus
1733 2531 1954 2589 concurrunt
1971 2520 2019 2589 ad
2033 2516 2145 2587 deien-

1164 2619 1302 2688 sionem
1316 2621 1494 2690 venalium
1504 2618 1708 2705 Missarum,
1733 2633 1769 2689 et
1783 2619 2031 2691 crudelissime
2045 2617 2145 2689 inter·

1164 2716 1289 2789 ficiunt
1314 2714 1479 2789 homines
1496 2720 1575 2812 pios
1596 2734 1689 2790 recte
1710 2721 1874 2790 docentes
1896 2721 1943 2789 de
1967 2742 2039 2791 usu
2061 2742 2144 2789 cere·

1165 2842 1380 2916 monsarum.

1266 2916 1357 2989 Cum
1374 2919 1483 3008 igitur
1495 2919 1580 2990 talia
1594 2921 1784 2991 certamina
1799 2934 2011 3013 sequantur,
2036 2921 2139 2994 audita

1165 3044 1251 3090 voce
1275 3020 1396 3088 divina
1423 3022 1467 3090 de
1489 3022 1717 3100 ceremoniis,
1744 3019 1906 3091 Psalmus
1929 3023 2037 3093 initio
2058 3022 2139 3094 etin

1166 3122 1235 3191 bne
1262 3121 1481 3192 severissime
1508 3122 1672 3210 obiurgat
1694 3117 1811 3190 hostes
1834 3122 2016 3211 veritatis,
2050 3136 2083 3195 et
2101 3123 2140 3191 eis

1166 3236 1354 3313 poenaset
1376 3222 1521 3292 exitium
1545 3224 1719 3292 minatur:
1747 3246 1888 3291 necesse
1910 3238 1966 3293 est
1979 3224 2075 3295 enim
2088 3219 2138 3294 bas

1166 3323 1422 3394 controversias
1457 3323 1609 3393 iudicari
1638 3324 1830 3413 divinitus,
1873 3325 1959 3415 quia
1990 3319 2138 3397 homines

1165 3425 1242 3494 siue
1265 3425 1344 3493 luce
1366 3420 1572 3512 Evangelii,
1598 3448 1672 3493 non
1695 3426 1789 3493 r'ecte
1811 3425 2021 3515 intelligunt
2041 3427 2137 3516 legem

1166 3537 1201 3595 et
1221 3524 1453 3595 ceremonias.
1505 3522 1589 3594 ldeo
1610 3526 1771 3595 funditus
1785 3526 1899 3595 deleta
1913 3541 1967 3597 est
1983 3526 2138 3598 Hieroso·

1166 3627 1280 3720 lyma,
1314 3626 1396 3717 quia
1418 3622 1532 3697 stante
1554 3627 1678 3717 politia
1701 3625 1860 3711 Iudaica,
1887 3649 2029 3718 semper
2050 3651 2137 3698 man·

1166 3727 1267 3796 sisset
1287 3726 1430 3819 opinio,
1463 3729 1697 3817 tampulcros
1719 3729 1829 3812 ritus,
1856 3727 2035 3801 divinitus
2055 3729 2137 3799 ordi·

1166 3840 1290 3917 natos,
1316 3828 1530 3903 necessarios
1545 3829 1660 3898 cultus
1677 3826 1742 3897 Dei
1762 3850 1847 3900 esse.

1270 3928 1392 3998 Tertia
1412 3950 1492 4018 pars
1514 3923 1702 3999 bominum
1722 3920 1789 4010 est,
1815 3951 1905 4020 quae
1921 3953 1998 3999 non
2016 3942 2137 4002 tantum

1166 4030 1278 4118 legem
1300 4029 1419 4113 novit,
1444 4032 1506 4098 sed
1522 4030 1625 4098 etiam
1640 4025 1875 4118 Evangelium
1892 4030 2042 4118 didicit,
2064 4029 2137 4101 etid

1167 4144 1260 4201 recte
1281 4130 1464 4220 intelligit:
1490 4132 1556 4200 scit
1577 4133 1694 4200 datam
1717 4153 1790 4200 esse
1805 4131 2137 4219 promissionemre·

1166 4231 1344 4302 missionis
1365 4245 1587 4323 peecatorum
1606 4229 1726 4302 Gratis
1748 4233 1886 4301 dandae
1911 4246 2059 4324 propter
2071 4231 2137 4304 Me-

1166 4335 1353 4404 diatorem.
1404 4331 1452 4403 Et
1472 4333 1537 4402 scit
1559 4335 1765 4404 mandatum
1779 4328 1847 4401 Dei
1862 4334 1937 4403 esie
1951 4333 2139 4417 immotum,
2166 4402 2172 4413 ,

1165 4451 1207 4505 ut
1227 4436 1323 4505 iuxta
1346 4429 1439 4503 hanc
1460 4435 1729 4524 promissionem
1754 4435 1939 4504 credamus
1962 4459 2030 4506 nos
2044 4430 2139 4526 recipi

1166 4547 1201 4605 et
1231 4534 1407 4605 exaudiri:
1440 4549 1476 4604 et
1494 4531 1560 4604 hac
1581 4536 1673 4626 fide,
1698 4538 1735 4605 id
1758 4549 1827 4620 est,
1860 4534 1991 4607 fiducia
2015 4536 2138 4608 miseri·

1166 4637 1328 4721 cordiae,
1361 4637 1565 4707 invocemus
1586 4634 1721 4718 Deum,
1755 4651 1789 4706 et
1810 4649 1972 4726 petamus
1995 4651 2031 4708 et
2052 4659 2140 4730 expe·

1166 4752 1301 4810 ctemus
1320 4739 1514 4824 auxilium,
1539 4751 1573 4808 et
1590 4733 1682 4807 banc
1698 4739 2141 4828 doetrinamprofiteamut,

1166 4854 1200 4912 et
1221 4840 1259 4907 in
1283 4840 1369 4929 ipsis
1389 4839 1661 4909 liberationibus
1683 4852 1784 4930 grato
1805 4841 1913 4909 corde
1936 4856 2141 4930 praestemus

1166 4964 1226 5010 eos
1250 4941 1383 5026 cultus,
1417 4966 1505 5033 qnos
1528 4942 1603 5030 ipse
1627 4941 1664 5010 in
1690 4943 1798 5011 verbo
1823 4964 1889 5010 suo
1911 4944 2088 5031 postulat,
2115 4952 2141 5010 et

1166 5067 1208 5113 eo
1223 5043 1350 5112 ordine
1367 5057 1581 5133 praestemus
1595 5043 1685 5114 sicut
1701 5043 1867 5133 postulat.

1269 5142 1430 5214 Primum
1455 5145 1532 5213 vult
1555 5146 1679 5217 ardere
1700 5146 1738 5213 in
1761 5144 1867 5214 eorde
1888 5156 2016 5215 nostro
2040 5147 2143 5227 fidem,

132 5249 227 5321 tibus
242 5244 348 5314 multi
365 5242 534 5315 sentiunt.
584 5240 654 5311 Hic
670 5264 770 5311 error
784 5254 817 5310 et
833 5240 872 5309 in
890 5238 957 5312 boc
971 5242 1113 5314 Psalmo
1164 5268 1239 5314 non
1263 5245 1416 5315 ociosam
1436 5245 1624 5331 noticiam,
1658 5248 1718 5315 sed
1740 5246 1903 5315 fiduciam
1928 5246 2142 5319 invocantem

133 5364 167 5423 et
188 5347 277 5421 alibi
299 5368 400 5438 saepe
422 5367 444 5414 a
463 5339 671 5436 Prophetis,
694 5365 714 5413 a
736 5337 879 5415 Christo
902 5357 938 5415 et
958 5345 1114 5436 Aposto·
1167 5346 1304 5440 ipsum,
1328 5370 1420 5441 quae
1440 5348 1592 5420 sentitur
1608 5348 1648 5416 in
1664 5348 1930 5419 afflictionibus.
1981 5347 2075 5421 Cum
2090 5345 2143 5420 bac
