4538 5754
117 259 188 333 431

119 428 181 501 ris.
238 421 406 494 Probatio
437 433 554 490 autem
586 422 655 490 τοῦ
680 415 923 513 κρινομένου,
952 421 1106 493 -dicitur

121 522 297 619 σύνεχον,
331 523 414 618 quia
432 535 545 592 totum
560 520 802 615 syllogismum
818 521 1007 596 connectit.

224 627 317 697 Sunt
340 637 457 694 autem
483 634 555 692 tres
577 624 709 690 formae
731 635 904 706 statuum,
934 646 1021 717 quas
1044 647 1108 715 per

88 735 92 744 '
123 729 345 826 quaestiones
359 724 577 796 discernunt.
628 721 747 793 Status
767 724 1015 794 coniecturalis
1033 724 1108 793 ori-

124 847 241 903 turer
260 818 477 921 quaestione,
497 848 543 891 an
559 824 615 902 sit,
640 837 693 907 ut,
721 848 787 916 pro
803 822 936 895 Roscio
949 825 1106 918 quaestio

123 945 193 1010 est,
219 953 265 1001 an
280 925 431 998 Roscius
456 924 624 995 occiderit
646 938 797 1014 patrem.
848 923 969 995 Status
993 926 1109 1015 legiti-

123 1055 214 1115 mus,
228 1031 264 1098 in
276 1053 346 1122 quo
364 1027 612 1117 praecipuaest
627 1024 800 1110 delinitio,
816 1024 931 1096 oritur
945 1050 986 1097 ex
1002 1050 1111 1120 quae·

124 1133 257 1210 stione,
284 1129 369 1221 quid
385 1130 449 1209 sit,
475 1140 516 1197 ut
531 1127 625 1216 apud
638 1123 806 1196 Paulum:
834 1124 932 1213 Quid
948 1127 993 1196 sit
1007 1128 1110 1197 iusti·

124 1226 408 1315 ciaChristiana,
432 1227 521 1298 Fide
536 1251 581 1296 ne
598 1244 803 1316 reputemur
817 1227 917 1313 iusti,
943 1252 989 1297 an
1005 1252 1111 1319 opera

127 1338 198 1406 siut
216 1332 367 1405 iusticia.
419 1328 540 1400 Status
555 1327 731 1397 iudicialis
747 1330 862 1398 oritur
878 1354 918 1398 er
938 1329 1112 1422 quaestio·

127 1457 192 1514 ne,
227 1433 329 1528 quale
350 1432 396 1501 sit
425 1432 576 1512 factum,
603 1429 788 1518 videlicet,
815 1429 892 1498 iure
915 1454 961 1499 ne
980 1432 1110 1501 factum

57 1589 65 1599 .
127 1536 190 1620 sit,
215 1550 271 1619 ut,
297 1535 437 1604 iurene
454 1529 581 1601 Caesar
598 1531 803 1601 interiectus
817 1529 874 1602 sit.

382 1699 441 1768 De
466 1704 574 1768 statu
601 1695 860 1767 coniecturali.

232 1831 323 1904 Cum
342 1844 457 1901 autem
474 1830 588 1921 prima
605 1829 650 1897 sit
667 1826 843 1920 quaestio,
863 1852 908 1896 an
923 1828 986 1914 sit,
1010 1829 1114 1901 initio

46 1923 48 1927 y
65 1992 66 1996 η
129 1941 174 2008 de
190 1950 282 2006 statu
298 1931 524 2002 coniecturali
539 1930 707 1998 dicemus.
756 1925 919 2018 Singulis
935 1930 1030 2025 enim
1045 1945 1115 2002 sta-

64 2078 69 2095 .
130 2040 245 2115 tibus,
273 2035 357 2104 certi
374 2034 444 2101 loci
461 2031 610 2100 subiecti
629 2042 724 2101 sunt.
775 2027 845 2098 Sed
869 2032 1038 2123 quoniam
1060 2034 1116 2101 lo·

130 2143 179 2208 cis
204 2147 493 2225 argumentorum
527 2132 567 2200 in
596 2129 864 2199 confirmatione
895 2145 930 2202 et
951 2135 1113 2205 contuta-

130 2241 227 2310 tione
244 2237 395 2306 maxime
409 2237 556 2311 utimur,
575 2232 673 2324 prius
689 2234 921 2301 recensendae
938 2248 1020 2304 suut
1036 2258 1117 2327 par-

130 2356 181 2412 tes
197 2337 379 2408 orationis.

386 2501 445 2570 De
470 2495 640 2589 portibus
667 2501 862 2570 orationis.

234 2631 422 2706 Orationis
448 2648 563 2726 partes
581 2646 664 2701 suut
687 2655 762 2700 sex:
790 2629 1007 2719 Exordium,
1027 2631 1118 2703 Nar-

133 2738 245 2822 ratio,
271 2733 488 2829 Propositio,
514 2731 759 2819 Confirmatio,
781 2730 1006 2820 Confutatio,
1032 2736 1119 2806 Per-

132 2840 259 2911 oratio.
1076 2907 1087 2914 .

234 2935 433 3008 Exordium
455 2950 505 3006 est
527 2935 669 3006 initium
693 2937 883 3021 orationis,
911 2939 1117 3030 priusquam

133 3041 230 3111 enim
247 3042 290 3109 de
310 3063 346 3107 re
363 3037 536 3122 dicimus,
562 3039 795 3130 praeparandi
816 3054 899 3109 sunt
921 3040 1033 3108 animi
1054 3065 1119 3110 au-

133 3143 328 3220 dientium,
354 3164 394 3209 ac
416 3141 522 3229 vulgo
545 3141 593 3208 ita
617 3140 778 3211 scribunt
800 3134 887 3210 baec
911 3142 979 3211 tria
1003 3141 1042 3208 in
1060 3165 1119 3209 ex-

135 3244 238 3314 ordio
262 3241 444 3310 efficienda
470 3263 560 3325 esse,
586 3253 630 3331 ut
652 3244 842 3309 reddamus
862 3243 1040 3311 auditores
1055 3245 1116 3311 be·

134 3344 293 3424 nevolos,
312 3354 464 3410 attentos
480 3354 513 3409 et
528 3341 672 3409 dociles.
700 3339 833 3409 Fabius
848 3336 933 3411 haec
947 3344 990 3411 ad
1008 3367 1118 3412 unum

133 3441 401 3514 benevolentiae
425 3440 542 3511 locum
565 3441 687 3525 refert,
715 3442 775 3533 qui
803 3444 958 3531 profecto
984 3447 1118 3534 praeci·

135 3567 226 3637 puus
242 3556 304 3612 est.
356 3540 457 3611 Sicut
471 3542 567 3609 enim
586 3541 623 3608 in
640 3542 860 3634 quotidianis
875 3548 1120 3632 congressibus

137 3646 383 3738 colloquentes,
399 3667 481 3712 cum
504 3642 647 3727 amicis,
674 3642 784 3723 inicio
808 3669 873 3714 nos
894 3651 1120 3717 commenda-

68 3791 77 3799 ·
136 3769 234 3828 mus,
260 3758 321 3816 aut
337 3767 558 3830 excusamus,
584 3768 647 3814 cur
665 3745 714 3814 eis
729 3747 916 3835 negocium
941 3748 1129 3830 iaciamus,

137 3850 186 3917 ita
210 3848 248 3914 in
272 3846 408 3935 magnis
432 3847 544 3917 causis
567 3847 665 3916 decet
688 3849 878 3937 prooemiis
895 3850 1121 3940 quibusdam,

137 3948 194 4017 vel
220 3947 369 4017 excitare
396 3949 451 4016 vel
474 3946 626 4017 invitare
643 3950 833 4018 auditores.
856 4008 859 4015 .
883 3944 932 4018 Et
945 3963 998 4020 est
1013 3975 1122 4042 quae-

355 245 565 324 scatent
592 246 668 318 ΡΗ.
696 242 812 320 MEL.
837 245 905 320 AD
933 249 1060 328 lllST.
1087 243 1231 324 attor.
1257 243 1323 320 ET
1350 244 1542 324 PHlLOS.
1569 247 1890 324 SPECTANTlA.

2064 249 2136 322 482

1160 421 1280 502 visset,
1304 442 1350 486 ne
1366 419 1569 489 adversario
1583 422 1854 508 concederetur,
1881 433 1921 488 ut
1939 442 2004 509 pro
2030 440 2068 488 se
2086 420 2138 489 di·

1159 536 1261 593 ceret.
1306 517 1403 587 Haec
1420 522 1728 611 querelalmaxime
1744 522 1889 591 decebat
1906 520 1944 588 in
1961 521 2116 591 exordio.

1259 617 1422 689 Attentos
1441 622 1641 706 reddimus,
1668 646 1747 690 cum
1765 623 2001 711 significamus
2017 645 2081 691 nos
2097 624 2135 691 de

1158 721 1293 809 magnis
1315 735 1349 790 et
1369 721 1518 791 utilibus
1535 724 1640 792 rebus
1664 725 1798 801 dicere,
1826 737 1864 791 ut
1881 725 1923 790 ad
1942 721 2132 793 Romanos:

1158 822 1240 892 Non
1259 822 1366 911 pudet
1382 845 1437 889 me
1452 819 1651 912 Evangelii.
1678 820 1743 892 Est
1759 825 1852 891 euim
1869 825 2025 913 potentia
2042 824 2116 898 Dei.

1264 922 1426 1004 Dociles,
1460 948 1539 993 cum
1570 939 1604 994 et
1625 948 1800 994 summam
1833 924 1969 1012 negocii
1993 926 2133 997 breviter

1163 1024 1392 1106 ostendimus,
1413 1035 1452 1092 ut
1467 1026 1510 1093 ad
1528 1022 1728 1095 Romanos:
1758 1024 1797 1093 ln
1816 1022 2010 1113 Evangelio
2028 1028 2132 1118 patefit

1163 1125 1301 1193 iusticia
1314 1124 1408 1192 fidei.
1460 1124 1529 1195 Sed
1550 1150 1622 1194 non
1641 1142 1786 1215 possunt
1811 1150 1959 1195 numero
1985 1152 2131 1218 compre·

1162 1221 1274 1294 hendi
1297 1225 1429 1316 species
1452 1229 1690 1296 exordiorum.
1748 1224 1925 1296 Ordimur
1949 1232 2044 1296 enirn
2071 1253 2131 1298 non

1164 1338 1302 1396 tantum
1318 1327 1363 1394 ab
1379 1321 1435 1394 his
1451 1326 1559 1411 locis,
1585 1352 1673 1421 quos
1690 1328 1862 1412 recensui,
1887 1331 1947 1395 sed
1967 1330 2132 1398 interdurn

1164 1451 1184 1495 a
1206 1438 1380 1518 tempore,
1413 1426 1592 1497 interdum
1617 1453 1636 1497 a
1659 1428 1766 1512 locis,
1799 1430 1978 1498 interdum
2000 1434 2044 1499 ab
2067 1432 2134 1498 aliis

1166 1527 1447 1597 circumstantiis.
1489 1526 1592 1598 Hanc
1607 1531 1809 1600 varietatem
1827 1531 2015 1601 ostendent
2030 1557 2133 1600 exem·

1166 1629 1223 1719 pla
1240 1625 1433 1701 Ciceronis.
1480 1628 1575 1699 Illud
1588 1654 1701 1700 unum
1722 1629 1884 1720 precipue
1902 1630 2054 1701 iudicavi
2072 1658 2136 1701 mo·

1167 1731 1305 1799 nendos
1321 1731 1604 1815 essestudiosos,
1629 1732 1819 1799 maximam
1845 1732 1993 1819 gratiam
2019 1728 2137 1802 babere

1167 1833 1365 1900 verecunda
1383 1844 1416 1899 et
1431 1832 1616 1902 summissa
1633 1833 1795 1915 exordia,
1817 1848 1850 1900 et
1866 1834 1988 1923 procul
2010 1836 2139 1923 fugien-

1167 1935 1212 2000 da
1234 1954 1307 1999 esse
1327 1933 1474 2019 grandia
1499 1945 1533 2002 et
1555 1934 1690 2001 tumida
1709 1932 1900 2023 principia,
1927 1935 2044 2026 qualia
2068 1949 2141 2006 sunt

1166 2031 1293 2116 Stacii,
1318 2035 1542 2122 praesertim,
1567 2057 1647 2105 cum
1664 2049 1699 2103 et
1719 2034 1968 2103 existimationi
1985 2037 2143 2109 oslicieat.

1167 2132 1377 2221 Significant
1391 2135 1486 2205 enim
1507 2136 1742 2222 arrogantiam
1764 2148 1798 2204 et
1820 2135 2069 2205 confidentiam
2094 2141 2143 2206 in-

1167 2234 1272 2322 genii.
1298 2233 1453 2326 Ideoque
1468 2236 1660 2323 prudenter
1673 2233 1843 2305 Horatius
1857 2239 2042 2329 praecipit:
2070 2238 2144 2309 Non

1167 2335 1306 2404 fumum
1323 2358 1364 2403 ex
1379 2335 1536 2422 fulgore,
1561 2338 1622 2405 sed
1637 2360 1676 2404 ex
1696 2338 1793 2406 furno
1811 2340 1894 2404 dare
1910 2339 2037 2412 lucem.

1269 2435 1403 2505 Decent
1435 2437 1473 2504 in
1501 2436 1614 2505 initiis
1647 2452 1681 2507 et
1715 2438 1909 2522 dubitatio,
1951 2442 2147 2524 admiratio,

1169 2528 1472 2628 ἀπροσδόκητον,
1499 2551 1641 2621 votum,
1666 2551 1701 2607 et
1715 2538 1848 2606 similes
1864 2540 2028 2626 figurae,
2043 2557 2082 2612 ut
2097 2544 2148 2611 ni·

1169 2632 1223 2705 hit
1246 2637 1365 2705 minus
1387 2639 1622 2728 expectabam.
1674 2636 1831 2708 Maxime
1858 2642 1984 2710 vellem
2007 2645 2149 2728 iudices,

1167 2750 1208 2806 ut
1221 2737 1317 2830 Sylla
1335 2738 1541 2827 dignitatem
1558 2761 1657 2807 suam
1674 2740 1826 2809 retinere
1850 2745 2029 2830 potuisset.
2082 2744 2149 2813 De·

1169 2858 1249 2907 cent
1265 2853 1298 2908 ct
1314 2840 1460 2909 affectus
1473 2839 1632 2908 mitiores
1645 2842 1762 2909 onmis
1784 2845 1940 2930 generis,
1961 2860 2014 2916 ut:
2042 2844 2150 2934 Mag-

1170 2963 1251 3006 nam
1277 2935 1367 3008 mibi
1385 2941 1600 3031 voluptatem
1618 2942 1814 3012 attuleruut
1829 2944 1952 3013 literae
1966 2959 2056 3018 tuae.
2112 2948 2150 3016 ln

1170 3041 1306 3127 magnis
1316 3042 1434 3110 causis
1450 3066 1523 3110 non
1539 3042 1654 3112 solent
1669 3045 1812 3112 exordia
1836 3050 2086 3134 praetermitti,
2110 3074 2150 3117 ne

1170 3142 1314 3232 quidem
1350 3143 1395 3210 ab
1418 3142 1566 3226 Atticis,
1607 3143 1669 3236 qui
1700 3146 1774 3232 lege
1797 3149 2031 3232 cogebantur,
2064 3149 2150 3221 ἄνευ

1170 3235 1378 3335 προοιμίων
1399 3239 1464 3312 καὶ
1485 3242 1624 3314 ποθοῦν
1649 3245 1777 3314 dicere.
1829 3244 1899 3313 Sed
1921 3247 1958 3313 in
1982 3247 2151 3340 Epistolis

1170 3344 1295 3412 crebro
1316 3344 1646 3435 praetermittuntur
1662 3345 1816 3412 exordia.
1995 3357 1998 3361 ’

1511 3512 1571 3581 De
1594 3517 1828 3584 narratione.

1272 3644 1437 3714 Narratio
1455 3660 1507 3716 est
1521 3646 1603 3715 facti
1624 3649 1812 3737 expositio,
1840 3671 1930 3739 quae
1953 3653 2072 3720 statim
2098 3679 2154 3724 ex-

1172 3747 1276 3815 ordio
1301 3745 1501 3818 subiicitur.
1563 3745 1666 3815 Hanc
1692 3751 1792 3842 sequi
1820 3752 1924 3820 debet
1951 3756 2154 3844 propositio,

1172 3871 1260 3938 quae
1277 3846 1456 3916 contineat
1482 3871 1656 3916 summam
1679 3852 1739 3918 rei.
1792 3848 1834 3918 ln
1856 3852 2154 3943 disputationibus

1172 3960 1207 4016 et
1229 3947 1396 4017 suasoriis
1417 3946 1531 4017 causis
1559 3951 1739 4020 interdum
1773 3974 1845 4019 non
1874 3956 2011 4047 utimur
2034 3983 2154 4027 narra-

138 4053 219 4144 dam
233 4044 464 4118 humanitatis
482 4047 710 4137 significatio,
729 4049 829 4141 prius
844 4050 888 4118 de
904 4064 1026 4122 nostro
1042 4053 1121 4123 oili-
1172 4049 1281 4133 tione,
1296 4072 1557 4141 nonnunquam
1576 4064 1610 4120 et
1626 4053 1664 4119 in
1679 4053 1819 4121 iudiciis
1836 4058 2154 4144 praetermittimus.

138 4152 193 4222 cio
217 4150 351 4232 dicere,
377 4173 482 4242 quam
505 4149 550 4217 ad
576 4172 714 4217 causam
738 4150 946 4222 accedimus.
998 4152 1122 4248 Itaque
1173 4147 1297 4243 ltaque
1321 4153 1509 4239 prudentia
1525 4166 1578 4224 est
1599 4152 1736 4231 videre,
1767 4159 1908 4244 quando
1936 4159 2089 4247 postulet
2105 4184 2154 4228 res

133 4250 423 4324 ¹benevolentiam
439 4250 757 4341 aliasapersonis,
778 4251 865 4321 alias
882 4255 927 4322 ab
949 4255 1035 4344 ipsis
1058 4281 1123 4326 ne·-
1174 4251 1427 4322 narrationem.
1479 4252 1814 4342 Propositioautem
1838 4281 2020 4348 nunquam
2042 4262 2154 4331 omitti

139 4355 267 4443 gociis,
293 4353 324 4421 si
338 4353 411 4423 sint
424 4347 571 4423 honesta
587 4364 622 4421 et
637 4351 858 4441 plausibilia,
884 4357 1124 4431 conciliamur.
1175 4366 1300 4445 potest.
1333 4353 1432 4423 Haec
1449 4355 1638 4445 praecipua
1656 4378 1737 4445 pars
1754 4369 1806 4424 est
1822 4359 1929 4427 totius
1945 4363 2154 4444 certaminis,

140 4456 210 4524 Sed
227 4454 325 4522 locus
341 4454 589 4524 usitatissimus
604 4448 663 4522 hic
679 4466 731 4524 est
744 4458 935 4543 apersonis
951 4472 1124 4549 sumptus,
1175 4471 1210 4525 et
1232 4456 1410 4525 interdum
1436 4457 1569 4525 multae
1592 4456 1849 4545 propositiones
1874 4476 2077 4548 ponuntur,
2101 4470 2154 4531 sed

141 4555 256 4624 dicere
282 4556 326 4622 de
350 4556 484 4641 officio,
510 4555 567 4623 vel
589 4567 731 4639 nostro,
759 4556 815 4626 vel
838 4556 982 4638 iudicis,
1007 4575 1048 4629 ut
1062 4557 1123 4629 Ci-
1175 4556 1246 4624 ubi·
1256 4558 1382 4642 gradus
1398 4580 1460 4646 per
1473 4557 1609 4647 priores
1623 4559 1666 4624 ad
1688 4581 1796 4626 unam
1823 4564 2001 4651 quandam
2025 4565 2154 4653 princi·

141 4680 222 4724 cero
247 4655 351 4723 initio
373 4669 496 4725 contra
518 4653 680 4727 Verrem.
732 4653 839 4742 Item,
864 4683 927 4750 pro
949 4660 1025 4749 lege
1044 4659 1125 4729 Ma·
1179 4657 1290 4746 palem
1307 4657 1492 4727 faciendus
1509 4672 1576 4740 est,
1602 4671 1642 4726 ut
1657 4660 1702 4725 ad
1719 4655 1922 4745 Romanos,
1949 4664 2053 4734 initio
2077 4691 2154 4756 pro·

141 4757 242 4827 nilia.
295 4753 394 4839 ltem,
420 4781 483 4846 pro
505 4752 649 4840 Archia,
676 4757 794 4826 reddit
809 4761 994 4850 rationem,
1017 4784 1126 4854 quare
1179 4759 1278 4845 ponit
1291 4781 1412 4828 omnes
1432 4781 1506 4827 esse
1529 4760 1597 4828 sub
1619 4773 1779 4849 peccato,
1806 4778 1926 4848 gentes
1950 4779 1984 4835 et
2001 4764 2154 4836 ludaeos

142 4854 206 4926 has
224 4877 345 4924 causas
360 4857 560 4946 susceperit.
615 4853 826 4928 Ordimura
849 4860 1015 4931 laudibus
1041 4863 1127 4946 eius,
1176 4856 1315 4928 Deinde
1346 4860 1507 4951 pervenit
1536 4861 1581 4927 ad
1612 4861 1889 4951 propositionem
1918 4859 2152 4957 principalem

144 4960 188 5028 ad
218 4980 324 5049 quem
354 4953 505 5026 babetur
530 4958 662 5038 oratio,
695 4973 735 5029 ut
757 4957 890 5029 Paulus
917 4962 956 5030 in
981 4964 1125 5033 exordio
1178 4963 1434 5051 quodpropter
1447 4957 1628 5032 Christum
1646 4962 1729 5031 iusti
1745 4966 1961 5054 reputemur,
1987 4992 2070 5036 cum
2087 4994 2154 5038 cre·

143 5057 326 5148 Epistulae
343 5059 387 5125 ad
403 5054 604 5138 Romanos,
628 5058 731 5129 initio
746 5061 851 5129 fidem
875 5085 998 5132 eorum
1023 5086 1125 5153 prae·
1178 5063 1296 5130 dimus
1327 5061 1430 5140 nobis
1452 5074 1596 5152 propter
1626 5087 1707 5132 eum
1736 5064 1911 5153 placatum
1934 5090 2008 5136 esse
2032 5066 2149 5138 Deum

145 5160 249 5230 dicat.
301 5154 389 5228 Cum
404 5159 657 5246 respondemus
673 5160 907 5251 adversariis,
923 5163 1064 5233 facilius
1077 5160 1128 5237 cst
1179 5173 1417 5252 nonp'ropter
1440 5168 1561 5232 nostra
1585 5164 1777 5235 benefacta.
1828 5165 1949 5258 Neque
1973 5170 2015 5237 de
2040 5171 2154 5261 dispu-

145 5259 258 5330 ordiri
283 5281 323 5326 ex
346 5259 548 5342 occasione,
579 5259 669 5330 sicut
688 5255 944 5332 Demosthenes
965 5265 1128 5357 queritur
1179 5264 1313 5332 tatione
1334 5263 1484 5332 iudicari
1507 5278 1641 5355 potest,
1666 5266 1736 5338 nisi
1761 5262 1827 5334 hoc
1850 5270 1977 5337 ordine
2000 5273 2154 5362 proposi·

145 5363 249 5440 initio
273 5361 315 5431 de
340 5355 512 5447 Eschine,
538 5361 634 5453 quod
659 5385 734 5434 rem
754 5361 1015 5458 iniquissimam
1038 5367 1128 5458 petis
1180 5363 1319 5456 donum
1334 5363 1592 5438 animadverso.
1645 5365 1689 5435 ln
1704 5366 1908 5456 vulgaribus
1929 5372 2154 5442 concionibus
