4538 5754
153 225 227 305 ddi

157 405 302 500 quidem
317 413 561 495 praeceptum,
585 413 626 471 ut
641 398 727 492 quid
744 400 866 470 deceat
879 399 1141 470 animadverta-

155 528 236 577 mus
258 529 337 574 cum
362 504 402 572 in
424 517 496 573 tota
519 503 612 580 vita,
639 514 714 571 turn
740 526 822 571 vero
844 502 882 570 in
906 503 1059 572 dicendo
1083 501 1141 571 vel

156 607 308 679 maxime
328 605 536 698 requiritur.
587 603 770 696 Nusquam
796 603 891 673 enim
904 605 1026 692 ¹magis
1047 605 1142 673 lucet

155 710 345 791 decorum,
376 731 483 800 quam
508 706 743 787 indicendo,
772 730 851 774 cum
876 707 913 774 id
936 706 982 775 sit
1006 706 1140 798 praeci-

155 835 287 902 puum,
307 833 346 877 ac
362 808 556 878 inanimum
567 831 606 877 ac
621 807 873 876 difficillimum
897 830 1046 898 operum
1071 801 1141 875 hu·

153 935 343 981 manorum
360 910 533 981 omnium.

406 1075 473 1151 De
498 1082 591 1153 locis
616 1075 885 1151 communibus.

232 1215 394 1286 Breviter
408 1213 580 1305 complexi
595 1236 718 1283 sumus
732 1207 1019 1281 communissima
1037 1231 1138 1299 prae·

151 1334 249 1410 cepta
266 1320 310 1387 de
326 1318 550 1399 inventione,
576 1318 620 1384 de
637 1315 767 1406 quibus
783 1313 940 1404 ingentia
957 1311 1137 1380 volumina

152 1419 282 1491 Graeci
299 1432 586 1509 composuerunt.
626 1414 761 1486 Verum
779 1437 842 1504 ego
856 1437 930 1483 non
945 1414 1138 1481 admodum

150 1545 241 1615 opus
254 1544 329 1591 esse
344 1521 567 1611 longioribus
584 1517 777 1609 praeceptis
791 1519 830 1585 in
846 1511 911 1585 hac
927 1530 1024 1606 parte
1042 1513 1139 1583 iudi-

150 1624 218 1696 cio.
270 1623 362 1692 Nam
381 1624 439 1693 via
454 1624 606 1715 quadarn
621 1620 780 1708 cognita,
805 1632 924 1709 postea
940 1639 996 1684 res
1009 1640 1083 1683 non
1099 1616 1137 1681 in

114 1724 283 1795 ‘tibattts
305 1719 494 1794 rhetoricis
521 1725 741 1816 quaerendae
770 1734 893 1802 erunt,
930 1721 991 1787 sed
1019 1731 1136 1786 tuma

386 208 597 302 sontem
623 226 701 305 ru.
726 225 844 303 uun
871 226 939 305 to
963 224 1096 301 tuor.
1120 224 1267 304 Ριιοι.
1293 225 1364 307 ur
1384 229 1580 308 runos.
1608 235 1930 315 secernunt.

2100 241 2177 321 ὁδί

1192 400 1396 489 gubernari.
1454 403 1526 476 Sed
1548 427 1728 479 sumemus
1757 414 1916 504 exempla
1943 413 1989 484 ab
2013 413 2178 507 ecclesia·

1191 501 1287 573 sticis
1317 505 1569 592 concionibus,
1601 532 1691 601 quae
1720 538 1864 605 prorsus
1894 515 2031 585 ociosae
2059 529 2178 603 erunt,

1192 604 1263 673 nisi
1278 607 1322 674 sd
1340 608 1455 696 praeci
1459 631 1549 700 puos
1562 609 1658 682 locos
1672 615 1855 685 doctrinae
1870 613 2096 688 Christianae
2119 641 2177 688 re-

1191 705 1361 778 ferantur.
1403 707 1442 779 si
1457 710 1538 802 quis
1552 727 1694 782 enarret
1708 709 1892 788 historiam
1905 717 2067 803 Davidis,
2082 742 2177 811 quo·

1192 808 1299 877 modo
1317 823 1463 903 propter
1493 812 1687 883 admissum
1717 818 1931 887 adulterium
1954 843 1975 888 a
1995 817 2179 910 Propheta

1192 908 1401 998 obiurgatus
1413 912 1478 995 sit,
1500 913 1599 982 locus
1613 919 1812 988 communis
1832 921 1901 990 erit
1923 922 1968 988 de
1988 922 2177 1013 poeniteo·

1191 1010 1252 1079 tia.
1302 1008 1381 1081 ttoi
1395 1014 1490 1082 enim
1511 1028 1546 1085 et
1563 1016 1610 1085 de
1633 1018 1800 1089 adulterii
1819 1022 2043 1111 turpitudine
2064 1023 2177 1093 multa

1192 1111 1266 1181 dici
1288 1128 1453 1203 possunt,
1479 1129 1598 1185 tamen
1622 1119 1777 1191 delectus
1801 1117 2026 1192 adhibendus
2047 1137 2100 1193 est
2124 1123 2177 1193 lo-

1191 1236 1334 1298 corum,
1359 1229 1394 1286 et
1414 1220 1652 1308 excerpendos
1677 1221 1726 1311 is,
1752 1224 1814 1314 qui
1839 1224 1988 1292 maxime
2009 1227 2176 1315 proprius

1191 1330 1243 1385 est
1265 1316 1446 1385 doctrinae
1461 1314 1696 1390 Christianae.
1745 1321 1860 1393 Porro
1882 1325 1920 1392 in
1937 1320 2004 1393 hac
2014 1320 2176 1408 historia,

1190 1439 1314 1485 omnes
1331 1419 1567 1507 poenitentiae
1584 1434 1717 1510 partes,
1748 1425 1885 1513 egregie
1901 1426 2061 1516 depictae
2081 1441 2175 1496 sunt

1190 1512 1306 1587 Habet
1323 1518 1419 1588 enirn
1435 1544 1509 1590 non
1525 1522 1640 1591 solum
1657 1525 1962 1614 obiurgationem,
1987 1529 2047 1596 sed
2066 1531 2174 1597 etiam

1189 1619 1468 1708 absolutionem,
1492 1646 1598 1715 quam
1615 1623 1653 1692 in
1670 1627 1777 1696 sacris
1802 1621 1962 1698 historiis
1986 1629 2175 1720 praecipue

1189 1735 1364 1812 quaerunt
1396 1724 1475 1814 piae
1505 1737 1651 1799 mentes.
1709 1723 1762 1796 Ac
1788 1724 1952 1799 Christos
1973 1729 2049 1820 ipse
2073 1731 2175 1800 docet

1188 1845 1254 1891 nos
1270 1816 1337 1891 hoc
1349 1825 1556 1909 artificium,
1579 1828 1642 1918 qui
1658 1851 1759 1919 saepe
1777 1831 1943 1898 transfert
1959 1826 2174 1923 hypotheses

150 1826 332 1897 communi
347 1826 552 1916 prudentia,
577 1837 653 1895 tum
675 1848 715 1892 ex
735 1823 816 1892 aliis
836 1821 972 1890 artibus
993 1841 1137 1887 sumen-

1188 1924 1233 1991 ad
1263 1919 1395 2010 theses,
1427 1939 1467 1996 nt
1487 1951 1568 1995 cum
1595 1944 1737 2001 excusat
1757 1927 1950 2019 Apostolos
1973 1934 2018 1998 de
2041 1933 2174 2001 violata

150 1932 225 1998 dae.
282 1923 425 1998 Etenim
454 1923 540 1996 haec
563 1939 748 2018 praecepta
772 1947 846 1993 non
871 1936 940 1992 tam
965 1925 1010 1989 ad
1035 1920 1132 1987 inve·

148 2030 320 2098 niendnm
336 2031 560 2107 conducunt,
583 2052 688 2121 quam
705 2028 747 2095 ad
765 2026 967 2114 eligendum
994 2022 1134 2101 idonea,
1187 2023 1377 2094 traditione
1393 2021 1677 2115 Pharisaeorum,
1702 2031 1828 2122 incipit
1841 2032 1879 2099 in
1895 2054 2021 2119 genere
2038 2034 2084 2102 de
2102 2047 2174 2102 tra·

148 2154 228 2201 cum
247 2152 303 2200 res
319 2155 360 2199 ex
376 2131 456 2199 aliis
472 2130 607 2200 artibus
620 2130 830 2199 offeruntur.
879 2122 1031 2208 Deinde,
1053 2146 1132 2191 cum
1187 2125 1384 2197 ditionibus
1400 2128 1473 2196 illis
1488 2131 1705 2205 concionari.
1748 2128 1838 2203 Cum
1857 2133 2014 2203 adfertur
2028 2135 2073 2202 ad
2090 2158 2172 2204 eum

147 2231 298 2302 imitatio
316 2231 428 2320 magis
446 2233 572 2302 efficiat
587 2231 915 2321 eloquentes-quam
931 2249 1006 2315 ars,
1033 2247 1132 2316 prac—
1187 2221 1335 2297 historia
1359 2232 1404 2298 de
1427 2231 1635 2303 crudelitate
1659 2229 1785 2318 Pilati,
1817 2235 2060 2323 gravissimam
2086 2260 2173 2304 con·

147 2348 247 2425 cepta
264 2336 456 2404 traduntur
479 2332 763 2402 adolescentibus
784 2332 829 2398 ad
852 2324 940 2411 hoc,
965 2339 1006 2398 ut
1029 2327 1131 2395 ediu-
1185 2328 1324 2397 cionem
1339 2325 1443 2401 habet
1465 2333 1509 2400 de
1532 2333 1768 2424 poenitentia,
1792 2333 1910 2404 Lucae
1938 2337 1995 2408 ts,
2054 2332 2173 2405 Adhi-

146 2448 232 2506 vent
247 2458 307 2503 eos
322 2436 361 2502 in
376 2435 533 2525 legendis
548 2431 1021 2513 orationibusdisertorum,
1049 2426 1130 2520 quia
1185 2429 1316 2499 bentur
1338 2447 1455 2501 autem
1480 2433 1549 2502 loci
1571 2458 1793 2520 commones,
1819 2439 1917 2505 etad
1943 2438 2170 2527 probandum

147 2549 242 2606 aetas
257 2537 318 2605 illa
332 2560 407 2606 non
424 2550 535 2629 potest
552 2536 676 2623 longas
692 2556 811 2603 causas
834 2532 954 2601 animo
978 2529 1130 2620 comple·
1184 2543 1218 2598 et
1233 2531 1278 2598 ad
1293 2534 1591 2623 amplificandum.
1623 2532 1768 2605 Etenim
1783 2538 1856 2606 fere
1873 2538 2025 2607 inomni
2041 2542 2171 2631 proba·

146 2637 214 2722 cti,
239 2637 311 2707 nisi
328 2660 383 2706 res
394 2655 432 2729 ,et
449 2650 655 2726 arguments
673 2634 777 2706 certis
791 2634 897 2712 locis,
923 2632 1023 2724 quasi
1038 2630 1131 2700 notis
1184 2630 1300 2714 tione,
1332 2633 1446 2702 maior
1468 2634 1625 2705 nascitur
1652 2661 1692 2705 ex
1724 2639 1844 2731 aliqqo
1871 2641 2053 2708 communi
2080 2642 2172 2713 loco.

146 2738 405 2810 discernantur.
472 2739 655 2808 Addemus
683 2751 799 2808 autem
835 2735 879 2804 ad
915 2732 1131 2803 inventionis
1186 2728 1501 2825 ldquediligenter
1515 2736 1703 2807 observent
1716 2740 1878 2819 studiosi,
1900 2755 1939 2809 ut
1955 2743 2081 2822 sciant,
2106 2742 2170 2812 ubi

144 2855 447 2933 praeceptionum
457 2843 552 2934 quod
563 2832 948 2910 maximamvimhabet
961 2836 998 2903 in
1014 2834 1129 2903 omni·
1184 2835 1230 2903 sit
1246 2857 1330 2903 usus
1345 2835 1503 2906 locorum
1527 2841 1789 2924 communium,
1815 2864 1905 2932 quos
1927 2843 1989 2935 qui
2010 2844 2171 2934 pruden-

146 2943 215 3015 bus
256 2944 574 3034 disputationibus,
615 2941 882 3024 videlicetwut
915 2932 1129 3031 hypothesin
1184 2947 1238 3004 ter
1253 2935 1366 3024 eligit,
1392 2939 1422 3006 is
1443 2941 1585 3009 demum
1611 2941 1741 3031 poterit
1764 2956 1797 3011 et
1816 2938 1863 3012 ad
1885 2937 1994 3014 κοινὰ
2019 2950 2170 3031 καινῶς,

145 3044 398 3117 transferamus
413 3049 456 3115 ad
475 3042 604 3115 thesin.
657 3042 797 3112 Vocant
813 3055 930 3110 antem
956 3035 1130 3134 hypothe-
1183 3060 1263 3106 cum
1282 3039 1396 3124 volet,
1422 3054 1457 3111 et
1473 3044 1569 3133 quod
1582 3039 1764 3112 difficilius
1780 3057 1830 3112 cst
1845 3039 1892 3113 τὰ
1908 3039 2020 3115 καινὰ
2035 3052 2169 3128 κοινῶς

145 3147 220 3231 sin,
252 3148 437 3238 negocium
460 3150 505 3216 de
528 3171 600 3238 quo
618 3143 859 3216 controversia
884 3153 953 3226 est,
978 3141 1130 3211 circom—
1185 3151 1347 3210 tractare.
1398 3139 1450 3212 Ac
1466 3167 1554 3212 voco
1570 3143 1666 3213 locos
1680 3169 1906 3230 communes,
1932 3170 2006 3214 non
2027 3161 2168 3218 tantum

144 3249 315 3339 scriptum
329 3248 614 3327 circumstantiis,
640 3261 701 3336 ut,
727 3246 819 3315 sitne
833 3244 968 3314 bellum
984 3264 1130 3310 moven-
1184 3240 1332 3310 virtutes
1356 3255 1390 3310 et
1411 3243 1521 3327 vicia,
1554 3246 1677 3314 sedin
1699 3247 1799 3313 omni
1828 3247 2010 3318 doctrinae
2039 3270 2167 3337 genere

144 3351 413 3419 dumadversus
431 3347 579 3419 Turcas.
630 3343 913 3416 Thesinvocant
932 3343 1128 3432 generalem
1184 3342 1370 3432 praecipua
1393 3344 1525 3434 capita,
1556 3369 1646 3437 quae
1668 3348 1784 3417 fontes
1816 3363 1851 3417 et
1882 3372 2054 3417 summam
2083 3353 2167 3422 artis

144 3448 407 3542 quaestionem,
433 3463 491 3529 ut,
512 3451 664 3518 liceatne
673 3444 877 3519 Christiano
893 3445 985 3514 bella
999 3468 1129 3533 gerere.
1183 3443 1377 3517 continent.
1422 3445 1546 3539 Neque
1560 3461 1678 3517 tamen
1694 3449 1860 3519 omnibus
1874 3451 2008 3543 ubique
2020 3453 2167 3525 utimur.

144 3549 264 3623 Facile
295 3563 413 3621 autem
448 3552 605 3621 iudicare
632 3563 764 3640 potest,
797 3572 881 3618 cum
907 3548 951 3616 de
978 3545 1129 3617 Turcico
1182 3541 1251 3613 Sed
1269 3547 1513 3640 unusquisque
1530 3550 1615 3619 sciat
1628 3574 1664 3618 se
1680 3551 1807 3620 debere
1823 3574 1907 3620 suae
1930 3553 2037 3636 artis,
2065 3577 2168 3643 prae-

144 3651 239 3723 hello
260 3651 451 3722 dicendum
472 3667 543 3738 est,
577 3650 698 3722 omnia
728 3649 888 3744 pleniora
911 3662 1019 3743 atque
1043 3650 1127 3718 ube·
1182 3645 1305 3737 cipuos
1319 3645 1416 3716 locos
1431 3661 1561 3732 tenere,
1578 3665 1619 3722 ut
1631 3676 1710 3719 com
1727 3653 1845 3745 aliqua
1860 3654 1903 3721 de
1920 3678 1959 3723 re
1974 3654 2165 3725 dicendum

143 3752 350 3839 riorafore,
369 3754 564 3848 siaspecie
579 3757 745 3844 adgenus
757 3752 872 3824 oratio
887 3753 1130 3832 transferatur,
1182 3747 1266 3830 erit,
1287 3749 1405 3819 statim
1421 3751 1762 3821 offerantseidonei
1780 3754 1879 3826 loci(
1914 3754 2072 3843 Quidam
2098 3781 2165 3848 pu-

143 3867 178 3924 et
195 3856 240 3924 de
255 3856 476 3944 magistratus
490 3857 626 3943 officio,
652 3857 807 3926 debello
829 3854 866 3923 in
884 3876 1011 3943 genere
1032 3853 1129 3921 dica·
1182 3860 1258 3919 tant
1273 3871 1309 3919 se
1324 3850 1421 3919 locos
1435 3876 1639 3923 communes
1655 3867 1792 3940 tenere,
1814 3879 1896 3925 cnm
1913 3860 1958 3925 de
1978 3858 2088 3928 variis
2109 3880 2165 3927 re-

143 3970 219 4041 tur,
250 3958 505 4049 quampiam,
539 3982 645 4052 quam
671 3973 831 4028 sanctum
852 3955 1007 4026 officium
1031 3975 1130 4043 reges
1181 3950 1247 4019 bns
1273 3966 1493 4023 coacervatas
1517 3957 1707 4026 sententias
1732 3952 1883 4040 habent,
1921 3982 2010 4052 quas
2034 3960 2165 4049 passim

141 4058 292 4142 faciant,
321 4058 353 4128 si
375 4054 439 4129 has
464 4072 586 4148 gentes
610 4060 784 4130 divinitus
814 4058 973 4149 ipsorum
1001 4056 1129 4126 tutelae
1182 4074 1223 4119 ex
1236 4052 1351 4143 postis
1369 4068 1404 4123 et
1417 4058 1617 4127 oratoribus
1633 4074 1892 4149 excerpserunt.
1944 4057 1992 4130 Et
2006 4061 2090 4154 quia
2107 4060 2165 4130 iu-

140 4159 361 4241 commissas,
394 4162 563 4231 adversus
591 4159 784 4230 Turcicum
811 4157 1038 4230 latrocinium
1068 4157 1129 4225 de·
1181 4153 1302 4226 dicant
1318 4150 1411 4224 hanc
1435 4159 1735 4228 coacervationem
1758 4161 1952 4250 insignium
1977 4162 2165 4244 dictorum,

142 4262 300 4334 fendant.
353 4259 431 4333 Hoc
452 4262 676 4355 praecipiunt
696 4263 792 4353 apud
816 4260 1027 4333 Ciceronem
1051 4256 1131 4330 An·
1182 4257 1368 4345 perfectam
1392 4282 1465 4328 esse
1492 4261 1712 4350 doctrinam,
1747 4257 1841 4329 nihil
1866 4258 1998 4331 habent
2021 4262 2163 4331 consilii

143 4363 265 4433 tonius
281 4377 314 4434 et
326 4360 482 4448 Crassus,
508 4378 548 4435 ut
564 4363 840 4444 consideremus,
865 4362 929 4456 qni
946 4361 1017 4432 loci
1031 4385 1128 4430 com-
1180 4357 1220 4425 in
1243 4358 1400 4447 legendis
1419 4361 1625 4446 autoribus,
1651 4361 1722 4430 nisi
1744 4376 1784 4433 ot
1804 4363 1889 4431 inde
1912 4378 2082 4457 tanquam
2096 4364 2166 4434 flo-

142 4486 268 4534 munes
284 4461 452 4538 haereant
466 4468 504 4535 in
519 4489 643 4546 carrea,
669 4489 823 4557 qnorum
839 4465 903 4534 slii
917 4477 1026 4536 totam
1045 4486 1128 4532 cau-
1180 4480 1253 4544 res,
1279 4462 1373 4531 dicta
1393 4463 1568 4554 quaedam
1594 4464 1795 4555 decerpant.
1850 4463 1998 4534 interim
2024 4467 2162 4536 nullam

143 4584 217 4633 um
232 4565 435 4654 continent,
462 4569 500 4638 in
520 4568 651 4661 quibus
665 4562 773 4637 thesis
787 4580 966 4645 vereatur,
991 4564 1052 4632 alii
1071 4563 1129 4633 in·
1179 4573 1288 4631 artem
1314 4565 1468 4655 perfecte
1490 4565 1651 4649 discunt,
1684 4566 1825 4635 nullum
1849 4567 2021 4657 scriptum
2047 4582 2163 4639 toturn

142 4665 272 4738 ciduut
284 4666 411 4742 obiter.
458 4669 512 4741 Ac
526 4666 728 4752 thesisilla,
752 4692 833 4738 com
849 4662 956 4736 habet
973 4664 1128 4756 peculia·
1179 4663 1401 4754 intelligunt,
1426 4688 1602 4759 nusquam
1621 4679 1736 4736 totum
1754 4668 1930 4737 orationis
1942 4691 2052 4758 genus
2075 4693 2165 4739 con·

143 4790 218 4837 rem
242 4768 423 4838 interdum
448 4772 486 4840 in
512 4772 675 4841 oratione
697 4772 831 4849 locum,
866 4780 941 4840 tum
963 4766 1071 4836 verba
1093 4779 1128 4837 et
1178 4764 1348 4839 siderant.
1395 4764 1475 4838 Hoc
1487 4768 1645 4837 studium
1663 4766 1823 4855 exiguam
1839 4764 1946 4840 habet
1960 4772 2166 4854 utilitatem,

142 4868 335 4939 sententias
354 4871 468 4960 gignit
492 4873 530 4941 in
557 4873 725 4944 omnibus
755 4872 914 4963 partibus
942 4867 1127 4940 orationis.
1179 4880 1214 4937 et
1232 4863 1302 4937 hoc
1323 4870 1469 4939 nomine
1488 4868 1684 4960 plurimum
1706 4883 1829 4949 nocet,
1862 4873 1946 4964 quia
1970 4872 2010 4940 in
2034 4872 2170 4954 stultis,

142 4966 191 5039 Et
204 4985 343 5060 praeter
356 4967 449 5042 hanc
463 4974 748 5046 variealluditur
762 4977 805 5043 ad
820 4973 910 5043 alios
924 4972 1039 5050 locos,
1065 4970 1131 5060 qui
1178 4970 1361 5040 doctrinae
1382 4970 1648 5063 persuasionem
1662 4970 1777 5061 parit,
1800 4996 1870 5063 qua
1892 4969 1985 5042 nihil
2008 4989 2060 5045 est
2081 4997 2165 5065 per-

140 5070 259 5147 ohiter
278 5072 462 5156 incidunt,
486 5088 547 5159 ot,
571 5072 696 5159 Cicero
710 5101 776 5169 pro
790 5074 947 5164 Milone,
975 5097 1055 5142 curn
1070 5072 1127 5139 di·
1177 5070 1358 5142 niciosius.
1388 5097 1391 5103 ·
1416 5071 1608 5142 Sciendum
1634 5085 1685 5141 est
1708 5072 1835 5161 igitur,
1866 5073 1916 5143 ita
1942 5074 2037 5143 locos
2064 5098 2163 5144 corn-

143 5171 193 5245 cit
206 5169 374 5247 Clodium
390 5172 468 5246 Deo
481 5191 628 5266 propter
638 5179 787 5248 violatas
806 5176 1018 5267 religiones,
1041 5197 1128 5264 poe·
1177 5196 1302 5243 munes
1323 5186 1415 5243 recte
1435 5172 1618 5262 cognosci,
1652 5174 1803 5245 siartes
1832 5174 1931 5257 illae,
1961 5177 2000 5244 in
2030 5177 2164 5269 quibos

142 5297 208 5345 nas
218 5275 377 5358 dedisse,
397 5277 525 5348 alludit
538 5279 584 5347 ad
599 5279 717 5348 locum
729 5299 973 5362 communem,
996 5288 1031 5345 et
1046 5276 1128 5345 bre-
1176 5284 1380 5359 venantur,
1403 5275 1557 5366 perfecte
1572 5276 1733 5365 cognitae
1746 5277 1892 5346 fuerint.
1943 5272 1991 5347 Et
2006 5292 2047 5349 ut
2063 5278 2164 5346 locos

142 5377 235 5457 riter
251 5379 379 5474 probat
394 5376 509 5468 Deum
529 5401 622 5467 esee,
646 5392 683 5452 et
696 5374 794 5453 hunc
809 5381 986 5453 usandum
1006 5372 1133 5453 aDutt·
1176 5396 1382 5450 mmmm
1411 5388 1497 5468 epte
1517 5376 1704 5449 incensis
1733 5375 1950 5449 intertexere
1973 5377 2165 5469 possimus,
