4538 5754
168 146 289 288 ras(
394 202 605 286 scauro
630 205 708 282 ru
733 200 1579 290 unn.snu1sr.enor.ureuu0s.
1610 206 1934 288 sencraurn.
2039 152 2042 161 ⁸
2112 214 2204 293 usa

320 380 452 454 Paulus
467 382 566 453 iubet
581 402 719 466 cavere,
744 402 790 450 ne
805 403 870 474 per
887 375 1150 474 philosophiam
1202 380 1329 468 mittit,
1354 394 1412 468 ut,
1435 403 1515 453 cum
1535 381 1668 454 dicitur
1681 383 1769 476 piis,
1793 408 1841 456 ne
1853 400 2009 458 metuam
2025 370 2176 474 mdrtem,

369 483 599 578 decipiamur,
944 546 947 561 ,
1200 477 1288 553 hinc
1312 507 1386 552 non
1407 484 1588 578 sequitur,
1613 498 1762 557 mortem
1779 509 1854 556 nou
1870 511 1944 558 esse
1959 513 2033 559 rem
2049 488 2175 561 tristem

323 586 436 679 lgitur
454 580 681 679 philosophia
698 595 750 656 est
763 583 869 659 mala.
1200 596 1235 655 et
1249 605 1400 656 saevam.
1441 583 1513 657 Sed
1526 584 1682 656 inversio
1694 600 1758 673 est,
1783 612 1874 682 qnae
1887 604 2034 662 vocatur
2043 583 2175 687 βίαιον,

268 686 366 780 Nego
387 688 696 780 consequentiam,
720 685 805 780 quia
826 685 942 756 bonae
961 686 1012 756 rei
1035 696 1152 777 potest
1198 684 1282 757 ideo
1308 684 1531 778 promittitur
1557 687 1770 775 consolatio,
1807 691 1892 785 quia
1924 715 2022 763 mors
2050 692 2175 765 malum

168 816 240 863 esse
255 789 442 883 multiplex
457 791 607 875 abusus,
630 810 697 858 nec
709 801 828 859 umen
844 808 900 857 res
913 786 989 878 ipsa
1002 787 1151 858 unirer·
1199 799 1264 862 est.
1314 786 1367 859 lta
1388 785 1649 863 Lucae210de
1672 789 1783 881 signis
1804 792 1953 864 dicitnr:
1984 791 2085 866 Haec
2105 814 2176 866 cun

167 893 286 968 salitcr
315 892 517 962 damnanda
544 904 612 977 est,
642 888 729 960 Non
759 889 904 962 damnat
925 886 1057 960 Paulus
1087 889 1150 959 de·
1199 886 1304 975 bent,
1328 890 1593 987 appropinquat
1612 891 1776 963 liberatio
1798 895 1924 980 vestri,
1950 896 2014 967 ubi
2036 919 2112 966 non
2126 894 2175 982 ait,

118 1051 123 1063 .
165 994 462 1078 monstrationes,
488 1014 579 1086 qnae
601 1006 685 1064 snnt
706 990 836 1083 ceritas
855 989 1030 1061 divinitus
1044 1014 1150 1061 mon-
1199 989 1279 1059 illas
1307 991 1467 1082 ingentes
1493 991 1719 1065 confusiones
1746 994 1892 1083 mundi,
1923 1020 1999 1069 non
2029 1020 2105 1069 esse
2128 1019 2174 1069 res

164 1110 290 1181 strata,
314 1109 356 1167 nt
376 1094 417 1162 in
432 1088 686 1180 Arithmetica,
712 1106 746 1164 et
767 1090 866 1163 alibi.
916 1090 987 1164 Sed
1004 1094 1150 1165 damnat
1197 1091 1326 1179 malas,
1360 1095 1421 1163 sed
1451 1095 1627 1186 promittit
1648 1095 1753 1165 nobis
1775 1096 2034 1169 liberationem.
2102 1095 2177 1193 Non

165 1201 335 1283 abusum,
356 1210 397 1268 ut
417 1219 498 1267 cum
522 1194 683 1266 doctrina
700 1193 860 1265 coelestis
876 1193 1150 1266 transformatur
1198 1193 1327 1263 addam
1348 1195 1451 1287 plura
1467 1197 1647 1288 exempla,
1672 1220 1757 1267 narn
1770 1199 2006 1271 consideratio
2024 1223 2174 1271 commu·

125 1344 128 1348 ·
164 1303 205 1371 in
230 1291 511 1392 philosophiam,
535 1309 577 1367 nt
597 1296 701 1368 multi
724 1296 817 1365 male
837 1295 1074 1368 confuderunt
1089 1320 1148 1386 ge-
1197 1293 1255 1363 nis
1279 1294 1372 1367 vitae
1391 1299 1548 1368 ostendit
1567 1298 1679 1370 multa
1702 1299 1874 1393 qnotidie.
1927 1299 2109 1374 Usitatum
2131 1292 2177 1373 ιιι

148 1424 252 1473 ¹nera
276 1399 530 1473 doctrinarum.
591 1395 686 1470 Novi
710 1398 891 1469 doctorem
917 1394 1149 1488 Theologiae,
1198 1394 1295 1465 enim
1315 1398 1472 1488 negociis
1491 1399 1633 1470 iniustis
1648 1402 1821 1492 speciosas
1836 1423 1956 1487 causas
1971 1417 2175 1495 praetexere,

164 1503 228 1599 qui
256 1501 413 1588 dicebat,
446 1501 552 1571 etiam
583 1499 722 1571 amissis
751 1499 852 1570 libris
876 1494 1092 1590 propheticis
1114 1514 1149 1572 et
1198 1519 1286 1590 quas
1314 1515 1418 1573 vocat
1439 1497 1670 1596 Thucydides
1699 1506 1825 1598 σχῆμα
1846 1498 2035 1577 πολιτικὸν
2058 1498 2176 1604 λόγου.

162 1603 383 1698 apostolicis,
408 1601 492 1674 satis
513 1602 632 1672 doceri
655 1622 758 1695 posse
769 1597 965 1671 Ecclesiam
985 1625 1027 1671 ex
1041 1598 1147 1675 Echi.
1196 1594 1246 1669 Et
1257 1603 1353 1691 apud
1368 1596 1582 1693 Sophoclem
1598 1605 1761 1697 queritur
1774 1600 1937 1697 Oedipus
1950 1607 2099 1679 insidias
2114 1607 2176 1680 sihi
2202 1616 2204 1625 ‘

163 1708 213 1779 cis
228 1704 441 1777 Aristotelis.
491 1700 610 1775 Huius
625 1702 799 1775 sermonis
815 1702 945 1773 multos
961 1704 1148 1775 nominare
1196 1701 1286 1772 strui
1310 1702 1479 1774 mollibus
1501 1704 1636 1774 verbis:
1661 1701 1710 1778 τὰ
1734 1702 1874 1802 σκληρὰ
1894 1709 2105 1800 μαλθακῶς
2126 1703 2176 1781 λέ·

163 1822 267 1883 testes
297 1828 459 1899 possum,
490 1828 595 1899 quem
626 1805 772 1900 quidem
799 1805 896 1874 bono
924 1818 961 1876 et
992 1806 1146 1900 simplici
1195 1826 1282 1900 yetc.
1345 1800 1531 1876 Caeterum
1558 1806 1598 1875 in
1629 1808 1784 1899 negociis
1814 1804 1972 1882 honestis
2000 1813 2180 1890 interdurn,

163 1909 281 1983 studio
304 1909 433 1993 recito,
465 1920 506 1978 ut
527 1907 766 1977 adolescentes
788 1907 964 1997 cogitent,
994 1923 1148 2001 quantae
1194 1904 1395 1976 molliorem
1417 1920 1480 1978 aut
1501 1907 1782 1996 plausibiliorem
1807 1933 1946 1981 eausam
1965 1916 2174 2007 quaerimus,

162 2015 201 2082 in
215 2008 347 2083 scholis
360 2010 525 2081 tenebrae
538 2007 685 2096 luerint,
710 2008 794 2102 quia
810 2008 958 2099 plurimi
973 2011 1147 2102 putabant
1196 2006 1416 2080 dissimulata
1448 2009 1603 2092 verim,
1636 2035 1726 2106 quae
1755 2024 1875 2082 lamen
1902 2014 2019 2087 fuerat
2047 2017 2176 2090 odiost·

161 2111 397 2205 Evangelium
421 2123 561 2182 tantum
585 2133 658 2181 esse
680 2109 880 2182 doctrinam
897 2109 1002 2201 legis,
1026 2126 1067 2183 ut
1082 2138 1145 2183 vo·
1195 2104 1292 2180 Haec
1311 2111 1423 2202 ligura
1444 2110 1575 2182 dicitur
1596 2112 1781 2185 translatio
1803 2113 1842 2183 in
1863 2109 2069 2204 rhetoricis,
2094 2118 2176 2191 ntsi

162 2239 302 2301 camus,
326 2237 388 2285 seu
414 2224 597 2305 praecepta
620 2213 665 2282 de
683 2211 864 2295 moribus,
886 2234 952 2281 nec
967 2210 1146 2284 discerne·
1196 2209 1276 2302 quis
1298 2225 1420 2283 utatur
1440 2213 1665 2284 excusatione
1683 2216 1913 2302 valetudinis,
1947 2221 2094 2291 eumad
2117 2244 2174 2292 ne-

153 2307 248 2389 bant
280 2315 530 2409 promissiones
559 2314 604 2383 dc
631 2310 849 2398 Mediatore,
882 2325 918 2383 et
949 2331 1144 2408 praecepta.
1195 2312 1334 2402 gocium
1352 2314 1515 2384 odiosum
1532 2316 1650 2387 noluit
1664 2319 1846 2402 accedere,
1866 2330 1899 2388 et
1915 2316 2039 2392 inhoc
2053 2344 2175 2412 genere

159 2418 233 2490 Nec
252 2440 315 2508 ego
332 2413 471 2488 ethicen
493 2413 641 2499 abiicio,
665 2436 773 2506 quam
798 2426 831 2484 et
854 2437 955 2501 amo,
981 2429 1015 2486 et
1029 2413 1145 2489 hone.
1194 2437 1269 2482 non
1289 2415 1404 2486 solum
1427 2417 1635 2507 prudentia,
1661 2419 1846 2491 sedetiam
1860 2420 1973 2493 virtus
1988 2437 2040 2495 est
2055 2425 2174 2494 molis-

160 2532 233 2591 stae
255 2517 462 2608 disciplinae
484 2528 622 2608 partem
641 2536 714 2584 esse
728 2514 886 2598 affirmo,
912 2529 947 2587 et
963 2519 1008 2587 ad
1023 2522 1145 2590 mode-
1194 2514 1301 2585 simas
1322 2539 1440 2588 causas
1463 2542 1544 2587 cum
1570 2520 1721 2612 quadam
1739 2522 1972 2593 verecundiae
1987 2526 2104 2617 specie
2119 2552 2173 2595 cx-

158 2622 334 2692 rationem
356 2640 497 2687 morum
519 2617 622 2686 valde
646 2616 771 2687 utilem
794 2639 868 2687 esse
889 2616 1022 2695 iudico.
1073 2618 1144 2692 Sed
1194 2617 1357 2707 cogitare.
1409 2615 1544 2689 Verum
1563 2615 1651 2691 haec
1670 2621 1710 2689 in
1732 2623 1912 2692 communi
1930 2624 2002 2696 vita
2014 2628 2173 2697 couside-

159 2745 244 2793 suns
268 2720 313 2791 sit
334 2719 432 2788 locus
455 2712 606 2804 ethicae,
638 2740 704 2789 nec
727 2718 856 2790 obruat
877 2743 1000 2792 vocem
1020 2718 1144 2794 Evan.
1193 2720 1304 2788 tanda
1327 2733 1421 2795 sunt.
1489 2716 1664 2792 Demades
1686 2723 1918 2796 translatione
1938 2725 2072 2816 insigni
2095 2752 2173 2800 usus

116 2838 119 2842 ‘
160 2823 244 2916 gelli
260 2822 435 2919 prolatam
451 2843 492 2890 ex
506 2819 588 2893 sinu
603 2818 736 2892 aeterni
753 2820 875 2913 patris.
1194 2834 1265 2910 est,
1297 2845 1378 2892 cum
1400 2835 1640 2908 accusaretur,
1665 2825 1762 2918 qnod
1783 2825 1962 2898 decretum
1984 2828 2173 2922 scripsisset

794 2919 797 2925 ’
1193 2917 1451 3010 inhonestum,
1475 2924 2066 3018 depetendapaceabAlexandro.
2101 2926 2172 3002 Re·
2202 2976 2204 3007 ς

571 3011 722 3084 Aliud.
821 3063 830 3079 .
1193 3026 1344 3116 spondet
1366 3026 1482 3111 enirn,
1508 3048 1583 3096 non
1605 3047 1669 3097 suo
1687 3027 1797 3121 stylo,
1822 3029 1881 3099 sed
1899 3028 2095 3103 Alexandri
2112 3027 2173 3102 ha·
2202 3013 2204 3027 ¹

310 3132 421 3207 Multi
438 3134 640 3226 prolitentes
653 3128 910 3223 Evangelium,
934 3133 1053 3203 laxant
1071 3133 1142 3204 sre-
1192 3140 1245 3198 sta
1259 3122 1328 3198 hoc
1344 3128 1526 3200 decretum
1541 3127 1713 3221 scripturn
1730 3151 1813 3200 esse.

359 3260 447 3307 num
462 3234 581 3328 pravis
597 3233 862 3327 cupiditatibus,
949 3275 951 3280 ·

308 3332 406 3428 Ergo
422 3335 584 3406 doctrina
599 3348 652 3405 est
665 3334 770 3410 mala.
1606 3348 1760 3421 Aliud,

257 3434 356 3528 Nego
381 3435 688 3529 consequentiam,
714 3447 748 3505 et
771 3433 863 3505 ratio
888 3449 957 3523 est,
982 3439 1066 3531 quia
1089 3453 1142 3512 cst

155 3538 294 3612 fallacia
316 3537 512 3610 secundum
535 3557 611 3607 non
633 3557 773 3607 causam
788 3549 830 3607 ut
843 3559 995 3611 cansam.
1042 3538 1140 3613 Vitia

157 3639 253 3713 enim
284 3640 522 3733 prolessorum
541 3637 626 3709 'non
651 3660 671 3708 a
695 3636 876 3725 doctrina,
905 3641 968 3710 scd
992 3642 1038 3712 ab
1061 3642 1142 3714 aliis

157 3742 270 3816 causis
297 3740 475 3814 oriuntur.
539 3735 685 3810 Talium
708 3739 949 3832 exemplorum
975 3744 1140 3817 conside-

155 3845 295 3918 ratione
317 3843 357 3915 lit
375 3841 553 3913 illustrior
573 3841 736 3913 doctriua
759 3843 803 3911 de
825 3835 894 3913 hae
913 3842 1072 3928 fallacia,
1106 3861 1140 3918 et

155 3947 247 4018 ratio
278 3943 533 4037 conspicietur,
564 3965 674 4034 quare
702 3944 953 4036 consequentia
982 3970 1058 4017 non
1078 3971 1139 4018 co·

156 4042 320 4134 haereat,
345 4047 429 4140 qnia
450 4042 490 4112 iu
514 4045 741 4115 antecedente
761 4066 822 4114 seu
846 4046 1046 4135 praemissis
1064 4073 1139 4120 non

154 4150 303 4243 ponitur
320 4171 401 4218 vera
416 4167 519 4215 causa
532 4144 791 4230 conclusionis,
814 4158 857 4216 ut
872 4147 977 4238 vulgo
990 4150 1138 4222 dicitur:

1339 3478 1486 3553 Necesse
1514 3482 1626 3553 estin
1647 3480 1879 3552 conversione
1901 3478 2091 3556 hominum
2112 3508 2173 3556 seu

1393 3582 1628 3674 poenitentia,
1654 3579 1816 3652 inchoari
1831 3607 1960 3654 novam
1980 3587 2175 3672 oboedien-

1391 3685 1497 3765 tiam,
1524 3697 1558 3754 et
1571 3684 1646 3753 lieri
1661 3706 1768 3774 opera
1782 3707 1802 3753 a
1818 3680 1895 3754 Deo
1910 3702 2107 3779 praecepta,

1340 3781 1436 3876 Ergo
1464 3779 1552 3855 haec
1583 3809 1691 3876 opera
1717 3800 1898 3858 merentur
1930 3787 2172 3860 reneissionem

1390 3887 1525 3978 cnlpae.

1270 3984 1274 3992 ¹
1291 4001 1389 4093 Nego
1404 4002 1707 4097 consequentiam,
1733 4003 1815 4095 quia
1829 4002 1965 4073 fallacia
1982 4010 2035 4076 est
2047 4029 2174 4078 secun-

1188 4107 1274 4176 dum
1301 4129 1376 4177 non
1408 4127 1547 4176 eausam
1561 4117 1614 4191 ,ιιι
1634 4125 1787 4176 cansam.
1846 4102 1946 4175 Nova
1969 4107 2173 4179 obedientia

1188 4207 1383 4277 necessaria
1412 4219 1483 4291 cst,
1520 4206 1602 4300 quia
1624 4203 1702 4276 Deo
1727 4206 1895 4286 debetur,
1928 4230 1995 4276 nec
2015 4221 2070 4279 est
2092 4233 2174 4301 pre-

305 4247 459 4320 Bsculus
477 4256 544 4318 stat
563 4245 601 4314 in
616 4247 760 4335 angulo,
1208 4308 1218 4328 ‚
1436 4309 1449 4377 1
1533 4309 1632 4381 ,δρᾶ
1709 4303 1778 4376 FT
1817 4307 1888 4377 D.
1947 4307 1955 4324 .

307 4346 404 4444 Ergo
419 4348 532 4421 lulius
546 4347 664 4418 vince,
681 4344 903 4439 pompeium·
1076 4430 1078 4434 Ι
1188 4333 1282 4380 erum
1303 4332 1369 4401 pro
1391 4332 1509 4428 eupa.
1650 4320 1695 4426 nt
1739 4332 1803 4377 ιιο
1857 4305 2174 4481 ιιοιιώιιιιιιιιάιιο,

253 4451 324 4525 ¹³³⁰
352 4453 393 4522 ⁵¹¹
421 4451 650 4524 ³³²000⁶²n²²
676 4450 942 4579 1’10‘⁸¹¹⁸.¹¹⁰¹¹⁸
964 4464 1015 4525 ⁶⁸¹
1036 4474 1140 4542 ‘⁸¹¹⁸‘
1187 4420 2173 4605 lt„''tt'’,itttfbltl‘tsslttttlt‘}cateth

154 4566 413 4648 (0118990θῦῑῦ
1186 4612 1249 4697 iis,
1275 4614 1339 4707 qui
1353 4615 1399 4684 ad
1413 4610 1530 4684 Deum
1546 4623 1813 4687 convertuntur.

569 4735 724 4814 Aliud.
1290 4745 1346 4818 Aa
1370 4741 1467 4817 hunc
1488 4744 1631 4820 titulum
1655 4745 1850 4816 secundum
1873 4766 1948 4813 uon
1970 4768 2113 4819 causam
2133 4766 2171 4822 ut

166 4876 174 4887 ·
304 4852 465 4947 Asignis
478 4856 569 4928 coeli
584 4858 698 4929 nolite
715 4857 852 4943 timere,
1187 4871 1326 4919 causam
1348 4849 1499 4941 pertinet
1521 4847 1627 4919 etiam
1644 4842 1877 4935 Perplexitas,
1902 4870 2009 4940 quam
2031 4847 2084 4921 sic
2107 4876 2171 4922 vo-

306 4958 421 5050 lgime-
434 4953 528 5028 nihi}
542 4959 627 5029 matt
641 4960 872 5034 denuncians,
1087 5025 1089 5029 ,
1186 4963 1289 5037 eant,
1319 4974 1400 5021 cum
1428 4948 1627 5020 contrariae
1648 4969 1772 5017 causae
1791 4946 1975 5038 implicant
1997 4949 2171 5036 animum,

254 5060 352 5151 Nego
375 5060 681 5154 consequentiam,
706 5061 790 5154 qnia
813 5053 980 5153 prohibet
1001 5056 1138 5143 timere,
1187 5075 1233 5122 ne
1260 5053 1370 5145 possit
1394 5053 1600 5124 alterutram
1626 5062 1761 5140 partem
1784 5047 1927 5138 eligere,
1958 5062 1998 5122 ut
2023 5051 2065 5120 in
2087 5075 2168 5126 essu

151 5187 227 5236 non
248 5163 333 5257 qnia
354 5155 450 5232 nihil
471 5162 556 5231 mali
579 5162 814 5247 denuncient,
839 5161 900 5231 sed
917 5153 1011 5229 hanc
1024 5159 1138 5252 ipsam
1186 5149 1347 5246 Iephtae,
1370 5177 1451 5225 cum
1461 5151 1619 5236 dubitat,
1642 5163 1764 5221 utrum
1778 5164 1862 5222 voto
1878 5164 2024 5241 cogatur
2040 5152 2169 5227 immo-

152 5269 200 5339 ob
230 5287 389 5351 eausam,
420 5263 505 5358 qnia
536 5286 616 5334 cum
638 5264 773 5334 mundo
797 5276 831 5334 et
852 5259 974 5355 impiis
992 5261 1140 5349 deunnf
1184 5255 1259 5326 lare
1270 5257 1391 5325 liliam.
1428 5251 1644 5347 Quanquam
1659 5266 1776 5324 autern
1790 5250 1969 5323 interdum
1982 5267 2069 5327 sunt
2082 5280 2168 5329 con·

151 5370 244 5444 cient
256 5349 407 5469 poenas,
429 5378 548 5438 tamen
561 5361 658 5438 Deus
673 5359 851 5437 Ecclesiae
863 5361 1036 5452 auxilinm
1049 5384 1136 5458 pro-
1183 5357 1313 5448 traciae
1326 5377 1470 5440 caune,
1493 5367 1612 5431 tamen
1629 5376 1705 5426 non
1718 5365 1801 5432 sunt
1818 5376 1928 5445 pares.
