4538 5754
88 277 150 361 tdd
672 271 699 343 l.
752 265 1161 343 COMMENTARIUS
1199 264 1248 336 ΙΝ
1284 257 1508 335 GENESIN.
1590 273 1604 284 ·
1930 258 1932 262 ‘
2028 255 2101 328 766

91 468 186 527 trare
203 462 270 521 etc.
324 445 393 517 Hic
418 464 500 517 usus
524 444 710 533 creationis
733 445 915 512 docetur‘e
934 441 1064 511 Hiere-
1115 460 1182 506 sno
1207 437 1286 504 loco
1313 433 1429 525 capite
1448 432 1554 503 tertio
1575 431 1744 505 dicemus.
1793 428 1979 501 Caeterum
2003 429 2104 499 fateri

88 555 146 627 uia
166 552 281 643 capite
296 550 424 644 quinto
442 561 476 615 et
490 545 638 615 decimo.
821 588 825 598 ·
993 571 995 577 ·
1118 560 1258 608 necesse
1272 547 1343 620 est,
1372 536 1519 604 eandem
1539 555 1615 601 esse
1630 535 1804 605 rationem
1830 530 1975 603 creandi
1996 546 2030 600 et
2048 557 2103 601 re-

178 651 361 725 Hacteuus
373 653 419 720 de
434 647 639 719 conditione
651 647 847 738 primorum
862 665 1065 734 corporum,
1115 639 1282 722 creandi,
1307 638 1368 707 sed
1392 631 1452 705 hic
1465 633 1586 706 Moses
1608 629 1676 705 hoc
1695 634 1919 726 potissimum
1944 635 2104 716 docebat,

88 780 173 835 tuuc
199 767 398 846 sequuntur
419 773 544 821 causae
566 773 629 819 cur
655 750 791 842 reliqua
812 747 957 816 condita
980 744 1065 815 sint.
1116 744 1217 835 quod·
1228 736 1423 831 Apostolus
1445 739 1510 807 eit:
1546 731 1681 807 Omnia
1704 760 1746 807 ex
1767 738 1864 827 ipso,
1887 736 2109 828 peripsum,

88 858 320 950 lieronymus
337 857 408 924 duo
424 848 587 921 Hebraea
603 853 743 923 dnobus
759 846 968 945 synonymis
980 847 1063 916 red·
1115 858 1155 914 et
1168 845 1206 913 in
1222 841 1300 933 ipso
1315 863 1407 925 esse,
1432 854 1473 911 ut
1489 839 1666 909 discamus
1681 839 1858 910 confidere
1873 839 1925 922 ei,
1955 838 2010 907 cni
2034 839 2104 906 sci»⁴

88 961 188 1039 tidie,
220 955 452 1049 Septuaginta
476 954 704 1045 interpretes,
738 950 930 1022 invisibilis
948 960 983 1017 et
1007 947 1064 1014 in-
1116 969 1195 1016 mus
1210 957 1389 1014 creaturas
1402 964 1508 1013 curae
1525 962 1611 1013 ease.

89 1061 285 1154 omposita:
319 1083 358 1127 ea
374 1056 546 1148 expositio
562 1056 714 1125 multum
731 1053 868 1144 negocii
889 1051 971 1121 iecit
986 1044 1063 1117 Aes
2014 1126 2016 1130 .

88 1165 233 1245 sustine:
275 1155 461 1243 Chaldaei,
491 1170 588 1227 vasta
612 1171 646 1226 et
670 1181 798 1237 vacua,
833 1153 1063 1248 quemadmo-
1259 1152 1430 1241 Spiritus
1451 1142 1655 1240 ferebatur
1679 1167 1796 1240 stapes·
1821 1167 1957 1241 aquus.

88 1273 160 1333 turn
188 1279 223 1333 et
248 1286 344 1330 nnnc
369 1259 491 1331 Iudaei
516 1273 715 1349 exponunt,
748 1271 782 1328 et
810 1279 873 1346 ego
898 1268 1062 1324 naturam

88 1391 203 1435 :ocum
229 1362 471 1433 Hebraeorum
503 1373 594 1430 recte
619 1361 720 1429 reddi
745 1359 877 1431 iudico.
929 1352 1063 1447 Estque

89 1467 270 1548 ententia,
303 1461 415 1533 Terra
432 1475 507 1533 erat
523 1474 635 1545 vasta,
663 1460 791 1545 idest,
818 1456 1064 1549 incomposita,

88 1569 237 1638 mmixta
261 1566 382 1658 aquis,
410 1564 614 1634 nullodum
638 1577 733 1633 certo
750 1563 829 1632 loco
851 1558 1063 1630 consistens:

88 1654 275 1750 lt‘vacus,
311 1666 348 1734 id
376 1679 446 1749 est,
478 1665 641 1735 nondum
669 1676 759 1734 tecta
791 1663 944 1754 plantis,
969 1654 1064 1728 nihil

1214 1297 1312 1373 Haec
1329 1302 1374 1371 de
1394 1301 1497 1397 aquis
1515 1300 1622 1391 dicit,
1649 1322 1738 1392 quas
1756 1301 1901 1395 abyssus
1924 1300 1984 1369 illa
2007 1282 2102 1376 intra

1116 1425 1153 1472 se
1168 1402 1385 1474 continebat.

1108 1558 1113 1573 .
1217 1506 1372 1596 Spiritus
1387 1500 1455 1574 Dei
1478 1504 1517 1572 in
1534 1503 1719 1594 scripturis
1744 1503 1919 1594 Spiritum
1943 1520 2103 1576 sanctum

1116 1606 1308 1697 significat,
1334 1608 1415 1676 ideo
1433 1630 1507 1675 nou
1529 1629 1743 1696 exponemus
1759 1611 1802 1674 de
1816 1608 1918 1691 ae‘re,
1936 1616 2026 1677 ''nam
2045 1614 2104 1676 aer

1115 1730 1207 1801 aqua
1224 1722 1293 1792 est,
1318 1722 1352 1778 et
1374 1732 1439 1800 pro
1458 1708 1655 1791 ferebatur,
1678 1709 1838 1792 fovebat,
1865 1709 1987 1798 legunt
2002 1708 2105 1779 Basi-

1115 1810 1197 1894 lius,
1220 1802 1434 1879 Ambrosins
1461 1822 1496 1880 et
1511 1805 1768 1902 Hieronymus,
1793 1825 1826 1878 et
1841 1809 1971 1905 Syrum
1988 1835 2104 1906 quen-

1115 1912 1197 1980 dam
1219 1924 1342 1981 testem
1368 1911 1453 1982 citat
1474 1907 1639 1980 Basilius.
1698 1907 1817 2003 Atque
1842 1913 1888 1980 ita
1920 1914 2013 1982 idem
2045 1910 2104 1981 hic
2195 1910 2202 1926 “

1116 2016 1281 2097 docetur,
1328 2014 1424 2106 quod
1462 2035 1585 2103 supra:
1644 2013 1948 2083 conservationem
1991 2040 2103 2107 aquae

88 1777 161 1843 tum
179 1771 337 1859 gignens.
368 1766 532 1837 Primum
548 1768 590 1834 ad
608 1778 722 1846 terrae
738 1765 885 1855 liguram
900 1762 1065 1855 pertinet,

88 1875 271 1949 ‚ectsndurn
289 1871 333 1937 ad
351 1870 423 1937 vim
442 1867 623 1958 gignendi.
670 1864 784 1938 Docet
800 1878 918 1936 autern
934 1862 1065 1943 Moses,

88 1977 173 2070 quod
189 1972 282 2041 sicut
298 1994 361 2061 per
377 1990 451 2040 sese
467 1968 564 2060 gigni
583 1990 726 2038 resnou
743 1980 909 2061 potuere,
936 1967 984 2036 ita
998 1986 1065 2033 nec

88 2102 140 2149 ’²¹'
161 2096 235 2145 ⁸²⁸²
257 2072 397 2162 P‘lfici’
431 2085 467 2141 ‘¹
491 2084 530 2141 ¹¹¹
555 2082 638 2141 ΜΘ
662 2071 706 2137 de
740 2070 947 2141 ⁶⁰¹¹dl¹i⁰¹¹⁰
971 2067 1064 2135 ‘fin'
1115 2092 1192 2185 non
1213 2127 1361 2185 naturae
1385 2124 1476 2194 esse,
1502 2114 1563 2182 sed
1588 2112 1743 2205 Spiritus
1766 2115 1877 2183 sancti
1900 2114 2103 2185 incubantis

1115 2239 1237 2309 aquae.
1291 2211 1338 2288 Et
1354 2210 1439 2286 haec
1457 2212 1631 2286 decausis
1651 2216 1875 2309 sequentium
1892 2241 2051 2310 operum.

88 2200 175 2260 uus,
207 2175 256 2245 ita
280 2196 377 2243 nunc
403 2175 448 2242 de
477 2173 895 2273 rerumconaervatione
918 2184 953 2241 et
972 2176 1064 2267 'per-

88 2268 228 2350 'ectione
243 2277 433 2344 dicendum
448 2289 510 2345 est.

178 2371 390 2467 Philosophi
412 2380 611 2446 docuerunt
631 2398 707 2443 earn
731 2396 803 2443 esse
824 2387 938 2442 terrae
961 2383 1063 2442 natu·
1558 2442 1567 2458 ,
1600 2443 1610 2459 .

88 2506 174 2562 πω,
198 2493 241 2550 ut
258 2479 287 2547 si
302 2492 398 2547 extra
414 2500 517 2547 suum
533 2477 731 2546 naturalem
748 2476 866 2545 locum
882 2474 1065 2543 dimovea·
1451 2440 1499 2510 El
1526 2435 1628 2510 dmi
1650 2438 1770 2513 Dm·

88 2608 150 2668 ur,
173 2604 239 2651 sua
261 2592 387 2670 sponte
410 2578 590 2649 relabatur
615 2578 657 2646 ad
683 2578 802 2661 locum
824 2598 948 2659 suum,
972 2575 1065 2644 utin
1161 2621 1163 2624 <
1217 2546 1389 2669 Sequitur
1408 2590 1587 2646 creaturae
1609 2599 1673 2646 seu
1686 2574 1821 2668 opificii
1840 2576 1966 2645 mundi
1984 2575 2103 2667 dispo-

88 2709 159 2756 exo
174 2685 332 2773 adparet.
384 2678 453 2748 Hic
470 2679 626 2751 ostendit
642 2676 763 2748 Moses
778 2701 853 2746 non
871 2699 947 2747 esse
961 2689 1064 2745 natu-
1117 2674 1210 2745 sitio.
1466 2754 1469 2759 ¹
1828 2729 1901 2793 ,ψ

88 2811 152 2857 :am
166 2799 281 2855 terrae
297 2777 364 2851 hoc
380 2782 436 2849 vel
448 2781 517 2849 illo
537 2781 615 2850 loco
632 2780 831 2850 subsidere:
857 2778 918 2847 sed
936 2778 1062 2847 volun·
1217 2768 1273 2844 Ex
1289 2771 1357 2845 hoc
1372 2777 1451 2846 loco
1466 2776 1539 2844 fere
1554 2792 1695 2868 accepta
1714 2793 1809 2863 sunt,
1828 2782 1978 2873 quaeda
1995 2781 2103 2849 verbo

88 2902 185 2959 atem
207 2882 294 2966 Dei,
328 2881 391 2975 qui
414 2882 446 2951 ei
469 2881 632 2951 definivit
656 2880 792 2965 locum,
826 2879 917 2950 sicut
945 2891 1065 2970 postea
1117 2878 1288 2948 dicuntur
1308 2875 1452 2946 Psalmo
1475 2878 1655 2965 trigesimo
1677 2883 1848 2951 secundo:
1884 2879 2003 2951 Verbo
2026 2883 2105 2950 Do-

88 2990 227 3061 licetur.
291 2974 302 2989 ⁸
1119 2979 1209 3047 mini
1233 2977 1323 3048 coeli
1347 2978 1477 3051 firmati
1501 2993 1584 3049 sunt
1601 2992 1668 3049 etc.
1719 2979 1824 3053 ltem:
1856 2982 1937 3072 Ipse
1957 2983 2047 3051 dixit
2070 2997 2104 3050 et

179 3087 269 3158 Item
300 3109 405 3157 nemo
427 3079 729 3176 Philosophorum
759 3106 833 3153 non
863 3095 966 3174 putat
993 3104 1065 3151 esse
1116 3080 1318 3149 factasunt.
1371 3076 1418 3150 Et
1434 3074 1605 3149 Iohannis
1623 3083 1757 3173 primo:
1792 3078 1927 3152 Omnia
1942 3108 2005 3174 per
2021 3108 2102 3151 ver-

88 3214 192 3263 errae
205 3201 390 3268 naturam,
416 3187 513 3279 quod
531 3186 726 3256 seminibus
742 3183 780 3254 in
797 3207 875 3254 cam
897 3184 1066 3254 coniectis
1117 3182 1204 3257 bum
1227 3180 1345 3273 ipsum
1365 3183 1455 3252 facta
1478 3196 1571 3256 sunt.
1623 3179 1670 3254 Et
1690 3184 1844 3275 Hebrac.
1864 3187 1912 3254 l.:
1953 3184 2103 3257 Portans

88 3291 192 3385 gignit
222 3290 370 3378 plantas.
430 3286 481 3360 At
505 3284 627 3357 Moses
649 3287 739 3357 dicit
767 3299 897 3357 terram
919 3308 1064 3356 vacuans
1116 3281 1237 3353 omnia
1254 3283 1364 3353 verbo
1382 3282 1525 3355 virtutis
1542 3296 1608 3356 etc.
2025 3280 2027 3284 ’

88 3396 206 3478 uisse,
239 3391 366 3474 idest,
392 3411 473 3460 cum
495 3387 565 3457 iam
589 3389 733 3459 condita
754 3401 843 3458 esset
865 3381 982 3457 adhuc
995 3387 1065 3455 im·
1219 3381 1441 3472 Dicere„est
1459 3409 1583 3478 parere
1606 3389 1755 3459 verbum
1776 3389 1945 3485 aliquod,
1969 3403 2003 3460 et
2019 3388 2105 3483 quia

88 3498 185 3569 nixta
201 3491 304 3587 aquis
319 3489 561 3574 circunlatam,
582 3504 617 3562 et
633 3488 725 3560 nihil
740 3489 883 3580 gignere
898 3488 1066 3580 potuisse.
1116 3497 1198 3557 ante
1214 3487 1334 3558 omnia
1351 3510 1424 3558 sese
1438 3488 1640 3561 considerat
1654 3502 1768 3582 pater,
1795 3490 1884 3562 etin
1900 3492 2104 3562 considera-

88 3597 172 3689 ergo
199 3594 297 3688 quod
326 3591 407 3664 talis
429 3605 481 3662 est
506 3605 618 3678 terra,
649 3593 746 3686 quod
772 3591 905 3663 credita
930 3591 1065 3661 semina
1116 3587 1213 3658 tione
1228 3610 1310 3658 suae
1325 3591 1504 3688 potentiae
1518 3591 1681 3661 ordinem
1693 3607 1728 3663 et
1741 3593 1915 3665 rationem
1928 3593 2104 3678 omnium,

88 3724 156 3773 arm
181 3697 328 3767 foenore
346 3694 480 3778 reddit,
512 3715 586 3761 non
615 3706 729 3764 terrae
750 3707 880 3765 natura
908 3706 978 3773 est,
1003 3694 1064 3762 sed
1117 3711 1207 3783 quae
1221 3691 1327 3760 condi
1343 3704 1507 3781 possunt:
1530 3690 1619 3762 'ldeo
1638 3692 1800 3764 Verbum
1817 3696 1929 3787 parit,
1955 3697 2050 3790 quod
2069 3710 2104 3766 et

88 3802 244 3873 :olentes
257 3793 326 3865 Dei
346 3808 413 3868 est:
440 3809 474 3865 et
497 3789 590 3865 hanc
613 3795 885 3867 immensitatem
902 3791 970 3865 Dei
994 3817 1066 3864 un·
1116 3791 1233 3881 imago
1251 3793 1361 3890 petris
1376 3807 1438 3878 cst,
1464 3807 1499 3862 et
1513 3795 1728 3884 ipsissimum
1743 3796 1932 3868 consilium
1948 3799 2104 3867 faciendi

88 3905 186 3996 lique
203 3922 239 3969 se
257 3898 297 3967 in
319 3897 440 3968 omnis
461 3895 677 3968 effundentis
692 3897 754 3991 qui
770 3897 886 3988 capiat
908 3891 1065 3966 humana
1115 3893 1238 3963 omnia
1273 3907 1337 3967 etc.
1388 3891 1458 3963 Per
1489 3889 1558 3963 hoc
1591 3894 1750 3967 Verbum
1784 3912 1820 3969 et
1845 3898 1987 3969 condita
2020 3912 2105 3973 sunt

88 4002 195 4077 ratio?
233 3997 283 4071 Et
305 4012 400 4070 recte
424 3997 570 4091 quidem
594 4012 708 4069 terrae
727 3998 924 4071 vastitatem
941 4012 977 4068 et
1001 4022 1064 4067 va·
1117 3995 1250 4074 omnia,
1278 4009 1312 4065 et
1326 4010 1512 4065 servantur
1526 3999 1659 4083 omnia,
1685 4013 1953 4072 etrenovantur
1968 4002 2101 4071 omnia.

88 4107 244 4178 mitatem
267 4099 413 4186 tribuit,
439 4101 567 4193 abysso
591 4101 771 4170 tenebras:
806 4123 889 4169 nam
914 4112 951 4169 et
972 4114 1065 4171 terra
1116 4094 1272 4191 ldeoque
1293 4091 1472 4168 lohannes
1495 4099 1533 4167 iu
1558 4124 1599 4171 eo
1624 4103 1672 4171 ait
1694 4124 1768 4172 esse
1793 4102 1951 4174 vitamet
1974 4102 2103 4185 lucem,

88 4222 129 4281 est
144 4228 236 4302 quae
258 4201 389 4293 gignit,
414 4203 553 4273 coelum
569 4224 698 4293 corpus
717 4199 809 4271 lucia
830 4223 957 4291 capax,
984 4201 1065 4272 ideo
1116 4197 1207 4269 sicut
1228 4199 1267 4267 in
1288 4194 1356 4269 hoc
1379 4213 1475 4271 textu
1496 4201 1659 4273 videmus
1681 4204 1796 4274 lucem
1814 4219 1846 4274 et
1860 4203 2015 4274 viventia
2039 4221 2102 4294 per

88 4309 143 4381 tit:
172 4303 221 4376 Et
234 4304 401 4375 tenebrae
417 4317 518 4374 erant
534 4323 640 4393 super
655 4301 782 4373 faciem
800 4301 928 4396 abyssi.
1102 4300 1264 4381 mbum
1293 4302 1410 4370 condi.
1467 4300 1653 4375 Disccmus
1674 4327 1756 4395 ergo
1777 4299 1837 4373 hic
1861 4317 2000 4394 praeter
2023 4329 2102 4375 cae·

178 4407 339 4501 Abyssus
354 4428 465 4498 aquae
477 4416 573 4489 sunt,
598 4428 689 4497 quae
701 4403 792 4473 coeli
807 4418 841 4474 et
855 4403 1065 4496 receptaculi
1115 4414 1206 4486 tera,
1230 4425 1336 4495 quam
1352 4417 1513 4494 oporteat
1528 4428 1602 4475 esse
1616 4407 1717 4475 verbi
1733 4405 1908 4476 incarnati
1923 4407 2100 4504 operatio-

88 4515 155 4583 rice
181 4520 303 4588 erant,
336 4529 420 4576 nam
446 4507 491 4575 de
522 4530 563 4575 eo
592 4519 686 4576 certe
715 4528 864 4597 corpore
894 4502 1066 4598 loquitur,
1114 4526 1197 4572 nem
1212 4502 1252 4573 in
1266 4505 1372 4574 corde
1387 4519 1520 4592 nostro,
1545 4507 1717 4577 nimirum
1735 4508 1887 4578 condere
1900 4531 2031 4579 novam
2047 4510 2103 4577 vi-

88 4615 136 4688 mi
159 4623 279 4704 postea
303 4606 364 4677 lux
388 4606 503 4680 indita
529 4619 592 4681 est.
644 4606 764 4701 Atque
779 4601 839 4677 hic
855 4607 983 4679 iterum
998 4608 1064 4677 do·
1114 4618 1187 4676 tam
1202 4618 1236 4677 et
1250 4628 1387 4676 novum
1405 4608 1538 4689 lumen,
1564 4609 1659 4679 iuxta
1673 4607 1855 4680 Psalmum
1870 4611 2101 4682 centesimum

88 4736 200 4789 mur
214 4733 289 4780 non
304 4722 433 4781 natura
446 4708 656 4802 corporibus
675 4707 898 4800 congenitam
917 4729 992 4779 esse
1007 4707 1062 4778 lu·
1114 4718 1270 4778 sextum:
1297 4707 1400 4780 Misit
1416 4710 1564 4782 verbum
1580 4734 1697 4796 suum,
1722 4726 1758 4783 et
1773 4711 1910 4783 sanavit
1926 4737 1997 4787 eos.
2048 4713 2102 4785 lta

88 4838 175 4902 em,
199 4813 258 4883 sed
283 4810 464 4883 voluntate
478 4808 548 4882 Dei
570 4810 740 4895 inditam,
763 4824 803 4882 ut
818 4810 970 4880 sciamus
989 4832 1064 4880 non
1112 4808 1216 4882 facile
1236 4809 1389 4902 intelligi
1412 4811 1563 4901 poterit,
1587 4812 1673 4907 quid
1689 4809 1868 4886 Iohannes
1889 4830 2028 4886 secutus
2056 4818 2102 4886 sit

90 4920 181 4991 uitia
206 4925 365 4996 tantum,
397 4916 458 4985 sed
483 4906 517 4985 et
539 4913 842 4985 conservationem
872 4934 1064 5003 corporum
1114 4910 1154 4981 in
1177 4907 1364 5004 Evangelii
1389 4912 1446 4983 sui
1474 4914 1665 5006 principio.
1715 4914 1903 4988 Caeterum
1934 4918 1978 4987 de
1999 4919 2101 4988 verbi
2158 4924 2181 4936 ‘

88 5021 146 5103 dei
160 5038 251 5108 opus
264 5038 350 5085 esse.
1112 5014 1271 5106 potentia
1288 5014 1370 5085 vide
1385 5012 1565 5086 Psalmum
1583 5017 1790 5108 vigesimum
1807 5032 1985 5095 octavum.
2024 5017 2100 5089 lla-
2174 5068 2179 5075 -

120 5160 124 5171 ·
179 5117 251 5190 Hic
277 5102 350 5185 fer‘e
374 5117 419 5184 de
440 5113 689 5187 iustificatione
719 5112 877 5187 hominis
907 5128 942 5185 et
969 5137 1064 5184 nova
1111 5116 1276 5211 besquid
1294 5117 1340 5187 sit
1357 5117 1528 5214 quodait,
1553 5119 1661 5207 dixit,
1687 5120 1725 5189 id
1742 5134 1804 5202 est,
1832 5119 1992 5190 Verbum
2008 5122 2101 5191 effu-

88 5237 237 5296 reatura
252 5217 456 5299 disseritur,
481 5219 660 5311 quomodo
680 5217 850 5290 infatuari
870 5241 1011 5289 carnem
1029 5230 1063 5287 et
1111 5215 1176 5302 dit,
1197 5218 1293 5311 quod
1308 5232 1360 5289 est
1374 5219 1451 5289 eius
1466 5220 1654 5292 consilium
1669 5222 1848 5292 condendi
1864 5223 1994 5292 omnia.
2028 5221 2101 5294 Sed

88 5320 331 5399 ,enchrasheri
347 5319 384 5388 in
400 5316 506 5389 nobis
520 5332 693 5410 oporteat,
719 5334 761 5391 ut
775 5320 974 5391 reficiamur
989 5320 1063 5411 spi·
1111 5313 1171 5389 hie
1202 5320 1327 5390 mirari
1354 5322 1531 5416 quispiam
1565 5324 1694 5415 possit,
1735 5347 1816 5395 cum
1849 5347 1912 5415 per
1936 5321 2098 5394 Verbum

88 5417 391 5501 :itnetlucelleh
426 5433 514 5491 tecte
535 5421 679 5514 quidem
696 5420 769 5506 illi,
801 5423 861 5494 sed
886 5416 973 5493 baec
996 5443 1061 5491 nos
1111 5420 1235 5492 omnia
1266 5425 1486 5509 condantur,
1519 5450 1584 5496 cur
1609 5450 1684 5497 non
1711 5440 1744 5497 et
1773 5449 1878 5518 supra
1908 5424 2097 5508 addiderit,
2201 5426 2213 5435 '
