4538 5754
381 1264 436 1351 tt
500 1254 941 1350 ARGUMEN'PUM
996 1257 1062 1345 IN
1117 1252 1348 1346 usitati
1401 1253 1787 1360 PROPHE'PAM,

857 1436 1013 1490 PillLlPPl
1039 1433 1307 1489 mutuom.

364 1611 500 1691 (Editum
522 1611 602 1672 haud
623 1611 712 1672 dubie
735 1626 775 1672 or
796 1608 914 1705 schedis
935 1606 1078 1670 bielaoth.
1100 1625 1118 1667 a
1138 1607 1271 1667 Peueero
1292 1609 1322 1665 in
1344 1624 1414 1686 opp.
1442 1604 1550 1669 Wrteh.
1571 1607 1609 1669 Τ.
1623 1607 1660 1668 Π.
1683 1625 1714 1684 p.
1731 1601 1823 1684 398.)

941 1798 1216 1815 w
1227 1809 1229 1813 .

86 1958 240 2082 drusae,
265 2018 329 2066 eur
353 2006 390 2064 et
411 1993 594 2087 quomodo
619 1986 820 2085 Prophetae
844 1992 929 2063 inde
946 2016 1059 2088 usque
1209 1989 1324 2063 Fiunt
1338 2002 1455 2060 autem
1478 1989 1673 2080 miracula,
1698 2006 1741 2064 ut
1756 1990 1905 2063 diversis
1926 1993 2098 2082 tempori-

86 2107 114 2176 b
131 2099 235 2170 initio
253 2096 392 2189 generis
406 2089 555 2165 humani
579 2093 678 2164 missi
694 2092 784 2185 sint,
810 2089 999 2167 sumantur
1013 2095 1059 2164 ab
1107 2095 1194 2178 bus,
1219 2094 1268 2164 ita
1284 2105 1318 2162 et
1340 2091 1378 2160 in
1400 2092 1555 2183 negociis
1571 2092 1733 2165 diversis.
1783 2092 1926 2167 Servari
1941 2092 2018 2164 Noe
2040 2096 2096 2165 ia-

86 2227 143 2301 psa
158 2199 393 2294 patefactione
409 2193 488 2276 Dei,
511 2210 546 2268 et
559 2195 796 2286 promissione
811 2197 952 2282 tradita,
975 2220 1062 2266 mor·
1108 2194 1245 2266 ruiliam
1268 2194 1308 2263 in
1323 2193 1482 2280 diluvio,
1504 2193 1749 2269 testimonium
1771 2196 1841 2267 iuit
1857 2210 1892 2266 et
1908 2210 1961 2267 est
1979 2194 2099 2267 omni·

86 2321 147 2379 »ost
180 2304 320 2395 lapsum
352 2298 549 2391 primorum
583 2310 783 2389 parentum.
834 2297 1056 2370 senceum
1108 2298 1176 2368 bus
1200 2295 1327 2367 seculis
1347 2307 1487 2387 postea,
1512 2291 1627 2367 Deum
1649 2321 1731 2368 vere
1754 2320 1791 2369 se
1817 2299 2038 2391 patefecisse,
2064 2311 2099 2369 et

86 2432 155 2482 saec
170 2427 308 2476 summa
324 2398 392 2471 Dei
407 2398 596 2483 beneficia,
621 2401 718 2493 quod
736 2400 840 2471 certis
857 2414 890 2471 et
907 2400 1058 2471 illustri·
1108 2399 1184 2470 eius
1211 2398 1395 2470 doctrinae
1423 2412 1586 2471 autorem
1619 2421 1711 2487 esse,
1746 2409 1835 2498 quae
1858 2398 1982 2472 Nohae
2010 2424 2096 2471 voce

86 2535 135 2583 us
159 2503 372 2580 testimoniis
392 2522 467 2571 sese
486 2500 657 2592 ⁵patefecit
678 2502 799 2592 generi
822 2496 1000 2588 humano,
1024 2514 1059 2596 et
1108 2514 1301 2593 propagata
1319 2511 1382 2574 est.

86 2609 218 2684 radidit
231 2603 505 2698 promissionem
523 2604 567 2672 de
584 2601 802 2689 Mediatore,
825 2626 891 2696 per
903 2626 1008 2698 quem
1024 2617 1059 2675 et
1210 2599 1314 2672 Talia
1329 2600 1532 2673 testimonia
1548 2602 1714 2690 fuerunt,
1738 2602 1948 2688 nascilsaac
1962 2630 2002 2676 er
2021 2629 2099 2675 ma·
2168 2683 2171 2696 Ι

86 2724 217 2805 ποριεῖ
229 2731 337 2805 quem
353 2704 474 2797 generi
490 2700 648 2774 humano
662 2703 801 2775 iusticia
816 2705 932 2776 etvita
945 2718 1057 2776 aeter-
1108 2716 1161 2774 tre
1183 2701 1295 2774 sterili
1319 2718 1353 2775 et
1373 2703 1519 2784 effoeta,
1546 2705 1806 2795 praedictiones
1821 2720 1854 2779 et
1877 2721 1951 2779 tota
1968 2709 2098 2798 guber·

86 2841 118 2886 ra
134 2811 352 2884 restituenda
368 2820 467 2881 esset.
510 2803 608 2878 ilaec
624 2806 690 2877 etsi
704 2807 811 2877 multi
826 2807 958 2879 fabulis
973 2811 1060 2897 poti-
1108 2805 1206 2876 natio
1241 2800 1369 2896 loseph
1408 2805 1447 2873 iu
1482 2799 1663 2900 Aegypto,
1712 2809 1854 2880 eductio
1889 2808 2015 2901 populi
2057 2833 2099 2880 es
2201 2870 2204 2877 .

86 2932 206 2989 ustum
220 2912 350 2982 similia
366 2930 439 2979 esse
458 2907 634 2998 cogitant,
659 2920 779 2979 nmen
796 2931 861 2980 nos
877 2909 916 2978 in
934 2904 1059 2980 Eccle-
1108 2903 1290 3003 Aegypto,
1316 2905 1485 2978 victoriae
1501 2902 1636 2993 losuae,
1658 2908 1697 2982 in
1713 2911 1843 3004 quibos
1858 2907 1942 3002 Sol,
1967 2911 2099 2981 omisso

86 3021 121 3090 ia
136 3018 269 3088 seimus
284 3035 359 3084 esse
371 3033 454 3080 vera
469 3021 504 3080 et
518 3023 613 3081 certa
629 3023 664 3082 et
678 3009 883 3083 confirmata
906 3011 1059 3082 subinde
1108 3031 1172 3082 suo
1189 3009 1337 3096 itinere,
1363 3031 1438 3079 non
1461 3031 1667 3101 progressus
1687 3025 1738 3102 est
1754 3013 1877 3087 biduo.
1929 3009 2100 3084 Resusci—

86 3116 271 3194 llostribus
294 3110 517 3187 testimoniis.
718 3117 724 3129 '
1107 3110 1194 3186 tatio
1216 3124 1442 3183 mortuorum
1464 3111 1554 3180 iacta
1577 3112 1623 3182 ab
1646 3105 1729 3184 Elia
1752 3128 1787 3187 et
1810 3109 1972 3200 Elisaco,
2003 3113 2099 3186 Solis

173 3214 310 3311 Estque
323 3211 410 3285 haec
426 3211 614 3307 praecipua
632 3235 754 3301 cauea,
780 3236 845 3285 our
859 3210 1058 3307 Prophetae
1108 3212 1282 3306 regressio
1303 3227 1462 3307 tempore
1483 3207 1611 3283 Esaiae
1635 3215 1741 3290 iacta.
1789 3212 1954 3312 Denique
1975 3238 2099 3286 omnes

86 3321 187 3396 'ocati
202 3333 238 3391 et
251 3317 351 3390 missi
367 3318 458 3401 siut,
482 3327 524 3385 ut
539 3337 604 3410 per
619 3314 717 3387 viros
736 3314 984 3392 antecellentes
1005 3331 1058 3389 te-
1107 3316 1292 3387 mirandae
1306 3315 1479 3388 victoriae
1493 3327 1529 3387 et
1546 3315 1775 3390 liberationes
1789 3320 1900 3391 factae
1915 3319 1953 3390 in
1970 3304 2100 3408 guber-

87 3423 238 3499 timonia
261 3421 536 3493 ostenderentur
558 3417 806 3515 patefactiouis
828 3418 991 3500 divinae,
1023 3433 1058 3492 et
1108 3417 1254 3490 natione
1274 3413 1555 3511 Prophetarum,
1578 3430 1752 3494 testantur
1766 3416 1883 3492 Deum
1909 3443 1946 3492 se
1966 3421 2100 3514 patefe-

86 3551 136 3599 »er
150 3548 211 3597 eos
223 3535 458 3595 renovaretur
473 3519 636 3591 douuns
653 3519 698 3590 de
706 3515 798 3605 Deo,
821 3533 856 3592 ct
868 3522 1059 3612 promissio
1107 3519 1196 3592 cisse
1212 3533 1247 3591 et
1259 3543 1380 3591 veram
1396 3542 1470 3590 esse
1487 3514 1747 3613 Prophetarum
1764 3522 1976 3603 doctrinam.
2005 3519 2100 3592 Aliis

86 3634 115 3700 le
133 3627 334 3700 Mediatore
351 3633 569 3716 repeteretur
583 3635 617 3693 et
633 3621 885 3693 illustraretur.
1107 3621 1328 3716 temporibus
1347 3620 1438 3692 aliae
1458 3620 1605 3693 inerunt
1620 3625 1784 3717 politiae,
1809 3638 1842 3696 et
1862 3625 1923 3695 alii
1937 3620 2101 3717 Prophe·
2225 3652 2232 3659 ·

170 3724 222 3801 Et
243 3748 449 3824 quanquam
471 3721 583 3794 multa
604 3723 750 3814 politica
772 3718 970 3816 Prophetae
992 3745 1058 3816 gu-
1107 3737 1163 3827 tae
1178 3724 1258 3795 aliis
1273 3722 1427 3794 maiores
1440 3723 1598 3795 suerunt.
1652 3722 1724 3797 Sed
1740 3740 1859 3799 tamen
1874 3726 1976 3799 causa
1995 3750 2100 3826 prae.

86 3842 286 3914 crnaront‚
309 3842 351 3900 ut
366 3820 496 3918 Ioseph
517 3846 669 3916 regnum
684 3822 837 3921 Aegypti
851 3825 959 3912 rexit,
992 3825 1059 3899 Ss-
1108 3826 1232 3927 cipoa,
1257 3848 1322 3897 cur
1342 3823 1443 3896 missi
1459 3822 1550 3911 sint,
1577 3826 1697 3896 eadem
1722 3841 1792 3916 est,
1817 3828 1913 3900 idem
1937 3829 2100 3901 ministe-

86 3935 184 4020 nuel,
208 3929 396 4003 Helisaeus
411 3949 509 4019 reges
525 3940 720 3999 uuremnt:
746 3941 864 4000 temen
886 3922 973 3999 haec
993 3952 1058 3999 ne-
1107 3929 1201 4000 riom
1217 3940 1254 3999 et
1269 3928 1432 3999 doctrina
1450 3926 1573 3996 eadem
1588 3940 1651 3999 est.

86 4036 168 4122 ‚ocia
182 4057 258 4106 non
272 4046 355 4105 sunt
370 4029 559 4124 praecipua
574 4049 657 4118 pars
676 4024 875 4122 prophetici
896 4030 1060 4102 ministe-
1210 4026 1382 4102 Definitio
1412 4028 1521 4122 igitur
1552 4024 1752 4123 Prophetae
1782 4040 1955 4104 teneatur.
2006 4027 2099 4102 Pro·
2227 4066 2234 4072 ·

86 4139 136 4226 ii,
162 4139 224 4209 sed
244 4138 391 4208 fuerunt
405 4131 608 4204 occasiones
625 4129 897 4217 miraculorum,
922 4130 961 4200 in
977 4132 1057 4227 qui·
1107 4126 1214 4226 pheta
1230 4145 1283 4203 est
1300 4154 1451 4223 persona
1476 4130 1679 4204 immediate
1700 4128 1813 4230 aDeo
1830 4144 1952 4203 vocata
1969 4132 2015 4200 ad
2032 4133 2099 4204 do-

86 4237 242 4314 usDeus
256 4235 411 4308 illustria
422 4231 626 4306 testimonia
642 4233 688 4303 de
701 4253 776 4305 sese
789 4233 919 4308 ederet
945 4231 1057 4305 Multi
1107 4234 1261 4305 cendum
1274 4229 1532 4324 Evangelium,
1558 4246 1592 4306 et
1607 4234 1652 4306 ad
1667 4233 1814 4305 consilis
1830 4246 1923 4304 certa
1933 4232 2098 4326 politica,

86 4343 185 4436 gnari
201 4339 386 4411 doctrinae
404 4331 648 4420 Christianae,
672 4357 752 4406 eum
767 4334 919 4407 audiunt
940 4333 1059 4405 nomi-
1107 4330 1245 4404 habens
1262 4333 1465 4406 testimonia
1480 4336 1623 4424 divina,
1649 4337 1746 4432 quod
1767 4358 1843 4406 non
1866 4348 1970 4408 erret.
2022 4333 2097 4407 lam

86 4445 152 4517 rari
167 4437 387 4534 Prophetas,
414 4437 622 4529 intelligunt
640 4448 781 4510 tantum
803 4437 1058 4528 gubernatores
1106 4431 1166 4507 hic
1187 4433 1293 4506 initio
1323 4434 1521 4508 bonitatem
1543 4437 1611 4511 Dei
1640 4439 1851 4509 immensam
1882 4435 2098 4520 consideres,

86 4546 252 4626 olitieos,
285 4553 503 4636 praestantes
531 4537 612 4608 aliis
638 4537 787 4610 consilio
818 4553 852 4610 et
874 4540 1058 4632 felicitate,
1106 4551 1147 4611 nt
1161 4536 1195 4608 ei
1209 4537 1339 4630 gratias
1354 4559 1452 4630 agas,
1477 4541 1575 4633 quod
1591 4541 1695 4613 toties
1711 4540 1898 4612 renovavit
1913 4540 2098 4635 doctrinae

86 4650 193 4746 pratas
221 4647 369 4717 fuerunt
396 4642 493 4734 apud
517 4633 692 4713 Ethnicos
720 4638 914 4729 Zaleucus,
943 4639 1057 4714 Solon
1107 4642 1234 4718 lucem.
1274 4638 1325 4714 Ut
1340 4640 1380 4709 in
1393 4641 1468 4711 acie
1487 4650 1569 4733 post
1582 4643 1673 4714 alios
1690 4643 1894 4735 manipulos
1908 4641 1971 4712 alii
1986 4642 2099 4713 collo-

86 4765 130 4825 ,ut
144 4750 209 4821 alii
225 4746 476 4840 legumlatores
490 4740 667 4835 sepientes
680 4756 715 4815 et
727 4741 859 4819 felices.
1106 4756 1251 4829 cantur,
1275 4741 1326 4815 ita
1342 4741 1512 4814 continua
1528 4745 1749 4815 successione
1762 4768 1838 4816 non
1854 4744 1972 4835 longis
1986 4743 2099 4814 inter-

170 4850 243 4924 seo
277 4872 345 4920 nos
377 4847 530 4920 sciamus
560 4845 788 4938 praecipuum
821 4866 952 4916 monus
981 4867 1056 4917 esse
1106 4845 1232 4934 vallis,
1264 4841 1463 4944 Prophetae
1493 4845 1593 4914 missi
1617 4858 1719 4933 sunt,
1754 4861 1837 4939 post
1859 4842 1977 4919 Adam
1999 4840 2121 4936 seth,

86 4954 230 5028 »mnium
246 4947 529 5044 Prophetarum,
555 4947 640 5017 inde
656 4971 768 5042 usque
790 4948 836 5018 ab
852 4943 991 5033 Adam,
1015 4960 1057 5019 ut
1105 4947 1236 5019 deinde
1250 4941 1422 5031 Henoch,
1448 4943 1682 5032 Matusalem,
1706 4941 1830 5032 Noha,
1857 4945 1957 5041 Sem,
1980 4945 2100 5020 Abra·

86 5083 132 5131 ter
147 5080 209 5128 eos
222 5051 425 5143 testimonia
442 5048 687 5143 patefactionis
701 5049 844 5120 divinae
863 5050 1056 5126 ostenden·
1105 5043 1347 5133 ham,1ssac,
1380 5046 1506 5132 iacob,
1539 5045 1687 5142 loseph,
1720 5048 1859 5133 Moses,
1893 5048 2036 5137 iosuae,
2063 5065 2100 5122 et
2133 5116 2138 5121 .

86 5185 146 5248 ur,
179 5170 216 5228 et
243 5169 435 5227 renovetur
461 5149 650 5245 promissio
678 5146 885 5242 Evangelii,
915 5164 950 5222 et
981 5164 1055 5224 tota
1104 5163 1184 5242 post
1208 5146 1275 5222 hos
1297 5149 1370 5227 alii.
1415 5146 1556 5221 Deinde
1576 5149 1741 5237 Samuel,
1770 5145 1936 5236 Nathan,
1968 5151 2098 5238 David,

86 5261 233 5335 loctrina
254 5259 299 5329 de
319 5254 397 5329 Deo
420 5265 648 5347 repurgetur,
682 5265 718 5325 et
740 5246 897 5329 Ecclesia
919 5253 1054 5327 instan-
1104 5248 1218 5324 Ahias
1245 5250 1437 5337 silonites,
1470 5252 1586 5339 Elias,
1624 5249 1797 5326 Elisaeus.
1856 5250 1942 5324 Post
1962 5248 2098 5324 Elisaei

87 5379 180 5440 etur,
1104 5367 1253 5427 mortem
1270 5354 1355 5424 anni
1366 5354 1626 5450 quinquaginta
1642 5370 1726 5431 sunt
1743 5368 1804 5428 aut
1819 5353 1970 5442 circiter,
1986 5379 2100 5450 usqne
