4538 5754
143 231 219 314 us
346 199 556 301 sasima
582 223 658 298 ra.
684 221 802 300 nnn
829 221 899 303 An
923 225 1053 303 aur.
1076 223 1227 308 uuor.
1255 226 1323 305 ar
1350 229 1540 311 runos.
1566 229 1892 312 senmurum

147 429 239 503 qno,
271 426 338 475 nee
360 400 404 472 de
431 398 482 470 eis
504 399 696 471 certamina
720 419 867 484 moveo,
898 397 1065 473 videlicet
1086 399 1132 472 dc

147 507 379 581 distinctione
399 499 554 574 formali.
604 499 663 573 Sit
677 501 804 570 modus
820 500 951 594 aliquis
973 501 1134 593 disputa-

149 614 310 689 tionum,
335 621 369 678 et
383 605 558 700 quaedam
576 602 826 697 relinquantur
847 602 1036 674 iudicanda
1053 627 1135 674 ern·

150 715 254 797 ditis,
279 731 431 805 quorum
446 721 541 776 aetas
557 703 747 787 maturuit,
773 718 808 773 et
824 703 887 796 qui
903 719 1036 775 norunt
1053 707 1134 774 lon·

149 832 201 892 tes
219 809 326 886 huius
347 808 531 888 doctrinae
549 808 593 876 de
607 805 899 878 distinctionibus
921 820 956 878 et
975 802 1136 900 philoso-

94 937 98 945 ·
149 915 235 1012 phia
250 930 285 988 et
300 915 339 983 in
353 908 521 984 Ecclesia.

174 1141 244 1226 De
278 1134 443 1220 ratione
479 1126 744 1326 dissolvqui
781 1129 939 1213 vitiosa
974 1149 1112 1241 argn-

149 1273 153 1280 ·
562 1268 655 1327 nen
701 1304 712 1328 .

251 1414 364 1487 Vetus
378 1411 516 1483 dictum
534 1423 597 1493 est,
623 1408 883 1501 contrariorum
899 1411 1047 1481 eandem
1063 1433 1136 1483 ease

149 1521 368 1606 doctrinam,
393 1528 434 1584 ιιι
462 1512 533 1607 qui·
548 1524 640 1580 recte
661 1511 807 1602 pingere
829 1535 972 1582 cervum
1000 1513 1136 1602 didicit,

148 1627 308 1700 iudicare
339 1630 453 1711 potest
482 1639 524 1683 er
555 1614 681 1683 iisdem
713 1612 925 1704 praeceptis,
960 1615 1134 1706 picturam

148 1726 245 1803 cervi
261 1723 437 1794 vitiosam.
490 1714 543 1786 lta
564 1727 751 1807 postquam
768 1737 874 1806 snpra
890 1717 981 1787 ratio
1003 1719 1133 1790 tradita

149 1846 202 1905 est
224 1822 435 1897 inveniendi
460 1841 543 1889 vera
567 1829 795 1906 argumenta,
826 1828 861 1886 et
883 1832 976 1888 recte
999 1844 1133 1890 conne-

149 1930 269 2006 ctendi
293 1948 390 1997 nunc
414 1926 458 1994 de
486 1918 686 1990 indicandis
708 1917 845 1990 vitiosis
873 1944 947 1990 non
970 1935 1024 1993 est
1044 1946 1134 2014 opus

148 2033 253 2110 novis
273 2025 487 2123 praeceptis,
510 2025 571 2092 sed
589 2035 728 2092 tantum
745 2021 941 2091 videndum
961 2038 1023 2106 est,
1040 2048 1130 2117 quae

138 2141 193 2212 'ad
208 2132 391 2227 superiora
407 2138 591 2220 praecepta
608 2136 815 2212 congruant,
833 2137 874 2194 ut
889 2125 1005 2195 boum
1019 2127 1133 2217 pictor

149 2237 294 2332 inspicit
321 2233 438 2304 ideam
462 2227 577 2308 cervi,
615 2236 650 2294 et
679 2248 760 2295 cum
786 2225 875 2294 vidit
897 2241 1131 2299 monstrosam

147 2339 340 2431 imaginem
355 2331 450 2404 cervi
465 2329 511 2400 ab
526 2352 565 2397 ea
581 2327 790 2417 discrepare,
815 2327 951 2398 iudicat
971 2329 1131 2400 vitiosam

148 2469 235 2517 esse.
286 2437 445 2509 Tantum
469 2432 578 2520 igitur
601 2429 770 2498 monendi
793 2442 877 2499 sunt
892 2430 1067 2512 iuniores,
1094 2446 1134 2502 ut

148 2549 188 2619 in
204 2538 415 2615 iudicandis
437 2532 574 2603 vitiosis
597 2532 815 2621 argumentis
838 2544 946 2603 totam
972 2534 1135 2625 superio·

148 2672 226 2722 rem
239 2639 451 2717 Dialecticae
465 2647 614 2727 partem,
632 2646 675 2704 nt
689 2632 751 2702 ille
769 2635 881 2724 pictor
896 2633 1012 2704 ideam
1028 2635 1135 2720 cervi,

149 2755 370 2823 intueantur.
439 2736 483 2821 ld
517 2737 699 2829 quomodo
728 2736 932 2805 faciendum
962 2737 1027 2824 sit,
1063 2736 1133 2808 iam

14 2884 27 2891 ’
147 2852 387 2926 ostendemus.
444 2838 516 2912 Sed
539 2860 679 2908 necesse
701 2852 753 2909 εει
776 2843 942 2909 accedere
963 2839 1132 2910 exercita-

149 2958 302 3037 tionem,
342 2968 447 3042 quam
479 2940 939 3034 proptermagnitudirrem
969 2942 1135 3012 utilitatis

148 3081 224 3132 non
238 3055 403 3143 defugere
419 3046 598 3117 studiosos
614 3044 726 3113 decet.
777 3040 939 3113 Primum
962 3045 1058 3112 enim
1077 3065 1133 3146 as·

149 3159 295 3235 suefacit
317 3154 491 3226 discentes
512 3147 558 3215 ad
581 3142 823 3233 diligentiam,
857 3160 891 3216 et
916 3145 1011 3216 acuit
1034 3145 1133 3234 inge.

148 3267 228 3343 nia,
254 3273 295 3330 ut
317 3255 448 3326 rectius
470 3261 505 3319 et
529 3247 678 3316 celerius
694 3247 855 3331 videant,
881 3246 920 3316 in
944 3272 1012 3339 qua
1036 3260 1134 3334 parte

118 3343 439 3455 i-sargnmentorum
463 3349 536 3419 sint
555 3347 662 3431 vitia,
687 3360 723 3415 et
744 3347 935 3438 respiciant
951 3351 995 3416 ad
1019 3349 1134 3418 fontes

147 3469 318 3537 falsarum
337 3451 638 3550 propositionum:
670 3445 809 3518 Deinde
832 3449 872 3517 in
889 3463 961 3520 tota
978 3450 1068 3530 vita,
1094 3451 1133 3551 in

149 3566 250 3642 omni
265 3579 428 3634 sermone
443 3567 477 3626 et
490 3549 736 3632 collocutione,
762 3550 866 3621 affert
882 3546 968 3621 haec
982 3575 1133 3621 consue-

148 3671 236 3744 tudo
270 3682 427 3735 amorem
460 3654 635 3731 veritatis,
675 3652 800 3722 odium
833 3650 1060 3745 sophistices,
1100 3668 1134 3725 et

149 3768 392 3843 dexteritatem
421 3760 459 3830 in
489 3755 706 3849 explicandis
736 3757 998 3830 controversiis.
1057 3754 1134 3826 Hae

149 3875 299 3944 virtutes
320 3880 405 3937 sunt
428 3865 552 3951 iugens
567 3860 693 3943 decus,
718 3872 751 3929 et
775 3859 940 3949 inprimis
955 3855 1133 3929 Ecclesiae

149 3978 319 4056 salutare,
335 4039 336 4042 ,
352 3981 387 4039 ει
415 3967 459 4035 ad
483 3962 705 4033 retinendam
734 3962 917 4030 veritatem
945 3984 985 4029 ac
1014 3984 1132 4050 pacem

149 4079 249 4151 utile.
300 4071 391 4153 Nam
412 4060 602 4158 sophistica
619 4086 694 4131 non
712 4076 766 4134 est
784 4075 921 4134 tantum
946 4063 1069 4147 ludus,
1094 4076 1134 4133 ut

149 4180 254 4253 multi
269 4173 489 4248 existimant,
516 4189 709 4257 puerorum
725 4166 941 4235 certantium
952 4165 989 4232 in
1003 4160 1135 4234 scholis

149 4284 281 4357 talibus
295 4273 457 4348 ridiculis
471 4267 712 4361 captionibus,
737 4264 865 4355 Qualis
882 4264 967 4337 haec
983 4280 1050 4337 est:

302 4375 437 4451 Omnia
452 4396 543 4467 quae
560 4368 674 4441 cernis
691 4381 774 4438 sunt
788 4366 971 4464 Episcopi,

303 4476 435 4551 Asinos
449 4475 576 4559 cernis,

301 4580 398 4672 Ergo
415 4576 505 4648 asini
523 4587 604 4644 sunt
620 4568 800 4665 Episcopi.

253 4686 323 4759 Sed
349 4679 573 4754 horribiliter
596 4676 635 4746 in
662 4674 732 4745 vita
761 4686 939 4765 grassatur
961 4696 1079 4744 serens
1100 4687 1134 4745 ει

151 4791 365 4866 confirmans
379 4784 483 4854 falsas
498 4779 686 4873 opiniones
710 4778 748 4847 in
765 4774 938 4854 Ecclesia,
965 4777 1002 4843 in
1026 4777 1136 4860 curia,

151 4898 190 4966 in
211 4894 310 4978 loro,
336 4885 523 4979 exquibus
551 4881 723 4951 maximae
741 4877 959 4961 discordiae,
985 4879 1077 4948 bella
1101 4892 1135 4948 et

150 4993 399 5086 dissipationes
427 4979 737 5076 generishumani
766 4983 945 5053 oriuntur.
996 4979 1136 5049 Adver-

149 5121 211 5173 sus
236 5093 328 5166 hanc
351 5092 465 5175 diram
489 5100 621 5178 pestem
638 5108 778 5155 necesse
797 5097 849 5153 εει
864 5084 954 5163 hene
972 5107 1134 5172 praemu-

149 5200 224 5275 niri
239 5210 372 5268 mentes
388 5206 422 5263 et
437 5204 592 5282 pectora.
644 5183 896 5257 Existimemus
915 5185 1023 5273 igitur
1043 5179 1135 5253 hanc

149 5301 346 5377 doctrinam
377 5291 540 5366 solvendi
566 5287 691 5358 vitiosa
723 5299 947 5377 argumenta,
978 5287 1136 5357 edoctis

147 5422 184 5484 et
207 5403 408 5480 amantibus
427 5393 619 5467 veritatem
644 5413 772 5483 magno
795 5388 944 5461 consilio
969 5389 1134 5463 traditam

2099 242 2167 318 tto

1184 425 1258 475 esse
1280 402 1464 486 studiosis,
1495 417 1537 476 nt
1565 400 1661 478 hanc
1677 404 1886 500 Gorgonem
1906 435 2093 505 opponere
2115 414 2168 485 di·

1183 519 1284 578 scant
1307 506 1505 598 praestigiis
1526 502 1768 600 sophistarum
1799 525 1836 583 et
1855 511 2166 609 sycophantarum,

1185 607 1246 701 qui
1263 632 1485 679 communem
1504 609 1633 693 vitam,
1658 615 1823 703 dogmata
1836 630 1872 686 et
1885 617 2036 688 consilis
2052 618 2168 709 publi·

1182 732 1223 778 ca
1249 711 1442 780 mendaciis
1472 723 1505 780 et
1533 712 1725 784 calumniis
1749 717 1867 806 specie
1890 719 2015 814 aliqua
2047 720 2169 792 fucatis

1184 812 1341 885 turbant.
1391 809 1470 883 Etsi
1494 828 1615 884 autem
1638 815 1677 884 in
1700 810 1925 906 Rhetoricis,
1955 822 2059 893 utin
2081 822 2167 895 libro

1184 915 1230 983 ad
1254 911 1478 991 Herennium
1510 914 1661 1008 scripto,
1691 919 1884 990 traduntur
1912 938 2102 1016 praecepta
2129 926 2169 994 de

1185 1013 1324 1086 vitiosis
1344 1018 1563 1106 argumentis
1579 1018 1802 1105 iudicandis,
1828 1035 1947 1094 tamen
1962 1025 2026 1095 illa
2044 1040 2082 1098 et
2096 1051 2169 1095 mu·

1186 1117 1248 1188 tila
1263 1130 1365 1203 sunt,
1385 1131 1420 1188 et
1434 1119 1522 1189 adeo
1538 1119 1688 1210 agrestia
1704 1144 1745 1191 ac
1760 1123 1921 1206 obscura,
1951 1139 1994 1197 ιιι
2010 1127 2057 1197 ab
2075 1127 2169 1216 igna-

1186 1219 1235 1288 ria
1251 1219 1467 1290 Dialecticae
1490 1244 1564 1289 non
1588 1220 1844 1312 intelligantur.
1893 1224 2045 1300 Rectior
2067 1242 2169 1298 estet

1096 1357 1100 1366 ·
1187 1322 1327 1413 planior
1358 1316 1443 1392 haec
1474 1322 1678 1393 Aristotelis
1705 1326 1887 1412 doctrina,
1915 1353 2025 1421 qnam
2057 1330 2168 1423 sequi-

1186 1446 1275 1495 mur.
1330 1421 1403 1493 Nec
1425 1423 1522 1493 aliud
1540 1437 1592 1494 εει
1613 1426 1705 1495 liber
1720 1427 1766 1496 de
1784 1420 1951 1514 fallaciis,
1977 1444 2021 1503 ιιι
2035 1447 2169 1514 vocant,

1185 1524 1254 1594 nisi
1280 1525 1356 1595 viae
1377 1525 1540 1595 solvendi
1568 1526 1655 1597 salsa
1678 1544 1904 1615 argumento,
1937 1547 2170 1622 congruentes

1186 1629 1229 1700 ad
1246 1627 1342 1698 locos
1355 1625 1578 1707 dialecticos,
1610 1640 1651 1699 ut
1665 1627 1757 1698 intra
1774 1634 1971 1706 ostendam.
2006 1632 2167 1707 Primum

1184 1741 1301 1800 autem
1339 1724 1425 1798 haec
1460 1730 1578 1799 brevis
1607 1731 1813 1804 distributio
1845 1747 2031 1815 teneatur,
2067 1760 2169 1831 quatu

1184 1855 1320 1923 semper
1340 1831 1378 1900 in
1400 1846 1590 1923 conspectu
1613 1833 1782 1903 omnibus
1807 1836 1957 1908 eruditis
1974 1862 2051 1910 csse
2068 1862 2168 1932 opor·

1184 1947 1254 2018 tet,
1278 1933 1359 2005 ideo
1378 1934 1475 2005 velut
1494 1933 1532 2001 in
1549 1934 1680 2005 tabella
1699 1959 1776 2004 eam
1793 1937 1993 2027 pingemus.

1254 2162 1373 2246 Modl
1410 2163 1606 2248 solvendi
1634 2168 1790 2252 vitiosa
1817 2171 2099 2281 Argumenta.
2204 2267 2207 2271 ,

1284 2325 1393 2400 Ratio
1408 2329 1571 2411 solvendi
1583 2332 1710 2402 vitiosa
1723 2350 1930 2423 argumenta
1946 2337 2083 2429 duplex
2105 2352 2166 2409 cst:

1184 2427 1258 2501 Aut
1281 2431 1377 2499 enim
1394 2430 1521 2502 vitium
1544 2435 1649 2504 estin
1667 2434 1781 2505 forma
1797 2448 1956 2520 tantum,
1983 2441 2022 2509 id
2038 2454 2109 2525 εει,
2131 2442 2168 2510 in

1184 2534 1445 2626 consequentia.
1506 2531 1604 2606 Haec
1628 2536 1725 2605 enim
1752 2553 1899 2609 vocatur
1921 2541 2038 2612 forma
2068 2565 2169 2633 argu·

1185 2649 1405 2719 mentorum,
1436 2633 1511 2705 Αιιι
1529 2638 1633 2707 estin
1648 2639 1792 2710 materia
1810 2662 1873 2710 seu
1888 2645 2006 2716 rebus.

1286 2734 1325 2806 Si
1344 2737 1469 2806 vitium
1493 2752 1544 2808 est
1569 2740 1608 2808 in
1634 2744 1908 2833 consequentia,
1935 2745 2169 2819 rectissimum

1185 2851 1220 2908 et
1244 2837 1544 2928 expeditissimum
1568 2855 1638 2926 εει,
1671 2843 1819 2913 reiicere
1842 2861 2094 2936 argumentum
2116 2872 2167 2918 re·

1185 2933 1419 3033 prehensione
1434 2943 1719 3036 consequentiae.

1284 3040 1350 3112 Sin
1374 3055 1489 3113 autem
1512 3044 1638 3114 vitium
1664 3044 1773 3116 estin
1794 3046 1942 3117 materia
1967 3071 2031 3119 seu
2054 3053 2166 3142 rebus,

1185 3142 1241 3212 via
1260 3143 1388 3234 triplex
1404 3159 1456 3238 est
1471 3145 1650 3215 solvendi:

1284 3241 1358 3315 Aut
1372 3247 1466 3315 enim
1487 3247 1702 3319 inficiatione
1718 3249 1873 3339 utimur,
1904 3250 1942 3318 id
1964 3267 2039 3338 est,
2066 3277 2167 3344 nega-

1185 3348 1282 3417 tione
1305 3347 1466 3418 tullimus
1495 3349 1620 3419 salsam
1643 3351 1943 3443 propositionem,
1973 3367 2011 3425 et
2038 3356 2166 3427 falsitas

1185 3449 1383 3521 ostenditur
1399 3474 1441 3519 ex
1456 3451 1627 3536 sontibus,
1652 3452 1689 3523 id
1706 3466 1767 3530 est.
1791 3478 1833 3523 ex
1847 3477 1968 3527 rerum
1983 3457 2085 3543 locis,
2109 3461 2164 3528 de-

1184 3552 1365 3632 finitione,
1391 3550 1586 3637 divisione,
1613 3555 1726 3624 causis
1740 3569 1774 3624 ει
1788 3554 1878 3634 aliis.

1289 3653 1364 3724 Aut
1380 3653 1518 3727 utimur
1535 3654 1782 3742 distinctione,
1808 3657 1973 3746 ambigua
1998 3659 2095 3735 enim
2115 3660 2165 3730 di·

1184 3756 1316 3844 stingui
1336 3769 1494 3846 oportet,
1520 3770 1561 3827 ut
1575 3757 1666 3826 inira
1685 3759 1814 3833 dicam.

1287 3856 1362 3926 Αιιι
1383 3857 1553 3927 εοΙνίιιιιιε
1577 3882 1640 3949 ρει
1662 3857 1889 3944 instantiam,
1914 3861 1950 3930 id
1978 3874 2051 3947 εει,
2073 3859 2161 3931 ιοΙΙί-

1187 3980 1266 4028 mus
1283 3959 1559 4049 propositionem
1575 3961 1732 4055 aliquam
1746 3977 1884 4033 ostensa
1900 3963 2069 4046 falsitate,
2087 3986 2162 4058 pro·

1186 4062 1258 4130 lato
1274 4060 1437 4152 opposito
1453 4062 1628 4153 exemplo.

1548 4241 1664 4310 Ριῐηια
1685 4244 1810 4332 repulu.

1288 4368 1332 4438 In
1346 4365 1445 4435 omni
1461 4368 1765 4456 argumentatione
1786 4370 1900 4459 prima
1922 4373 2091 4455 curarit,
2115 4373 2164 4442 in·

1187 4470 1387 4562 spiciendae
1417 4481 1451 4537 et
1481 4469 1693 4539 indicandae
1721 4473 2017 4564 consequentiae,
2048 4462 2094 4544 a'n
2125 4475 2165 4543 ad

1187 4573 1318 4641 iormas
1339 4586 1372 4642 et
1388 4570 1526 4658 regulas
1547 4594 1652 4662 supra
1669 4571 1708 4641 in
1723 4587 1794 4644 tota
1809 4570 2003 4644 Dialectica
2026 4575 2165 4647 traditas

1188 4676 1347 4769 quadret.
1399 4671 1449 4744 Ut
1462 4672 1558 4741 enim
1574 4672 1683 4761 arsin
1698 4689 1889 4766 conspectu
1904 4676 1967 4756 sit,
1988 4673 2057 4749 hac
2071 4701 2164 4748 exer·

1188 4776 1356 4847 citatione
1377 4774 1529 4844 maxime
1549 4775 1739 4866 perficitur.
1792 4777 1886 4846 Cum
1905 4790 2025 4849 autem
2047 4803 2166 4850 conse·

1188 4877 1331 4972 quentia
1356 4877 1533 4968 discrepat
1559 4878 1605 4945 ab
1631 4877 1748 4970 aliqua
1773 4879 1893 4969 regula
1921 4892 2038 4951 totum
2064 4877 2168 4971 'argu-

1189 4992 1346 5050 mentum
1376 4973 1652 5070 reprehensione
1680 4980 1954 5073 consequentiae
1979 4983 2168 5067 reiiciatur,

1188 5095 1223 5151 et
1237 5093 1452 5152 monstretur
1473 5078 1612 5168 regula,
1637 5104 1658 5151 a
1676 5104 1745 5175 qua
1761 5082 1948 5174 discrepat.
2000 5082 2100 5156 Haec
2115 5110 2169 5157 re·

1189 5183 1238 5253 tio
1253 5184 1395 5253 laudem
1410 5181 1512 5252 affert
1526 5181 1715 5255 celeritatis
1729 5197 1763 5253 et
1782 5185 1935 5275 ingenii,
1962 5187 2046 5279 quia
2061 5212 2170 5279 parvo

1188 5287 1333 5376 negocio
1350 5306 1517 5374 magnum
1537 5284 1732 5375 perieulum
1750 5286 1850 5379 quasi
1864 5288 1987 5380 aliquo
2003 5302 2170 5382 stratege·

1188 5401 1281 5459 mate
1295 5388 1493 5476 dbcussum
1516 5408 1590 5461 esse
1604 5388 1766 5474 videtur,
1791 5402 1825 5460 et
1846 5389 2070 5464 existimatur
2088 5416 2170 5465 acu·
