4538 5754
90 226 122 304 s
444 222 491 296 v,
544 199 1688 298 ιιιιιιιιιωιιιιιοιιιιιιιιιιοοιιιιιιιιιιιιιιε.
2004 211 2082 291 sss

90 401 233 471 tristum
249 394 455 467 nasciDeus
469 396 601 483 voluit,
628 409 661 467 et
675 393 1037 485 significareturtem·
1060 394 1066 488 1
1089 388 1152 475 sit,
1184 387 1249 460 ubi
1278 386 1324 461 sit
1354 389 1573 482 quaerenda,
1605 385 1771 456 videlicet
1801 396 1938 456 tantum
1968 385 2006 456 in
2033 409 2074 457 eo

90 527 111 576 s
128 499 400 572 resurrectionis
416 513 642 572 mortuorum
658 520 698 569 ac
713 494 850 569 iudicii.
1088 502 1211 576 coctu,
1243 490 1307 584 qui
1330 489 1801 583 complectiturdoctrinam
1823 486 1990 580 traditam
2012 511 2076 580 per

146 602 287 693 Quarto
316 600 531 673 observandi
558 613 644 672 sunt
671 598 742 669 loci
773 597 958 669 doctrinae
991 598 1036 667 de
1086 586 1303 687 Prophetas,
1335 587 1519 663 Christum
1539 604 1574 662 et
1596 589 1801 683 Apostolos.
1855 585 1940 661 Nou
1961 588 2076 682 impe·

90 703 284 789 enitentia,
310 705 353 774 de
368 703 456 789 lide,
481 705 526 774 de
544 700 803 775 iustificatione.
1087 694 1159 779 ria,
1191 718 1266 764 non
1295 716 1401 785 opes,
1432 717 1507 763 non
1531 694 1747 778 multitudo,
1776 714 1852 762 non
1873 704 2073 783 temporum

146 805 286 896 Quinto
318 804 476 895 exempla
506 805 684 877 honorum
718 801 953 874 etmalorum
977 823 1034 871 re·
1086 795 1303 867 diuturnitas
1325 809 1483 881 moveat,
1511 809 1552 867 ut
1575 794 1748 887 populum
1770 817 1844 865 esse
1863 789 1933 863 Dei
1952 793 2074 866 existi-

90 936 124 981 m
138 908 356 999 excerpenda
373 919 467 980 sunt.
1086 919 1178 983 mes,
1204 918 1264 969 eos
1285 897 1348 991 qui
1367 911 1430 969 aut
1449 898 1652 968 universam
1673 895 1872 968 doctrinam
1888 891 2073 989 propheti-

145 1009 254 1082 Sexto
280 1008 483 1080 testimonia
513 1009 558 1078 de
588 1004 846 1077 resurrectione
869 1019 1035 1076 mortuo-
1086 1022 1161 1069 cam
1186 1013 1221 1071 et
1243 1000 1472 1092 apostolicam
1495 999 1687 1085 abiiciunt,
1720 1012 1782 1070 aut
1804 998 1920 1091 palam
1939 1010 1978 1068 et
1992 1020 2074 1090 per·

90 1138 122 1183 m
140 1112 420 1182 considerentur.
1085 1100 1249 1172 tinaciter
1263 1102 1358 1172 idola
1375 1102 1584 1177 defendunt.
1622 1130 1627 1138 ·

144 1211 306 1305 Septimo
329 1210 565 1305 praemonitio
591 1209 747 1280 traditur
768 1209 813 1278 de
828 1207 948 1299 regnis
963 1207 1033 1276 im·
1187 1200 1285 1274 Haec
1304 1199 1429 1294 Capita
1451 1204 1607 1276 breviter
1626 1202 1805 1286 recensui,
1831 1216 1870 1274 ut
1894 1203 2072 1274 studiosus

92 1338 129 1400 s,
163 1338 254 1408 quae
282 1312 376 1383 circa
406 1314 512 1383 linem
544 1311 671 1382 mundi
699 1305 936 1399 Evangelium
965 1305 1033 1379 Dei
1084 1302 1197 1375 lector
1224 1304 1264 1374 in
1298 1305 1475 1376 vestibulo
1504 1305 1621 1379 statim
1652 1306 1772 1378 videat
1794 1328 1849 1375 res
1872 1326 2016 1396 magnas
2039 1318 2073 1376 et

90 1418 159 1487 lere
183 1417 418 1490 conabuntur.
470 1408 517 1486 Et
539 1415 699 1485 luctuosa
722 1412 894 1503 dispersio
908 1407 1033 1483 Eccle-
1084 1406 1190 1476 utiles
1215 1406 1254 1475 in
1279 1400 1344 1478 hac
1363 1402 1510 1478 historia
1534 1407 1641 1480 tradi.
1691 1406 1876 1480 Accedunt
1898 1406 2017 1509 obiter
2037 1420 2072 1478 et

90 1517 371 1601 edescribitur,
397 1530 437 1588 ut
462 1540 559 1586 nunc
582 1516 650 1585 sub
671 1512 799 1583 Turcis
821 1527 855 1585 et
875 1514 954 1583 aliis
976 1537 1033 1583 re·
1084 1507 1266 1580 aliimulti
1281 1508 1351 1578 loci
1366 1504 1795 1584 doctrinaeChristianae.
1838 1505 1973 1604 Estque
1982 1532 2070 1602 pru-

90 1643 165 1700 sus,
198 1617 261 1712 qui
292 1640 419 1707 magna
448 1616 658 1689 crudelitate
692 1614 789 1685 idola
822 1615 1032 1701 defendunt,
1084 1609 1204 1679 dentia
1228 1605 1432 1681 adhibenda
1455 1611 1494 1681 iu
1517 1608 1774 1689 distribuendis
1797 1612 1904 1682 rebus
1916 1623 1952 1681 et
1966 1634 2071 1682 usur·

90 1720 191 1815 persi
219 1731 304 1789 sunt
332 1720 405 1812 pii,
453 1719 653 1790 doctrinam
686 1712 877 1807 Evangelii
906 1740 1031 1812 puram
1083 1711 1229 1804 pandis,
1271 1711 1466 1782 videndum
1505 1736 1595 1808 quae
1631 1737 1713 1806 pars
1750 1713 1931 1785 contineat
1965 1711 2071 1805 leges,

90 1822 302 1917 tplectentes.
356 1818 399 1890 ln
421 1834 518 1892 tauta
537 1819 696 1912 gentium
712 1819 923 1889 confusione
937 1820 1032 1888 mul·
1084 1836 1173 1907 quae
1195 1814 1427 1885 concionetur
1449 1816 1493 1885 de
1514 1815 1812 1908 promissionibus
1835 1817 1931 1887 etde
1945 1809 2069 1885 Evan-
2197 1897 2204 1910 ·

90 1951 95 1994 ι
116 1935 203 1995 suut
224 1919 402 1993 humanae
426 1922 575 1994 rationis
596 1920 870 2012 disputationes:
901 1921 961 1991 Au
983 1920 1030 1993 sit
1083 1916 1188 2007 gelio.
1240 1914 1331 1986 Nam
1354 1919 1399 1986 ad
1415 1909 1502 1997 haec
1518 1917 1634 2009 prima
1648 1917 1774 2010 Capita
1789 1917 1878 1990 utile
1896 1930 1947 1988 est
1960 1930 2073 1988 mate-

90 2026 232 2096 tcrimen
261 2023 419 2113 gentium
453 2047 515 2095 seu
544 2018 733 2092 hominum
763 2022 923 2112 futurum
954 2036 1032 2112 post
1083 2018 1153 2088 rias
1174 2040 1299 2088 omues
1318 2018 1462 2104 referri,
1478 2016 1697 2091 „Videndum
1718 2043 1807 2115 quae
1822 2042 1901 2112 pars
1917 2019 2070 2090 illustret

90 2150 133 2198 uc
153 2124 288 2197 vitam?
338 2120 399 2196 Au
414 2122 510 2195 Deus
525 2125 571 2196 sit
584 2122 740 2216 praemia
757 2135 792 2193 et
810 2147 942 2216 poenas
957 2123 1031 2193 dis-
1082 2122 1259 2209 dogmata.
1320 2116 1391 2206 Ut,
1424 2121 1519 2215 qnid·
1542 2134 1657 2213 potest
1678 2121 1853 2194 illustrius
1874 2116 1939 2193 καὶ
1961 2118 2070 2216 ἐναρ-

90 2228 240 2300 hnturus
261 2222 494 2297 hominibus?
551 2223 611 2295 An
631 2224 677 2295 sit
699 2237 815 2295 certus
840 2220 1029 2295 hominum
1080 2217 1256 2320 ys'ucapos
1277 2220 1347 2292 dici
1368 2235 1493 2293 contra
1512 2220 1678 2306 ludaeos,
1702 2246 1808 2318 ιιιιιιιι
1825 2224 1924 2318 quod
1939 2219 2070 2293 Daniel

90 2345 179 2415 ttus,
212 2352 317 2422 quem
341 2324 439 2399 Deus
461 2342 554 2398 amet
579 2324 717 2397 reiectis
742 2326 887 2397 caeteris
912 2320 1031 2397 homi·
1081 2325 1213 2395 diserte
1233 2323 1396 2395 adfirmat
1410 2319 1592 2397 Christum
1615 2326 1712 2398 nasci
1738 2339 1903 2418 oportere
1917 2325 2070 2397 durante

90 2431 171 2504 sus?
222 2424 400 2523 Epicurus
431 2441 534 2520 negat
563 2425 767 2520 superstites
792 2451 865 2497 esse
890 2429 1030 2498 animus
1081 2424 1205 2517 politia
1232 2423 1404 2501 Mosaica.
1479 2422 1580 2518 Ergo
1605 2427 1698 2500 illud
1725 2423 1945 2499 horrendum
1976 2423 2070 2496 exci-

90 2532 241 2603 minum.
291 2528 369 2600 Alii
384 2524 597 2622 Philosophi
620 2526 776 2620 cogitant
796 2530 933 2600 animas
956 2552 1030 2601 esse
1081 2528 1182 2599 dium
1198 2528 1299 2599 urhis
1315 2525 1568 2622 lerosolymae,
1595 2542 1632 2600 et
1647 2530 1772 2601 ruinae
1785 2528 1893 2603 totius
1907 2524 2070 2614 Iudaeae,

90 2657 199 2704 mmas
222 2626 421 2717 aethereas,
448 2632 477 2700 si
501 2631 589 2724 quid
612 2643 696 2701 sunt
710 2629 867 2700 alienum
883 2655 902 2702 a
919 2645 1029 2701 mate-
1081 2622 1152 2698 iam
1180 2626 1408 2701 annis1470
1436 2631 1680 2704 testimonium
1704 2631 1849 2718 dieunt,
1884 2624 2068 2702 Christum

122 2731 415 2815 Elementorum,
446 2733 627 2804 evolantes
655 2731 695 2800 in
726 2731 880 2803 sublime
910 2733 1028 2804 nescio
1080 2743 1204 2818 natum
1228 2754 1319 2817 esse,
1353 2747 1386 2803 et
1407 2729 1564 2805 refutant
1585 2730 1799 2804 ludaeorum
1820 2733 2009 2804 amentiam
2035 2744 2070 2800 et

90 2861 120 2910 a,
1080 2834 1311 2901 execrandam
1330 2834 1570 2924 pertinaciam.
1623 2834 1830 2922 Videndum
1852 2834 1957 2904 etiam
1977 2854 2069 2925 quae

136 2930 321 3008 Adversus
350 2928 415 3004 has
443 2929 648 3026 prophanas
672 2932 945 3025 imaginationes
970 2934 1027 3004 di-
1079 2935 1125 3004 ad
1141 2957 1245 3004 usum
1260 2934 1298 3002 in
1314 2934 1539 3007 invocatione
1556 2937 1747 3007 transferre
1759 2935 1948 3028 possimus.
1989 2935 2068 3005 Da·

90 3058 175 3121 mus
197 3060 240 3106 ex
256 3032 475 3124 Evangelio,
502 3058 585 3107 vere
599 3033 732 3106 Filium
748 3032 819 3106 Dei
839 3035 1027 3106 resuscita·
1079 3035 1152 3105 niel
1173 3035 1225 3105 sic
1244 3050 1425 3126 precatur,
1450 3037 1608 3127 agnoscit
1622 3049 1786 3130 peccata,
1804 3049 1839 3108 et
1853 3036 1942 3129 petit
1956 3058 1976 3105 a
1988 3032 2067 3106 Deo

90 3163 157 3213 um
181 3158 256 3208 esse
279 3150 458 3223 mortuos,
483 3150 525 3208 ut
541 3137 619 3229 pios
637 3148 740 3207 ornet
755 3136 907 3208 aeternis
926 3158 1027 3226 prae-
1078 3137 1325 3211 liberationem
1346 3139 1475 3208 fiducia
1493 3139 1774 3229 misericordiae,
1799 3150 1836 3210 et
1851 3136 2067 3208 nominatim

90 3243 139 3327 is,
165 3252 200 3310 et
223 3238 352 3331 impios
372 3239 498 3329 poenis
514 3238 668 3313 adficiat.
717 3233 768 3310 Et
781 3238 1025 3311 testimouium
1077 3239 1194 3311 addit:
1234 3233 1430 3338 Propter
1462 3235 1730 3328 Dominum,
1763 3240 1947 3327 videlicet,
1981 3260 2066 3333 pro-

90 3345 145 3415 ius
164 3340 349 3411 doctrinae
372 3340 508 3410 editum
527 3354 580 3410 est
604 3339 761 3425 illustre,
786 3337 1025 3412 Resuscitatio
1077 3355 1156 3436 plau
1169 3342 1382 3434 promissum
1400 3340 1580 3413 Messiam.

90 3459 280 3523 rtuorum,
306 3441 341 3510 id
367 3442 507 3529 signum
525 3442 703 3533 peculiare
719 3444 753 3513 et
769 3441 956 3534 proprium
974 3455 1026 3514 es't
1178 3444 1276 3516 Haec
1297 3459 1350 3517 est
1372 3468 1454 3516 vera
1478 3444 1691 3537 precationis
1712 3445 1827 3517 forma
1849 3443 1888 3514 in
1904 3438 2067 3514 Ecclesia

90 3570 110 3618 s
139 3558 276 3627 coetus,
315 3542 376 3635 qui
406 3543 592 3634 profitetur
625 3543 827 3614 doctrinam
856 3543 1023 3616 traditam
1076 3543 1162 3631 Dei,
1188 3549 1414 3618 accedere-ad
1429 3544 1545 3617 Deum
1560 3547 1692 3619 fiducia
1704 3545 1966 3619 misericordiae
1981 3568 2066 3637 pro·

90 3638 320 3736 rPruphetas,
342 3639 529 3715 Christum
541 3658 574 3714 et
584 3641 787 3736 Apostolos.
839 3640 912 3715 Nec
925 3645 1024 3738 quis-
1077 3649 1203 3719 missae
1232 3663 1378 3741 propter
1392 3648 1526 3720 Filium
1549 3649 1780 3720 mediatorem
1797 3675 1837 3720 ac
1860 3650 2066 3738 deprecato-

90 3772 141 3823 ιω
160 3746 253 3818 alius
273 3757 433 3816 mortuos
453 3746 493 3814 in
508 3747 619 3817 vitam
635 3747 834 3832 revocavit,
859 3745 935 3817 nisi
948 3747 1025 3817 eius
1076 3772 1160 3822 rem.
1213 3750 1353 3822 Arcana
1376 3774 1431 3821 res
1457 3762 1526 3836 cst,
1553 3765 1589 3822 et
1608 3751 1729 3840 ignota
1752 3753 1888 3821 mundo
1905 3745 1992 3819 haee
2006 3749 2065 3817 in-
2210 3797 2214 3804 -

90 3850 217 3925 etriuae
248 3847 475 3940 pmlessores.
541 3846 688 3919 Certum
718 3861 771 3920 est
797 3847 911 3939 igitur
931 3841 1024 3920 banc
1076 3851 1236 3933 vocatio,
1263 3855 1323 3923 sed
1346 3854 1414 3944 piis
1434 3853 1495 3945 qui
1517 3876 1606 3922 vere·
1615 3848 1731 3924 Deum
1747 3855 1894 3938 timent,
1919 3852 1959 3921 in
1974 3872 2065 3946 quo-

90 3952 236 4027 eriuam
250 3971 324 4020 esse
339 3950 519 4034 divinam,
543 3974 637 4042 quae
653 3950 797 4044 quidem
815 3950 1024 4043 solaprima
1075 3953 1220 4023 tidianis
1236 3956 1411 4028 exercitiis
1425 3955 1592 4027 discenda
1610 3969 1680 4036 est,
1705 3980 1745 4025 ac
1762 3958 1905 4049 prodest
1921 3955 1960 4022 in
1976 3977 2063 4024 con-

101 4052 268 4126 camium
290 4051 331 4151 iu
351 4052 501 4122 mundos
550 4047 599 4122 Et
621 4045 709 4121 haec
725 4051 940 4144 pronunciat
953 4048 1022 4124 Ec·
1074 4071 1196 4148 spectu
1226 4050 1358 4128 habere
1380 4055 1479 4128 hanc·
1495 4054 1644 4126 sormam
1668 4057 1707 4127 in
1728 4054 1878 4128 Daniele
1900 4055 2063 4148 proposi-

90 4155 178 4228 sian
203 4176 266 4222 seu
289 4153 464 4244 populum
487 4147 561 4222 Dei
578 4175 651 4224 esse
673 4173 735 4223 eos
751 4152 822 4247 qui·
841 4149 934 4224 hauc
956 4156 1024 4225 do·
1074 4170 1165 4240 tam,
1208 4173 1249 4228 ut
1278 4180 1345 4231 stro
1376 4163 1453 4231 loco
1485 4159 1676 4252 copiosius
1693 4161 1842 4231 dicetur.
1916 4154 2063 4227 Habent
2105 4194 2109 4200 ·

90 4260 182 4329 inam
200 4255 483 4346 amplectuntur,
509 4268 664 4326 caeteros
680 4255 755 4325 nun
772 4274 858 4329 esse.
908 4252 1024 4328 Docet
1073 4280 1177 4330 nsum
1199 4258 1238 4328 in
1262 4254 1392 4332 horum
1410 4276 1610 4352 temporum
1626 4262 1794 4354 periculis
1809 4275 1845 4330 et
1858 4257 2063 4351 praemoni-

90 4384 113 4431 ιι
123 4354 322 4430 Ecclesiam
336 4379 414 4429 non
431 4374 505 4426 esse
517 4356 706 4428 maximam
721 4351 911 4428 hominum
926 4356 1023 4428 mul·
1073 4358 1206 4444 tiones,
1232 4382 1323 4454 quae
1345 4365 1539 4434 ostendunt
1562 4386 1653 4457 qnae
1674 4364 1719 4432 sit
1742 4358 1920 4442 Ecclesia,
1948 4374 1983 4432 et
2004 4359 2064 4432 iu·

90 4460 242 4543 rdinem,
272 4457 348 4528 iaso
372 4481 481 4550 saepe
498 4456 667 4549 exiguum
688 4471 723 4530 et
745 4459 917 4530 miserum
939 4481 1021 4529 sne-
1072 4461 1158 4534 bent
1179 4463 1292 4534 vitare
1309 4468 1511 4539 societatem
1530 4488 1672 4550 eorum,
1698 4464 1760 4558 qui
1777 4486 1909 4534 nomen
1926 4457 2064 4537 Christi

90 4582 199 4636 sessa
216 4572 434 4653 oppressum
452 4558 623 4633 seruitute
640 4559 913 4632 et-aliismnltis
924 4560 1019 4632 ιώ·-
1071 4564 1190 4634 delere
1219 4583 1413 4655 conentur,
1457 4578 1520 4639 aut
1546 4566 1641 4637 idola
1671 4578 1795 4637 contra
1823 4561 2065 4658 Evangelium

90 4662 235 4748 stibus,
255 4685 359 4754 saepe
381 4684 491 4755 peaes
514 4662 648 4756 impios
667 4677 709 4735 et
726 4656 847 4734 hostes
858 4659 928 4734 Dei
944 4684 1023 4735 asse
1069 4664 1281 4742 delendunt.

90 4765 178 4842 seria
195 4777 231 4836 et
245 4786 342 4854 opes.
877 4832 882 4843 .

128 4864 223 4942 nun
244 4858 472 4986 membres
493 4867 627 4955 ³⁹0⁰?oe
650 4866 809 4938 onaan
823 4860 1016 4938 humum
1132 4870 1243 4957 Loci
1266 4872 1492 4980 praecipue
1516 4872 1778 4981 observandi
1797 4870 1841 4958 iu
1861 4868 1996 4982 prino

90 4991 228 5051 ouem,
255 4987 349 5063 (puae
370 4988 491 5057 ignara
514 4969 588 5040 irae
612 4967 679 5040 Dei
701 4971 873 5040 adrem
893 4991 1021 5060 paces«
1144 4998 1150 5007 ·
1482 4983 1647 5100 cappe·
1778 5026 1783 5035 .

90 5069 283 5147 rhammo
300 5070 495 5141 innatum
512 5066 723 5163 bominum,
754 5067 916 5155 κωιίίιιτ
932 5071 1022 5144 illos·
1102 5072 1105 5115 ἵ
1250 5076 1253 5081 ’
1711 5076 1714 5081 ’

90 5180 144 5251 'ms
158 5152 237 5246 Deo
259 5194 367 5243 casus·
383 5194 477 5257 esse,
501 5175 639 5267 quibus
655 5177 716 5246 dat
741 5186 832 5268 opas
846 5186 887 5246 st·
898 5173 1020 5266 impe*
1544 5153 1577 5231 l·
2001 5236 2005 5241 .

90 5280 209 5370 ‚8502
222 5273 328 5346 ealda
342 5287 500 5365 opusest
516 5275 622 5346 nobis
636 5270 1021 5367 haeprssusonltioarsp
1167 5272 1521 5369 Poena-impietatis,
1553 5277 1896 5369 dormimus
1909 5271 1985 5365 cala

90 5383 239 5456 edesse
255 5378 445 5473 quomodo-
460 5371 761 5451 dsEcclesiaDel
786 5376 1022 5455 audendum>
1064 5390 1118 5449 tas
1131 5379 1258 5473 populi
1276 5376 1425 5456 loduici.
1941 5436 1958 5443 ,.
2044 5412 2070 5469 ‘t
