4538 5754
101 316 107 322 .
189 221 269 317 391
401 213 858 293 sculptarum
884 212 956 290 An
978 215 1108 314 lllsT.
1131 211 1278 294 tuor.
1307 213 1376 291 ET
1401 214 1593 296 tultos,
1619 215 1941 293 SPECTANTIA.
2129 208 2208 296 292

196 389 300 462 terris
316 385 446 469 ricini,
470 407 572 478 saepe
587 385 625 453 in
651 386 800 455 eandem
824 400 959 477 partem
982 386 1108 457 mundi
1128 385 1177 456 si·
1328 384 1511 459 Hactenus
1525 390 1679 479 exposita
1695 405 1749 461 est
1765 389 1856 460 ratio
1873 402 2053 474 motuum,
2079 388 2210 482 quibus
2253 343 2267 415 l

195 493 270 562 mul
304 489 569 570 incumberent,
601 488 663 555 sed
686 488 824 557 vicibus
852 489 990 579 partitis
1021 490 1177 566 alterna·
1227 491 1477 560 feruuturduo
1493 491 1652 576 lumina,
1677 502 1882 562 etcaeterae
1898 491 2055 583 quinque
2078 490 2211 575 stellae,
2253 471 2267 515 ²¹

196 604 277 662 rent
296 588 520 666 latitudines,
541 599 576 656 et
594 586 701 658 simul
726 600 766 657 ut
788 585 880 678 Regi
904 612 969 659 suo
992 589 1177 659 adiversis
1228 614 1317 683 quae
1333 604 1477 680 propter
1491 591 1696 663 varietatem
1718 614 1885 661 cursuum
1909 594 2094 681 πλανῆται
2117 590 2211 660 anti·
2254 574 2267 671 f*

198 692 408 785 plerumque
436 687 607 758 lateribus
635 689 839 759 assisterent
867 702 902 759 et
924 689 1178 763 ministrarent.
1229 692 1350 784 quitus
1371 691 1605 780 appellantur.
1664 691 1796 762 Sumus
1819 703 1936 762 antem
1956 691 2068 763 se'cuti
2084 678 2129 760 in
2149 693 2214 760 de-
2255 676 2267 722 ¹

185 788 373 864 'Estenim
395 785 464 860 boc
483 801 709 879 perpetuum,
733 789 830 882 quod
845 788 967 860 Venus
986 812 1110 859 omnes
1125 790 1179 858 la·
1230 791 1427 861 scribendis
1453 791 1526 859 illis
1558 790 1752 862 Ptolemaei
1783 786 2014 886 hypotheses,
2046 814 2140 886 quae
2159 804 2215 863 tot
2255 774 2267 823 ¹

199 892 370 963 titudines
385 911 466 960 suas
486 889 621 980 perlicit
645 890 686 957 in.
707 891 919 959 contrariam
941 905 1076 982 partem
1096 891 1180 960 lati·
1230 892 1428 962 seeulorum
1460 892 1664 963 testimonio
1687 892 1954 983 comprobatae,
1985 906 2216 964 non‘tmem
2256 880 2267 925 ¹

200 992 365 1066 tudinum
384 990 572 1075 Mercurii,
597 1003 633 1061 et
647 1005 799 1061 econtra.
849 989 940 1060 Nam
957 1004 991 1061 et
1007 991 1180 1062 eccentri-
1231 991 1543 1066 convellidebent.
1593 989 1641 1063 Et
1661 994 1774 1062 sicubi
1798 991 2029 1063 aPtolemaei
2058 1006 2216 1085 tempore

200 1116 262 1164 cus
277 1091 427 1162 Veneris
443 1091 556 1160 defert
572 1113 676 1161 suum
690 1091 885 1185 epicyclum
901 1105 1039 1162 tautum
1055 1113 1177 1160 versus
1231 1096 1275 1162 ad
1291 1106 1447 1162 nostram
1464 1115 1576 1185 usque
1591 1106 1739 1165 aetatem
1754 1094 1867 1185 (quod
1884 1092 2113 1164 intervallum
2128 1114 2218 1162 con·

202 1192 491 1286 septentrionem,
506 1189 679 1262 Mercurii
694 1192 909 1262 eccentricus
926 1207 1067 1262 econtra
1077 1216 1181 1261 suum
1233 1194 1322 1266 tinet
1337 1193 1490 1282 amplius
1508 1195 1606 1263 mille
1629 1193 1898 1287 quadringentis
1919 1193 2040 1279 annis)
2063 1214 2217 1282 apogeu-
2264 1270 2266 1277 ,

202 1305 339 1365 tantum
354 1314 476 1362 versus
497 1292 701 1377 meridiem,
727 1315 792 1362 nec
809 1292 848 1362 tit
861 1293 980 1385 aliqua
997 1289 1056 1362 bic
1075 1293 1182 1362 vicis-
1232 1317 1312 1364 rum
1337 1306 1372 1363 et
1394 1292 1623 1364 latitudinum
1645 1297 1722 1365 loca
1748 1295 1788 1364 in
1815 1295 1903 1365 alias
1930 1306 2047 1385 partes
2071 1290 2221 1361 zodiaci
2262 1366 2267 1387 ,

203 1395 333 1469 situdo.
369 1390 417 1463 Et
431 1394 469 1461 in
484 1392 647 1486 epicyclis
661 1393 789 1462 similis
803 1406 855 1462 est
866 1395 979 1478 ratio,
1003 1417 1083 1464 cum
1098 1405 1184 1464 sunt
1233 1394 1401 1465 translata
1425 1409 1527 1480 sunt,
1551 1397 1704 1466 mutuati
1727 1417 1850 1465 sumus
1870 1417 2039 1464 numeros
2059 1415 2221 1464 areten-

204 1496 264 1567 siti
279 1496 318 1564 in
334 1494 460 1563 iisdem
477 1493 636 1584 partibus
650 1516 798 1564 suorum
813 1495 1100 1578 eccentricorum,
1115 1489 1183 1563 hoc
1235 1496 1326 1566 tium
1340 1494 1512 1566 artificum
1527 1496 1849 1567 observationibus.
2261 1480 2266 1493 ⁹

205 1610 277 1681 cst,
300 1596 432 1686 pariter
450 1595 506 1663 vel
520 1593 561 1662 in
576 1616 728 1685 apogeo,
753 1594 809 1663 vel
830 1592 870 1663 in
883 1595 1043 1686 perigeo,
1067 1594 1124 1665 vel
1145 1594 1184 1662 in

204 1721 278 1768 uuo
308 1698 417 1768 nodo.
482 1693 574 1766 Nam
602 1695 667 1765 ubi
690 1692 833 1780 Venus,
864 1695 921 1765 vel
941 1695 1187 1779 inclinatione,

113 1860 121 1877 ,
206 1797 264 1867 vel
280 1797 469 1868 reflexione
484 1818 547 1866 sua
570 1807 737 1885 evagatur
757 1818 876 1866 versus
898 1796 1186 1888 septentrionem,

205 1898 259 1968 ibi
279 1896 479 1968 Mercurius
501 1895 652 1967 discedit
673 1897 800 1966 iisdem
827 1896 1060 1968 latitudinum
1083 1895 1187 1965 dille-

206 1997 332 2069 rentiis
348 1999 387 2066 in
409 1995 622 2067 contrariam
639 1997 779 2088 plagam
793 1997 1006 2081 australem,
1032 2011 1068 2069 et
1080 2019 1187 2068 econ-

206 2112 278 2179 tra,
304 2097 513 2192 permutatis
525 2120 664 2190 semper
677 2097 826 2173 vicibus.

1337 1626 1465 1718 Videri
1486 1641 1603 1701 autem
1626 1630 1757 1722 poterit
1779 1627 1959 1721 aliquibus
1974 1626 2222 1718 intempestiva

1237 1726 1305 1800 hoc
1321 1727 1362 1797 in
1375 1729 1454 1800 loco
1469 1744 1631 1801 motuum
1649 1729 1854 1800 coelestium
1869 1741 1942 1799 tam
1958 1727 2097 1822 prolixa
2112 1749 2223 1817 expo-
2264 1768 2267 1802 ;

1239 1830 1340 1914 sitio,
1363 1853 1454 1923 quae
1469 1830 1556 1901 alibi
1570 1832 1726 1903 traditur
1745 1829 1963 1917 accuratius,
1986 1842 2056 1898 eta
2074 1823 2223 1922 physica

1240 1929 1402 2002 doctriua
1424 1944 1586 2002 censetur
1607 1930 1834 2020 seiungenda.
1897 1926 1969 2000 Sed
1998 1948 2067 1998 nos
2088 1926 2221 1997 multas

1239 2053 1360 2103 causas
1375 2028 1585 2115 babuimus,
1616 2056 1679 2101 cur
1701 2027 1793 2099 hanc
1814 2028 2053 2099 narrationem
2072 2029 2117 2096 de
2141 2050 2223 2095 mo-

1240 2147 1341 2228 tuum
1356 2131 1494 2220 legibus
1516 2128 1598 2201 huic
1612 2127 1778 2224 physicae
1793 2130 1886 2219 parti
1906 2129 2126 2199 attexendam
2147 2148 2224 2195 esse

308 2231 376 2303 llis
405 2233 521 2304 tribus
550 2232 801 2304 latitudinibus
825 2233 987 2303 conflatis
1016 2231 1190 2326 reperitur
1240 2234 1468 2318 duceremus,
1503 2255 1590 2325 quas
1625 2229 1683 2302 hic
1717 2229 1934 2313 omittimus,
1972 2241 2007 2298 et
2035 2223 2224 2298 hortamur

205 2333 330 2404 Venus
354 2334 440 2405 citra
456 2330 666 2424 Eclipticam
688 2334 880 2427 aliquando
906 2357 1028 2405 versus
1051 2347 1190 2424 septen·
1241 2333 1491 2419 adolescentes,
1509 2349 1551 2405 ut
1564 2333 1758 2424 pleniorem
1775 2324 1883 2400 huius
1897 2327 2124 2399 suavissimae
2139 2349 2224 2418 par·

207 2436 361 2506 trionem
380 2436 514 2504 distans
543 2433 754 2522 lgraduum
771 2446 807 2504 et
826 2433 876 2508 24
889 2435 1108 2507 minutorum
1133 2434 1190 2502 in·
1241 2435 1287 2506 tis
1322 2428 1488 2528 physicae
1522 2434 1761 2522 cognitionem
1792 2454 1833 2499 ex
1862 2427 2056 2499 Ptolemaei
2091 2448 2226 2514 magno

208 2535 378 2614 tervallo‚
412 2555 534 2604 versus
557 2535 741 2605 meridiem
763 2557 847 2604 vero
871 2535 964 2605 ultra
978 2533 1189 2628 Eclipticam
1242 2558 1349 2626 opere
1379 2530 1530 2604 haurire.
1553 2537 1736 2617 studeant,
1777 2529 1874 2622 quod
1903 2524 2010 2597 huius
2037 2527 2228 2595 doctrinae

208 2635 234 2705 6
253 2638 428 2725 graduum
445 2649 479 2704 et
493 2631 544 2704 46
558 2635 791 2709 minutorum.
1242 2637 1359 2706 fontes
1372 2636 1548 2715 continet,
1574 2647 1608 2702 et
1629 2631 1779 2704 nuncin
1794 2627 1985 2701 Academia
2000 2621 2066 2698 hac
2080 2625 2228 2716 publice

208 2750 212 2756 ’
312 2750 515 2822 Mercurius
539 2774 623 2823 vero
644 2775 765 2823 versus
788 2751 972 2822 meridiem
998 2753 1190 2847 aliquando
1244 2734 1689 2829 fideliler‘1¹¹⁹l³‘¹P¹l⁶³l¹¹¹·

209 2854 288 2924 'abit
307 2848 617 2943 ultraEclipticam
633 2853 658 2923 4
675 2877 726 2944 gr.
744 2853 793 2922 dd
802 2853 902 2938 mim,
915 2876 1036 2925 versus
1053 2867 1192 2945 septen·
1229 2904 1237 2922 .
1659 2876 1807 2960 Τέλος,

216 2955 368 3025 trionem
385 2955 468 3024 vero
486 2954 596 3024 ferme
620 2953 830 3046 lgraduum
848 2954 1052 3029 intervallo.

1029 3209 1405 3225 m

954 3451 1134 3519 LIBER
1179 3447 1498 3517 SECUNDUS.

217 3635 341 3755 Nunc
362 3554 445 3745 De!
467 3675 618 3751 ducente
641 3685 676 3744 et
705 3672 851 3744 iuvante
878 3672 1099 3763 ingredimur
1120 3697 1198 3744 eam
1247 3681 1416 3751 ίῡφῠῐθ,
1449 3677 1539 3750 ‘1¹¹³‘
1568 3656 1699 3729 siclini
1727 3658 1966 3746 multllm&
2005 3652 2235 3732 ⁸ltmll⁰⁰²³

211 3788 353 3872 ¹partem
368 3771 553 3870 Phyrites,
577 3796 666 3866 quae
681 3773 808 3844 usitate
821 3774 872 3844 sic
889 3776 1101 3865 adpellatur,
1127 3788 1198 3845 est·
1248 3775 1283 3831 ‘l
1301 3759 1560 3849 ⁰⁰¹f¹¹l²²l⁰¹¹050

219 3903 289 3974 que
314 3875 548 3946 consideratio
577 3875 743 3943 materiae
766 3887 800 3946 et
826 3877 1037 3969 qualitatum
1067 3878 1106 3945 in
1124 3899 1200 3944 ma·
1309 3931 1312 3935 ,
1351 3874 1447 3945 Haec
1464 3874 1701 3946 consideratio
1718 3877 1872 3968 primum
1888 3877 2001 3949 movit
2020 3875 2161 3970 aliquus
2176 3874 2236 3944 in-

219 3978 326 4061 teria,
358 3989 393 4046 et
422 3999 543 4045 earum
574 3975 818 4060 effectionum,
851 3999 941 4068 quae
972 3989 1057 4046 sunt
1078 3999 1200 4046 causae
1250 3978 1362 4066 geniis
1383 3989 1617 4067 praestantes,
1656 3990 1697 4047 ut
1725 3981 1888 4048 ordinem
1920 3974 2026 4049 huius
2051 3976 2236 4048 doctrinae

219 4078 457 4150 mutationum
472 4077 510 4144 in
525 4075 751 4164 corporibus,
776 4090 816 4146 ut
830 4076 1108 4164 generationum,
1132 4101 1201 4147 nu·
1251 4079 1496 4160 instituerent,
1526 4077 1766 4148 discernerent
1795 4102 1943 4170 corpora
1973 4090 2008 4149 et
2036 4076 2236 4170 qualitates,

219 4180 429 4264 tritionum,
456 4176 723 4260 alterationum,
757 4176 1049 4268 corruptionum,
1073 4176 1203 4246 deinde
1251 4194 1286 4250 et
1308 4192 1427 4248 causas
1453 4177 1691 4248 mutationum
1718 4192 1752 4251 et
1772 4180 1985 4248 mixtionum
2011 4188 2238 4271 quaererent,

220 4294 257 4352 et
273 4280 428 4371 partium
453 4277 494 4347 in
519 4276 749 4367 corporibus,
780 4289 816 4346 et
838 4299 1023 4358 causarum
1054 4277 1203 4369 propin·
1238 4302 1292 4349 ,ιο
1323 4279 1453 4348 deinde
1480 4282 1776 4369 progrederentur
1799 4281 1844 4350 ad
1871 4279 2088 4372 quaerendas
2116 4290 2238 4347 causas

222 4405 371 4475 quarum
393 4395 428 4451 et
451 4391 687 4455 remotarum,
722 4390 902 4469 quantum¹
924 4378 999 4448 acie
1028 4373 1204 4448 humanae
1254 4380 1480 4463 remotiores,
1505 4391 1541 4449 et
1562 4392 1603 4449 ut
1624 4380 1673 4451 ita
1697 4381 1835 4465 dicam,
1862 4379 2016 4470 primam
2041 4397 2236 4469 corporum

222 4481 351 4551 mentis
363 4482 402 4549 in
418 4475 483 4550 hac
500 4477 705 4548 infirmitate
720 4477 873 4570 perspici
895 4492 1023 4549 natura
1038 4492 1164 4570 potest.
1253 4479 1557 4573 compositionem.

108 4704 118 4716 ι
325 4613 539 4707 Quanquam
553 4626 669 4684 autem
683 4635 808 4703 magna
826 4628 877 4701 est
902 4613 1014 4702 caligo
1029 4608 1206 4683 humanae
1332 4604 1404 4682 'Et
1420 4605 1508 4681 haec
1529 4610 1604 4702 ipsa
1624 4609 1789 4680 deductio
1813 4611 1858 4679 ad
1877 4610 2029 4701 primaru
2049 4606 2242 4698 originem,

212 4717 352 4786 mentis
377 4727 412 4785 et
442 4727 568 4785 natura
598 4714 740 4805 penitus
773 4714 958 4804 introspiei
982 4736 1056 4782 non
1080 4726 1207 4804 potest,
1254 4711 1481 4783 monstratrix
1498 4725 1550 4783 est
1563 4710 1651 4791 Dei,
1677 4723 1714 4780 et
1727 4710 1888 4779 doctrina
1912 4712 1957 4780 de
1974 4707 2102 4779 ordine
2116 4728 2239 4778 causa-

222 4832 342 4889 tameu
360 4810 447 4884 haec
463 4814 537 4905 ipsa
555 4815 736 4899 doctrina,
763 4838 868 4908 quam
885 4811 982 4885 Deus
997 4828 1117 4885 notam
1132 4835 1205 4884 esse
1254 4837 1336 4884 rum
1358 4812 1540 4883 convincit
1563 4822 1715 4892 mentes,
1747 4821 1788 4879 ut
1809 4810 1914 4880 lateri
1942 4822 2137 4901 cogantur,
2162 4828 2241 4877 esse

221 4919 358 5003 voluit,
389 4916 582 4986 necessaria
608 4928 659 4985 est
682 4911 871 4985 homiuum
898 4917 1008 5000 vitae,
1034 4927 1073 4986 ut
1089 4915 1205 4983 mani·
1252 4911 1369 4985 Deum
1390 4925 1544 4983 mentem
1557 4906 1889 4997 architectatricero,
1914 4934 1994 4983 cum
2010 4909 2168 5004 reliquae
2182 4918 2241 4979 to·

210 5012 438 5103 ,batumum
460 5017 692 5085 adtuendam
707 5015 946 5087 valetudinem
972 5014 1204 5085 necessariam
1254 5015 1326 5084 tius
1350 5027 1516 5093 naturae,
1548 5025 1625 5083 tum
1647 5033 1732 5080 vero
1752 5005 1952 5096 humanae,
1975 5007 2238 5102 cuiimpressit

222 5142 295 5189 esse
316 5118 597 5212 qualemcunque
617 5115 854 5202 cognitionem
877 5117 1032 5209 partium
1053 5111 1204 5187 humani
1253 5115 1421 5199 noticias,
1453 5134 1545 5206 quae
1571 5111 1765 5183 ostendunt
1788 5112 1908 5205 aliquo
1931 5110 2062 5201 modo,
2094 5107 2241 5203 etquid

219 5220 409 5312 corporis,
429 5218 558 5287 deiude
582 5215 811 5307 qualitatum,
843 5240 934 5311 quae
962 5239 1043 5288 cum
1063 5217 1205 5310 ¹quibus
1253 5214 1425 5300 sitDeus,
1450 5225 1486 5284 et
1503 5212 1619 5308 qualis
1642 5211 1688 5282 sit
1710 5212 1786 5282 eius
1808 5213 1993 5299 voluntas,
2024 5209 2163 5281 scilicet
2182 5230 2241 5279 re-

216 5321 458 5409 consentiant,
489 5330 553 5391 sut
570 5329 747 5412 pugnent,
779 5339 870 5411 quae
892 5341 1015 5393 musae
1039 5317 1201 5391 nutriant
1252 5317 1371 5408 golam
1399 5327 1525 5390 teneus
1564 5312 1822 5388 discernentem
1861 5307 2012 5387 honuts
2042 5323 2084 5407 et,
2108 5309 2239 5408 turpia,
