4538 5754
62 238 118 313 st.
497 244 500 249 ·
800 226 858 306 tt·
909 221 1062 305 uttbtt
1085 214 1157 297 DE
1180 215 1359 294 trttMA.
2049 243 2101 317 ⁸2

168 404 328 500 sumt,
341 417 396 481 „g
410 399 542 478 humor
561 399 699 476 ulidus
722 414 757 477 er
777 395 971 487 humidus,
996 395 1057 470 sed
1218 390 1380 464 iuniores
1389 388 1627 463 etdenomine
1640 392 1959 479 admonendisunt.
1985 406 2098 481 Aliud

61 523 303 601 temperatus,
338 505 474 592 dulcis,
505 506 650 590 a'e'rem,
682 502 844 597 pinguis,
868 502 1003 598 optima
1024 512 1060 570 et
1112 507 1163 566 “l
1174 488 1283 588 χολὴ,
1307 493 1405 564 iliud
1417 486 1555 587 χθλερᾶ
1570 493 1664 585 apud
1681 508 1827 584 veteres,
1851 503 1914 594 qni
1930 508 2096 580 morbum

60 611 256 704 praecipua
288 631 372 702 pars
400 606 624 681 nutrimenti.
690 602 767 678 itui
799 604 895 677 enim
919 625 1059 698 semper
1110 596 1297 666 nominant
1308 588 1469 688 χολερᾶν
1486 593 1588 664 abile
1606 594 1751 685 largiter
1764 598 1936 674 induente
1952 607 1991 676 in
2009 634 2097 680 verr-

61 734 147 783 cum
160 711 338 802 sangnine
352 704 535 781 vehuntur
548 707 679 802 reliqui
697 702 876 794 humores,
901 720 935 779 et
950 703 1057 776 simul
1109 699 1298 783 tricolum,
1324 710 1360 769 et
1375 710 1582 787 erumpente
1607 720 1671 786 per
1686 699 1842 772 vomitus
1856 716 1892 775 et
1915 728 1980 796 per
2003 708 2095 781 infe-

26 887 38 914 ·
60 813 159 884 bunt
180 813 425 896 nutrimenta,
456 824 498 883 ut
526 809 671 900 sanguis
700 807 837 882 dilutus
856 803 1057 902 phlegmate
1108 800 1215 872 riora.
1263 794 1331 871 Est
1351 810 1469 871 autem
1485 797 1669 889 diligentia
1690 799 1798 893 digna
1814 804 1985 879 studiosis
1999 825 2092 884 recte

64 912 174 1005 magis
200 913 268 985 alit
295 912 426 1004 frigida
451 926 486 985 et
510 906 659 982 humida
680 912 859 999 membra,
896 925 938 984 ut
959 933 1055 981 cere·
1108 900 1220 997 loqui·

67 1017 184 1087 brom.
239 1013 402 1087 Biliosos
422 1011 538 1103 magio
558 1011 622 1083 alit
641 1013 863 1106 pulmonem.
911 1008 1055 1083 Melan·
1207 997 1297 1073 Atra
1312 999 1397 1072 bilis
1410 1023 1486 1071 non
1500 998 1643 1087 viriosa,
1656 1012 1709 1071 est
1724 995 1856 1075 humor
1871 1011 1981 1102 magis
1996 1036 2092 1086 cras-

63 1111 225 1188 rholicus
240 1116 355 1206 magis
378 1115 445 1186 stit
466 1135 565 1202 ossa,
589 1124 707 1185 tamen
729 1112 917 1206 praecipua
937 1111 1055 1185 nutri·
1104 1125 1165 1175 ιιι·
1180 1116 1217 1176 el
1229 1101 1423 1186 terrestris,
1448 1100 1564 1197 quiin
1579 1101 1752 1193 sanguine
1765 1105 1937 1191 subsidit,
1961 1137 2092 1207 prope-

59 1217 172 1289 menti
189 1240 279 1311 pars
296 1229 349 1289 est
366 1215 417 1302 id,
443 1216 542 1310 qood
556 1216 703 1309 proprie
717 1228 769 1287 est
782 1215 938 1306 sanguis.
960 1211 1052 1283 Nam
1104 1207 1251 1277 modom
1268 1203 1372 1297 nigro
1387 1217 1423 1276 et
1437 1202 1597 1296 spissiori
1611 1204 1696 1274 vino
1711 1203 1857 1292 similis,
1882 1212 1944 1282 sed
1959 1228 2011 1287 est
2023 1217 2091 1287 iri·

59 1319 329 1392 nutrimentum
342 1330 483 1412 oportet
503 1338 577 1389 esse
599 1317 722 1402 dulce,
746 1330 809 1390 sut
830 1316 927 1388 dulei
948 1336 1052 1387 succo
1103 1306 1208 1399 gidus
1223 1319 1257 1378 et
1272 1306 1396 1380 siccos.
1427 1302 1515 1376 Pars
1531 1299 1674 1377 vehitur
1686 1329 1765 1376 cum
1782 1310 1973 1401 sanguine,
1996 1340 2089 1410 quae

56 1420 228 1492 dilutum.
277 1418 376 1491 llaec
395 1422 441 1491 de
461 1418 646 1510 sauguinis
668 1418 823 1492 utilitate
843 1415 1052 1490 brevissime
1103 1421 1223 1481 tamen
1239 1407 1323 1503 quit
1337 1405 1490 1478 diluitur
1505 1406 1690 1498 unguine,
1710 1407 1846 1499 pontici
1862 1415 1998 1503 saporis
2012 1441 2089 1489 ma-

56 1522 222 1593 recitasse
234 1521 323 1593 satis
341 1520 402 1597 sit,
736 1538 740 1547 ·
1102 1507 1154 1600 gis
1177 1522 1248 1596 est,
1280 1533 1388 1603 qoam
1412 1506 1524 1593 acidi,
1554 1521 1595 1578 ut
1617 1503 1768 1579 Aeaciae
1789 1531 1852 1581 seu
1871 1509 2088 1608 Cydoniam.

158 1634 337 1728 phlegm,
364 1652 417 1711 „t
438 1633 570 1711 humo,
593 1640 832 1730 ,ubaqmm’
865 1659 931 1730 qm
958 1632 1050 1727 ,χρὴ
1101 1607 1256 1727 Reliqua
1278 1609 1451 1682 naturalis
1466 1607 1648 1680 derivatur
1664 1609 1703 1677 in
1719 1609 1898 1702 splenem,
1923 1633 2086 1709 quaeest

57 1740 184 1834 coqui,
209 1754 252 1810 ut
267 1741 330 1811 liat
344 1741 507 1831 sanguis,
531 1742 593 1811 sed
609 1740 771 1811 noudum
785 1748 971 1830 percoctus
984 1747 1048 1809 est.
1101 1712 1213 1783 Μὴ·
1550 1796 1555 1805 .

57 1838 143 1911 ldeo
162 1854 220 1912 est
241 1840 432 1926 subalbns,
464 1840 659 1933 insipidus,
690 1838 827 1924 tenuis,
857 1860 934 1908 non
967 1835 1049 1928 pin.
1203 1823 1348 1899 Utilitas
1364 1823 1440 1894 eins
1457 1839 1528 1910 est,
1551 1824 1758 1916 sanguinem
1777 1827 1925 1900 reddere
1940 1829 2085 1922 spissio-

55 1943 153 2033 guis,
180 1965 252 2012 uec
278 1941 397 2013 colore
419 1963 576 2036 aequans
598 1940 819 2031 sanguinem.
869 1937 1050 2011 Utilitates
1102 1948 1178 1997 rem
1193 1940 1229 1999 et
1245 1924 1483 2016 adstringere,
1505 1938 1539 1997 et
1561 1926 1695 2019 ubique
1719 1926 1888 2000 adiuvare
1913 1931 2085 2003 retentio-

56 2043 130 2117 ρίω
144 2056 247 2127 nm,
274 2042 461 2113 materiam
478 2064 564 2128 me,
588 2065 632 2112 ex
648 2065 717 2134 qm
731 2039 772 2112 fit
788 2040 942 2131 unguis,
966 2060 1047 2109 cum
1100 2052 1202 2112 ilem,
1229 2040 1265 2098 Oi
1289 2049 1361 2097 Ilm
1394 2049 1475 2097 1111111
1507 2029 1679 2116 Sanguine
1710 2027 1849 2100 nutrire
1878 2027 2084 2104 melancho-

55 2144 230 2236 peulatim
247 2142 360 2233 magis
371 2143 549 2236 coquitur.
598 2141 688 2214 ltem
716 2143 880 2212 ardorem
904 2137 1049 2228 sangui-
1099 2128 1167 2199 lice
1183 2127 1364 2213 membra,
1388 2139 1514 2198 0⁸⁸⁸et
1529 2127 1700 2217 splenem.

56 2247 109 2316 nis
122 2245 308 2335 mitigare.
333 2242 422 2315 ltem
438 2238 641 2335 prohibere,
669 2265 714 2312 ne
727 2241 870 2333 sanguis
884 2241 943 2312 fiat
958 2242 1048 2310 den·
1200 2243 1443 2319 Recitavimus
1460 2244 1618 2315 diversas
1633 2239 1825 2315 humomm
1840 2245 1982 2338 species,
1996 2273 2083 2342 quae

56 2348 126 2418 sior
147 2360 183 2417 et
200 2345 356 2418 aridior.
410 2342 516 2429 ltem,
537 2368 618 2414 corn
639 2340 812 2435 sanguine
832 2344 927 2413 alere
951 2364 1049 2412 cere-
1098 2359 1226 2417 natnra
1254 2344 1367 2438 gignit
1394 2369 1599 2436 magnamm
1622 2343 1816 2423 utilitatum
1840 2371 1952 2419 eausa.
2011 2348 2083 2420 Sed

57 2450 157 2521 brom
174 2460 213 2519 et
229 2447 302 2517 alia
317 2444 553 2539 phlegmatica
570 2446 743 2519 membra.
1098 2442 1228 2519 horum
1258 2445 1439 2538 corruptio
1467 2444 1663 2536 perniciosa
1687 2458 1753 2531 est,
1782 2459 1825 2517 ut
1851 2447 1922 2517 iam
1955 2449 2082 2526 dicam.

151 2562 213 2638 lle
227 2564 378 2636 nomine
393 2559 604 2657 phlegmatis
621 2562 725 2633 rixati
742 2574 826 2633 sunt
841 2574 877 2633 et
899 2572 1047 2630 veteres.
1098 2544 1267 2621 A⁰P¹³¹⁰
1282 2547 1487 2639 Vllul’fflm
1510 2562 1697 2640 ⁰⁸⁸³¹⁰q¹¹⁰
1720 2545 1849 2634 bilem’
1874 2562 2013 2620 tamum
2037 2552 2082 2622 de

54 2662 270 2761 mam
292 2665 398 2738 inmo
419 2666 471 2737 ,ἢ
492 2678 657 2735 mmm
681 2685 755 2734 a„
779 2661 952 2733 ,pdofflm
977 2654 1047 2729 hu.
1099 2648 1274 2740 corruptis
1287 2642 1498 2719 humoribus
1515 2647 1686 2742 loquitur.
1711 2644 1816 2717 Nunc
1830 2648 1941 2739 igitur
1953 2664 1988 2722 et
2000 2652 2083 2721 hre-

55 2790 191 2839 mm
205 2769 391 2838 'dmm
442 2763 608 2837 Nogom
628 2764 725 2835 ,nim
739 2777 824 2836 sunt
841 2761 975 2856 populo
991 2760 1047 2829 vi·
1098 2772 1159 2819 ves
1182 2748 1430 2821 distinctiones
1455 2748 1583 2819 addam
1607 2747 1654 2816 de
1670 2742 1882 2820 humoribus
1898 2773 1917 2820 a
1935 2765 2083 2824 naturae

53 2865 343 2941 &humum
390 2862 439 2940 Et
454 2890 474 2936 a
490 2867 623 2958 populo
646 2866 818 2939 vocabula
842 2862 1047 2953 καιρίως,
1101 2850 1230 2922 ordine
1245 2848 1501 2921 recedentibus.

53 2968 232 3043 Prodicus
244 2968 372 3041 maluit
389 2963 486 3040 hunc
502 2962 689 3048 humorem
704 2967 891 3038 nominare
897 2958 1048 3058 βλέναν,
1201 2964 1381 3037 Humores
1400 2990 1421 3037 a
1437 2981 1585 3038 naturae
1600 2968 1728 3038 ordine
1752 2969 1954 3041 recedentes
1974 2993 2014 3041 ac
2027 2972 2082 3041 vi·

55 3072 170 3154 idest,
196 3070 381 3165 pituitam.
434 3066 580 3161 Opioor
590 3083 709 3140 autem
725 3083 761 3140 et
774 3066 811 3137 id
829 3086 961 3136 nornen
975 3063 1046 3132 ini·
1097 3066 1183 3139 eiosi
1198 3066 1390 3158 ‘willelm
1404 3081 1703 3160 ⁶⁰¹¹¹¹¹⁰P¹¹¹¹l¹¹fr
1728 3069 1884 3162 ³¹¹¹‘luil
1902 3070 2082 3144 ‘imm‘

57 3172 250 3245 tioviciosi
277 3166 439 3243 humoris
462 3171 581 3240 lesisse.
640 3167 926 3261 luterpremntur
947 3164 1045 3235 enirn
1098 3169 1174 3239 rius
1195 3167 1432 3255 admixtione,
1465 3168 1661 3241 substantio
1687 3168 1762 3261 ipsa
1782 3169 1989 3260 degeneret»
2019 3184 2083 3244 ³111

53 3264 412 3449 mittet,
430 3269 955 3444 ιειιιεῑιιιιιιι
978 3288 1047 3335 ¹¹*
1096 3267 1683 3463 retentantem

1691 3422 1702 3455 ‚
2061 3410 2081 3427 .

153 3492 272 3565 nm
293 3491 396 3576 bin„
416 3483 541 3582 ξανθὴ
569 3483 682 3583 χολὴ,
713 3511 789 3559 ῃοῃ
811 3485 962 3573 vigim,
995 3499 1047 3558 αι
1096 3472 1167 3543 lem
1183 3470 1371 3557 vitiosam,
1395 3475 1493 3543 unde
1513 3472 1630 3547 oritur
1644 3470 1813 3542 continua
1832 3472 1954 3548 febris.

55 3618 182 3691 spuma
205 3592 395 3685 sanguinis
418 3591 536 3663 calida
559 3602 595 3661 et
618 3590 729 3670 sicco,
761 3610 852 3682 quae
872 3585 932 3672 ht,
965 3611 1045 3657 cum
1198 3587 1455 3682 Corrumpitur
1470 3591 1574 3662 etiam
1593 3589 1737 3681 sanguis
1752 3589 1969 3662 admixtione
1990 3591 2081 3665 alte·

56 3696 251 3771 calidiores
265 3709 302 3768 ct
315 3693 481 3765 sicciores
500 3704 618 3787 partes
632 3686 728 3786 chyli
752 3701 897 3782 propter
918 3687 1044 3759 fortem
1096 3689 1172 3762 rius
1189 3685 1365 3776 humoris,
1389 3704 1430 3763 ut
1446 3691 1484 3761 in
1506 3688 1668 3787 hydrope
1683 3688 1783 3783 prior
1803 3714 1916 3764 massa
1937 3695 2082 3784 sangui·

59 3799 212 3871 calorem
245 3796 298 3868 sic
322 3794 514 3867 ebulliunt
574 3790 721 3884 Saporis
734 3806 786 3865 est
817 3789 949 3875 amari,
981 3788 1045 3883 qui
1096 3790 1153 3862 nis
1170 3790 1322 3860 viciatur
1336 3790 1515 3865 adfluente
1529 3794 1640 3863 crudo
1664 3788 1815 3863 humore
1828 3816 1902 3865 uon
1925 3807 2024 3868 cocto
2040 3795 2080 3865 in

60 3899 204 3995 proprie
219 3897 357 3968 dicitnr
378 3891 528 3989 πικρὸς,
552 3906 594 3967 ot
610 3889 771 3963 Galenus
790 3913 950 3983 espresse
971 3890 1046 3962 dis-
1098 3905 1209 3984 epate.
1261 3888 1304 3961 ln
1326 3890 1477 3965 ictericis
1497 3892 1677 3964 adfluente
1698 3892 1783 3964 bile.

62 4002 380 4094 cernitntramque
394 3995 504 4067 bilem
526 3993 731 4085 saporibus,
753 3992 937 4086 iuquiens:
971 3985 1047 4063 Καί
1197 4005 1368 4100 Ρὴιρμῃ
1389 4033 1462 4082 ῃοῃ
1488 4012 1649 4083 mrum,
1671 4011 1850 4106 quoddam
1872 4013 2080 4086 nominatur
2224 4000 2235 4022 '

59 4128 111 4178 sot
127 4105 214 4177 sorr
232 4100 382 4195 χολῶν,
405 4090 520 4193 ἡμὲν
539 4089 597 4167 dei
616 4088 730 4218 πικρὰ
755 4086 947 4218 φξῖνεῖαῠ
973 4087 1047 4219 ἱᾶζ
1097 4112 1260 4198 crudum,
1285 4113 1380 4206 quod
1396 4124 1448 4184 est
1462 4105 1593 4185 humor
1606 4136 1771 4208 aquosus,
1794 4112 1945 4203 frigidus
1960 4128 1993 4185 et
2007 4111 2078 4185 hu·

59 4209 180 4331 papqt
200 4195 333 4299 μυρίῳ
352 4202 485 4298 pedon
500 4199 567 4293 τῆι
583 4198 764 4315 rimmo
783 4188 980 4316 ημεᾌαινς
1002 4189 1044 4267 δι
1096 4211 1235 4298 midos,
1265 4212 1472 4287 redundans
1499 4213 1538 4285 io
1566 4214 1775 4307 corporibus
1803 4228 1949 4308 propter
1976 4215 2078 4286 intr-

60 4302 172 4393 ihfl·
222 4302 373 4378 0⁰¹⁰¹²⁸
400 4299 507 4375 “5⁸⁰¹
527 4300 568 4369 5¹¹
595 4321 669 4418 Ψ
695 4298 827 4370 Vi⁰¹⁰⁸³
847 4296 922 4369 ¹³¹¹³
943 4296 1048 4368 ‘³¹¹5‘-
1096 4338 1191 4386 mam
1209 4312 1417 4387 coctionem.
1466 4311 1580 4413 ldqoe
1603 4316 1691 4388 alias
1712 4315 1856 4387 tenuius
1880 4327 1954 4402 est,
1978 4318 2077 4411 qood

60 4424 152 4485 tut·
204 4402 311 4513 Alias
334 4402 465 4495 magis,
489 4401 577 4523 alies
594 4423 716 4476 mmm
736 4399 858 4487 rubet,
882 4420 991 4494 (tum
1012 4412 1048 4472 0²
1096 4429 1200 4511 sputo
1223 4415 1281 4487 vel
1301 4437 1365 4509 per
1392 4438 1496 4488 nares
1525 4417 1684 4503 eiicitnr,
1709 4429 1743 4487 et
1768 4416 1950 4487 interdum
1970 4430 2015 4491 nt
2035 4417 2077 4488 in

64 4510 208 4587 abeam
224 4519 265 4581 et
280 4506 411 4579 flavam
433 4513 633 4578 nommant.
1097 4540 1222 4615 coryza
1239 4516 1385 4607 largiter
1402 4517 1575 4604 deetillst,
1597 4518 1683 4589 alias
1705 4516 1856 4587 messius
1876 4530 1946 4605 est,
1978 4520 2075 4614 qood

10 4648 12 4697 ε
155 4640 348 4719 utilitates
371 4637 447 4711 eius
468 4650 572 4722 sont,
603 4632 776 4726 dissipare
795 4646 830 4705 et
851 4645 1048 4725 penetrare,
1097 4619 1235 4691 vomitu
1248 4633 1284 4692 et
1301 4618 1542 4711 egestionibus
1557 4619 1736 4690 interdum
1753 4610 1902 4692 elicitur.

64 4745 354 4841 muratos
373 4739 542 4811 obicum
566 4735 739 4827 sanguine
760 4729 925 4823 vehitur,
950 4749 985 4808 et
998 4735 1048 4807 si-
1199 4732 1310 4810 llliud
1326 4738 1504 4832 quoddam
1520 4731 1681 4829 phlegma
1704 4737 1911 4810 nominatur
1932 4739 2075 4821 salsum,

63 4846 249 4921 statere
268 4842 428 4914 membra
452 4853 618 4932 cognata,
643 4851 685 4909 ut
707 4837 926 4928 pulmonem.
975 4834 1048 4909 Nec
1098 4863 1178 4912 eom
1195 4838 1361 4910 videlicet
1376 4834 1569 4933 phlegmati
1583 4839 1751 4912 miscetur
1764 4839 1843 4911 rufa
1858 4839 1952 4925 bilis,
1977 4843 2074 4934 quod

65 4962 127 5023 uta
142 4943 297 5019 vehitor
312 4967 392 5015 cum
407 4941 591 5033 sauguine.
640 4937 714 5013 Sed
729 4937 845 5010 maior
857 4961 939 5030 pars
951 4939 1049 5010 deri-
1097 4942 1242 5036 qnidem
1260 4963 1302 5010 ex
1323 4962 1449 5035 sapore
1469 4940 1565 5032 sputi
1589 4939 1691 5013 facile
1710 4941 1861 5013 iudicari
1883 4953 2015 5034 potest,
2040 4956 2076 5013 et

66 5066 162 5123 rator
184 5051 228 5120 in
249 5045 453 5118 folliculum
473 5042 586 5124 fellis,
620 5065 711 5136 quae
733 5054 768 5114 et
790 5039 866 5132 ipsa
888 5053 941 5111 est
964 5039 1050 5111 bilis
1097 5043 1139 5117 in
1167 5034 1376 5135 corporibus
1403 5041 1742 5134 intemperantium,
1773 5040 1836 5137 qui
1859 5042 1959 5113 salsis
1986 5041 2076 5114 cibis

66 5174 130 5225 eoo
155 5150 310 5223 viciose.
364 5144 460 5220 Sunt
478 5157 597 5217 autern
626 5167 669 5213 ex
694 5138 777 5215 felle
798 5155 952 5222 mestos,
984 5141 1050 5238 qui
1097 5156 1268 5230 utuntur,
1298 5143 1457 5214 nascitur
1487 5143 1680 5235 copiosius,
1714 5144 1859 5217 scinde
1885 5143 2076 5236 perniciosi

69 5250 199 5329 sebum
216 5251 350 5323 flavam
379 5244 491 5320 bilem
510 5248 556 5319 ad
576 5244 764 5333 intestina,
793 5256 837 5316 ut
850 5244 947 5343 ‘iude
970 5244 1048 5340 pel·
1098 5241 1256 5319 mtrrrhi
1286 5242 1466 5316 orinmor.
1524 5244 1740 5320 Nominatus
1766 5258 1964 5330 acetosum,
1995 5266 2075 5315 com

68 5354 230 5429 latteces.
1099 5347 1358 5424 oborturam
1376 5344 1473 5427 bilis.

110 5461 297 5528 bimarem
325 5455 432 5525 om.
455 5437 540 5519 vor..
567 5448 664 5519 Xlll.
1569 5450 1599 5528 q
