4538 5754
194 210 293 291 1467
506 206 512 213 ’
793 199 923 279 Plssb:
947 197 1065 279 tuba
1092 199 1305 281 SCRIPTA
1329 200 1631 283 llelGrE‘I'lCA.¹
2123 213 2217 291 'ilbi

192 383 328 470 Deum,
371 379 550 474 placatum
582 397 656 446 esse
685 395 751 467 per
779 372 893 445 filium
924 371 1044 449 lesum
1074 371 1184 450 Chri·
1235 376 1311 451 acie
1351 377 1561 451 dimicemus
1595 380 1766 453 adversus
1795 378 1986 456 Tuscicsm
2019 386 2220 466 barbarism.

194 502 308 570 stum,
334 495 370 554 ct
392 494 539 574 propter
561 470 659 548 hunc
681 477 878 547 condonari
894 492 1052 571 peccata,
1078 504 1185 552 exau·
1236 478 1405 553 Extrema
1426 482 1553 552 mundi
1576 496 1737 554 senectus
1752 496 1823 572 est,
1847 510 1918 580 qua
1936 489 2105 562 diabolus
2119 492 2219 563 sciens

195 587 267 660 diri
289 610 375 669 nos,
401 580 534 654 et‘fieri
557 574 725 649 haeredes
740 579 832 650 vitae
845 592 1028 666 aeternae,
1052 583 1185 653 servari
1235 582 1369 656 instare
1382 583 1495 668 diem,
1521 608 1592 678 quo
1608 586 1724 676 palam
1741 588 2019 678 condemnatus,
2045 604 2080 663 et
2094 593 2218 664 vinctus

198 690 303 762 etiam
320 682 512 758 Ecclesiam
530 681 568 750 in
585 675 759 761 haesita,
786 680 924 751 etiamsi
940 682 1057 777 aliqua
1072 707 1185 753 mem·
1236 685 1389 775 grassari
1403 685 1559 772 desinet,
1584 687 1720 758 rabiem
1737 710 1837 758 suam
1853 690 2218 764 adversusEcclesiam

196 795 262 864 bra
286 791 475 859 intereant.
524 781 602 853 Hac
624 782 693 851 lide
714 805 750 852 sc
767 781 818 874 pii
834 782 873 852 in
890 779 955 854 hac
969 783 1109 858 infinita
1124 810 1183 855 va·
1237 787 1409 879 paulatim
1426 787 1582 859 atrocius
1597 788 1716 860 exerit.
1767 786 1863 861 Hinc
1877 807 2067 884 oppugnat
2078 818 2218 887 eampse

197 896 323 966 rietate
337 887 576 982 periculorum
590 896 624 955 et
637 884 871 955 aillictionum
885 898 1093 973 sustentant,
1118 911 1187 959 no-
1237 889 1433 981 pontifices,
1458 889 1675 961 stabilientes
1689 890 1798 974 idola,
1822 892 1929 962 istinc
1943 893 2115 967 Tuccicis
2127 896 2218 966 armis

196 1007 284 1067 runt
305 989 421 1063 Deum
442 1010 517 1057 non
541 1008 614 1055 esse
635 984 814 1073 ociosum,
844 1010 920 1056 non
944 988 1076 1078 agitare
1100 1014 1186 1059 con·
1238 1002 1353 1062 totum
1369 1013 1499 1059 nomeu
1513 986 1649 1064 Christi
1666 993 1783 1064 delere
1799 1008 1960 1070 conatur.

198 1095 315 1175 vivia,
340 1106 381 1163 ut
404 1091 536 1161 ludunt
557 1089 699 1177 poe‘tae,
725 1089 786 1156 sed
809 1088 901 1157 serio
921 1089 1012 1158 velle
1030 1092 1186 1182 agnosci,
1339 1090 1503 1163 Fuerunt
1531 1107 1566 1163 et
1596 1107 1698 1163 antea
1722 1095 1871 1187 imperia
1892 1097 1930 1164 in
1951 1099 2114 1184 mundo,
2143 1121 2219 1192 quas

197 1214 234 1271 et
247 1193 424 1278 invocari,
447 1214 522 1262 non
537 1189 666 1259 frustra
682 1188 817 1258 misisse
832 1188 966 1260 Filium
981 1213 1085 1262 suum
1100 1193 1184 1263 uni·
1238 1215 1341 1285 saepe
1364 1209 1618 1266 concusserunt
1632 1190 1838 1265 Ecclesiam.
1890 1195 1961 1268 Sed
1986 1211 2111 1270 tamen
2129 1201 2218 1270 dissi·

199 1298 380 1392 genitum,
404 1316 479 1363 non
494 1292 624 1361 frustra
641 1290 779 1361 dedisse
794 1315 915 1362 vocem
930 1287 1117 1383 Evangelii
1131 1294 1187 1366 sui
1239 1294 1337 1366 milia
1355 1291 1531 1381 Tuccico,
1556 1293 1744 1366 Persarum
1759 1293 1965 1368 monarchia
1989 1300 2054 1370 diu
2081 1302 2220 1372 clemen·

197 1400 360 1494 patribus
386 1408 421 1464 et
438 1387 644 1483 Prophetis,
677 1414 751 1460 oon
773 1392 902 1462 frustra
926 1395 1127 1485 patefecisse
1148 1397 1187 1466 iu
1239 1410 1293 1467 ter
1321 1395 1411 1466 fovit
1442 1396 1613 1487 populum
1645 1395 1726 1468 Dei.
1786 1394 2009 1486 Alexander,
2050 1399 2219 1486 Seleucus,

198 1501 267 1575 hac
289 1496 502 1593 pulcerrima
525 1493 651 1566 mundi
672 1493 893 1579 conditione,
914 1496 1101 1568 foecundis
1117 1511 1188 1568 ter·
1239 1496 1463 1568 Ptolemaeus
1492 1512 1612 1588 pater,
1653 1513 1687 1570 et
1717 1500 1812 1571 filius
1837 1495 2118 1592 Philadelphus,
2158 1527 2221 1572 me·

199 1628 261 1676 rae
289 1600 446 1680 vicibus,
485 1595 695 1666 liberatione
721 1597 885 1667 miranda
913 1592 1111 1683 Ecclesiae,
1149 1599 1188 1668 in
1240 1599 1353 1669 diocri
1370 1592 1593 1670 humanitate
1608 1622 1689 1689 erga
1706 1599 1953 1692 populumDei
1969 1603 2027 1673 usi
2043 1616 2138 1675 suut.
2186 1601 2223 1672 ln

200 1701 388 1776 eductione
416 1721 459 1767 ex
481 1696 662 1792 Aegypto,
691 1695 730 1765 in
757 1695 965 1769 defensione
985 1702 1188 1771 sanctorum
1240 1699 1391 1792 imperio
1415 1696 1601 1785 Romano,
1632 1702 1697 1772 etsi
1719 1703 1900 1774 interdum
1925 1705 2075 1775 saevitia
2097 1704 2224 1790 exarsit,

199 1803 366 1878 omnibus
383 1798 521 1873 seculis.
1240 1814 1359 1874 tamen
1382 1823 1485 1892 saepe
1507 1802 1665 1892 mitigata
1693 1815 1763 1888 est,
1789 1819 1824 1877 et
1843 1804 1948 1874 multi
1969 1806 2152 1898 principes
2164 1801 2223 1876 ho·

306 1901 350 1973 ln
371 1898 458 1972 haec
475 1898 596 1970 omnia
611 1898 754 1971 intuens
771 1899 828 1991 pia
844 1923 962 1986 mens,
984 1914 1097 1973 erecta
1110 1902 1189 1973 luce
1240 1899 1522 1997 spitiaEcclesiis
1537 1903 1787 1994 praebuerunt.
1840 1903 1889 1976 At
1902 1902 2222 1997 posteaMabo'meti

200 2004 405 2096 Evangelii,
438 2015 471 2072 et
499 2002 630 2071 noticia
653 2000 739 2072 Filii
761 1998 851 2093 Dei,
884 2016 996 2093 potest
1021 2002 1188 2074 clamare:
1241 2002 1404 2099 tyrannis
1426 1997 1495 2073 hoc
1517 2004 1623 2076 titulo
1645 2006 1836 2078 constituta
1860 2020 1931 2090 est,
1955 2019 1998 2077 ut
2016 2008 2127 2079 coiret
2141 2008 2223 2079 mul·

200 2107 308 2182 Deus
329 2126 429 2175 meos
451 2124 488 2172 es
510 2109 563 2176 tu.
615 2098 665 2173 Et
685 2104 844 2195 sequitur
866 2104 1058 2191 gratiarum
1083 2105 1188 2191 actio,
1241 2106 1359 2177 titudo
1387 2105 1432 2173 ad
1457 2104 1682 2176 liberandum
1708 2108 1830 2175 orbem
1852 2120 2029 2180 terrarum
2052 2109 2223 2192 servitute,
2262 2170 2265 2199 ,

200 2227 237 2284 et
257 2208 442 2303 proprium
458 2199 636 2274 Ecclesiae
653 2205 825 2276 officium:
853 2197 1056 2275 Celebrobo
1075 2213 1125 2287 te,
1151 2207 1190 2276 id
1242 2208 1288 2279 ad
1308 2205 1483 2277 tollendas
1506 2206 1720 2296 religionum
1744 2207 2004 2290 dissensiones,
2033 2212 2135 2281 etad
2157 2210 2223 2287 eius

201 2326 272 2393 est,
313 2309 378 2379 etsi
415 2303 575 2399 undique
602 2306 735 2376 bellum
762 2306 916 2377 infertur
943 2307 1084 2377 nomini
1115 2320 1190 2389 tuo,
1240 2307 1424 2397 religionis
1440 2307 1742 2398 propagationem,
1768 2332 1858 2402 quae
1874 2307 2222 2401 unumDeumagoo·
2263 2364 2265 2371 -

201 2411 367 2511 tyranni,
389 2404 576 2498 Epicurei,
601 2401 818 2501 hypocritae,
843 2421 982 2479 autores
996 2410 1189 2502 impiorum
1241 2411 1411 2480 scendum
1439 2421 1473 2478 et
1502 2409 1693 2480 colendum
1716 2431 1790 2479 esse
1816 2413 1956 2496 doceat,
1990 2436 2069 2482 non
2090 2415 2222 2499 multos,

201 2519 419 2604 dogmatum,
437 2531 557 2578 veram
569 2508 779 2592 doctrinam,
797 2533 914 2579 veram
928 2510 1189 2582 invocationem
1243 2534 1309 2581 nec
1333 2509 1424 2602 patri
1447 2508 1560 2579 filium
1583 2511 1708 2596 addat,
1733 2533 1893 2605 quaeque
1917 2512 2028 2581 armis
2043 2514 2223 2584 defendere

201 2617 343 2690 abolere
365 2620 554 2680 conantur.
605 2605 972 2681 Defendunt'Ethnici
993 2635 1075 2682 suos
1091 2613 1191 2683 luro-
1242 2611 1441 2682 doctrinam
1465 2611 1606 2697 doceat,
1632 2626 1666 2683 et
1687 2614 1899 2682 constituere
1921 2613 2135 2704 imperium,
2158 2639 2223 2684 nou

201 2741 278 2803 res,
309 2711 423 2795 lovis,
447 2707 594 2791 Martis,
618 2705 771 2796 Bacchi,
797 2708 963 2798 Veneris,
989 2710 1113 2805 Priapi
1134 2738 1191 2784 sa·
1242 2713 1363 2784 iubeat
1383 2711 1502 2783 subire
1525 2713 1720 2800 cruciatus,
1746 2714 1836 2785 sicut
1851 2709 2018 2806 Apostoli
2042 2729 2079 2787 et
2100 2730 2223 2811 marty·

202 2844 273 2891 cra.
323 2810 445 2885 ludaei
459 2809 594 2881 Filium
608 2807 676 2883 Dei
690 2811 926 2904 etApostolos
940 2815 1132 2897 trucidant,
1156 2827 1192 2885 et
1241 2837 1298 2884 res
1317 2813 1511 2887 subierant.

202 2916 383 2993 somniant
397 2913 653 3004 selust'osesse,
674 2913 898 3000 suisritibus,
919 2910 1191 2988 Mahometistae
1345 2912 1443 2985 Haec
1465 2939 1545 2985 cnm
1565 2929 1681 2988 esseut
1694 2917 1917 3010 plausibilia,
1940 2920 2126 2993 concurrit
2140 2919 2223 2990 mul·

202 3016 416 3094 contumelia
425 3014 557 3089 Filium
566 3013 634 3086 Dei
644 3015 825 3101 adficiunt,
845 3017 962 3086 delere
973 3041 1105 3087 nomeu
1115 3018 1191 3087 eius
1242 3016 1380 3101 titudo,
1411 3018 1501 3086 duce
1524 3013 1748 3102 Mahometo,
1773 3033 1808 3090 et
1826 3020 1929 3089 lacile
1951 3019 2156 3116 Aegyptum
2176 3020 2222 3090 di·

203 3133 401 3203 conantur,
427 3128 462 3186 et
481 3116 550 3187 sibi
572 3129 739 3205 arrogant
759 3116 918 3187 iusticiae
935 3118 1099 3204 laudem,
1123 3114 1191 3189 hoc
1243 3118 1431 3187 laceratam
1452 3117 1576 3189 multis
1598 3120 1877 3190 dissensionibus
1897 3133 2098 3208 sectarum,
2122 3136 2157 3194 et
2176 3122 2221 3189 vi·
2263 3178 2265 3189 .

161 3268 164 3272 -
201 3249 275 3296 uno
309 3211 538 3308 argumento,
570 3220 668 3311 quod
689 3242 763 3287 non
783 3220 921 3289 addunt
943 3220 1080 3290 Filium
1103 3216 1192 3305 Deo,
1242 3218 1322 3289 cina
1343 3218 1419 3288 loca
1441 3220 1642 3311 occupavit,
1668 3219 1890 3290 etEcclesias
1910 3222 2080 3293 funditus
2103 3222 2220 3293 inillis

201 3338 323 3419 postea
345 3323 485 3391 frenum
511 3319 632 3392 laxant
646 3319 876 3406 libidinibus,
899 3320 976 3411 lege
992 3320 1192 3391 concedunt
1243 3320 1331 3390 locis
1354 3319 1505 3403 delevit,
1531 3343 1571 3389 ac
1593 3321 1763 3413 paulatim
1787 3322 1928 3411 longius
1946 3325 2104 3414 protulit
2120 3325 2219 3415 impe·

202 3426 306 3507 duci,
333 3421 479 3503 dimitti,
505 3434 541 3491 et
555 3444 677 3491 rursus
691 3421 774 3491 duci
788 3422 963 3506 dimissas,
990 3435 1077 3515 quot
1092 3421 1191 3514 quis·
1243 3420 1351 3495 rium.
1401 3416 1595 3492 Creverant
1609 3423 1704 3492 enim
1720 3422 1805 3492 vitia
1820 3422 1939 3492 omnis
1955 3426 2100 3513 generis
2114 3421 2220 3496 inttc·
2263 3428 2265 3513 ξ

203 3552 273 3622 que
300 3524 406 3607 velit,
440 3523 640 3593 concedunt
667 3522 743 3612 lege
772 3537 806 3592 et
836 3523 989 3592 nefarias
1012 3515 1192 3609 libidines,
1243 3521 1366 3607 clesia,
1403 3520 1527 3607 lusus,
1560 3523 1728 3608 ambitio,
1760 3524 1906 3593 audacia
1943 3525 2109 3614 fingendi
2142 3545 2220 3596 nora

202 3628 349 3722 propter
364 3645 451 3717 quas
465 3620 562 3695 Deus
578 3648 651 3693 non
667 3636 805 3694 tantum
822 3621 998 3710 Sodoma,
1022 3624 1191 3694 sedmul·
1243 3624 1428 3713 dogmata,
1463 3636 1498 3695 et
1520 3646 1633 3694 novos
1655 3624 1772 3696 cultus
1792 3639 1908 3717 spreto
1928 3619 2151 3718 Evangelio,
2173 3627 2221 3694 in·

203 3745 256 3800 tas
271 3740 391 3818 gentes
405 3737 497 3795 totas
513 3725 675 3795 funditus
690 3724 834 3795 delevit.
1243 3724 1370 3796 testina
1412 3724 1514 3808 odia,
1560 3724 1749 3811 libidines,
1792 3726 1967 3811 avaricia,
2015 3719 2220 3821 rapacitates.

304 3824 485 3915 Quantam
504 3824 683 3898 saevitiam
699 3840 834 3897 exercet
844 3822 1001 3897 Romani
1013 3825 1191 3917 pontificis
1243 3822 1394 3895 Talibus
1409 3825 1569 3895 moribus
1584 3824 1742 3897 irritatus
1758 3822 1873 3911 Deus,
1899 3828 2066 3918 permisit
2080 3842 2121 3903 ut
2136 3849 2220 3920 gras·

201 3929 330 4014 factio,
355 3940 396 3998 ut
414 3926 511 3996 idola
534 3950 597 3997 sua
615 3926 791 4010 stabiliat,
816 3924 962 4008 Missas,
988 3941 1120 3998 statuas
1135 3926 1191 3995 sli-
1241 3939 1380 3995 saretur
1401 3924 1463 3997 illa
1479 3921 1677 3999 Mahometi
1701 3927 1862 4021 tyrannis
1882 3940 1917 3999 et
1937 3929 2120 4016 vinceret,
2143 3930 2219 4002 sicut

201 4055 348 4113 vorum,
396 4027 627 4111 coelibatum,
670 4026 882 4097 monasticas
910 4028 1188 4121 superstitiones.
1242 4026 1282 4096 in
1297 4023 1447 4095 Daniele
1468 4027 1687 4118 praedictum
1708 4041 1771 4099 est.
1811 4025 1890 4099 Etsi
1903 4042 2025 4099 autem
2040 4032 2113 4104 late
2126 4029 2217 4102 vasti-

201 4130 252 4207 Et
266 4128 354 4205 haec
368 4129 487 4200 omnia
501 4127 680 4214 defendit,
705 4150 780 4197 non
794 4129 889 4221 quod
906 4130 1050 4220 probet,
1074 4129 1135 4198 sed
1151 4141 1192 4199 ut
1241 4141 1350 4199 tatem
1372 4121 1610 4198 Ecclesiarnm
1638 4128 1739 4213 lecit,
1769 4141 1888 4226 tpmen
1915 4130 2072 4204 sciamus
2102 4150 2219 4205 nomen

202 4232 420 4330 potentiam,
446 4255 550 4323 opes,
576 4229 775 4320 voluptates
790 4242 941 4302 tueatur.
994 4227 1091 4300 lnter
1106 4228 1191 4299 talia
1243 4227 1330 4301 Filii
1350 4224 1417 4298 Dei
1439 4251 1512 4298 non
1537 4229 1679 4321 penitus
1699 4229 1811 4300 deleri
1832 4252 1948 4324 posse.
2008 4230 2095 4305 Erit
2116 4235 2218 4328 eliqua

201 4335 395 4409 certamina
411 4355 548 4423 semper
563 4345 599 4402 et
615 4331 701 4417 suit,
726 4345 760 4402 et
775 4330 841 4402 erit
855 4331 973 4424 aliqua
988 4327 1191 4421 exiguaEc-
1241 4327 1398 4400 Ecclesia
1416 4351 1500 4399 vera
1519 4325 1671 4420 Christi,
1697 4331 1736 4399 iu
1752 4354 1822 4425 qua
1837 4332 1972 4404 lucebit
1986 4328 2220 4426 Euangeliou,

76 4434 79 4438 ’
202 4436 330 4521 clesia,
349 4447 504 4528 quaeest
518 4446 634 4504 custos
648 4432 749 4501 verbi
764 4428 853 4516 Dei,
880 4455 969 4525 quae
983 4446 1083 4502 sonat
1097 4425 1191 4501 hanc
1243 4431 1310 4501 erit
1341 4429 1460 4522 aliqua
1492 4433 1611 4515 sedes,
1647 4436 1756 4504 erunt
1778 4432 1920 4526 aliquae
1950 4432 2117 4529 Respub.
2142 4455 2218 4531 qus·

200 4561 342 4610 vocem:
369 4527 569 4605 Celebrobo
589 4541 623 4601 ts
638 4528 763 4614 Deus,
787 4526 1011 4625 confitemini
1022 4526 1191 4602 Domino
1242 4532 1464 4626 praebebunt
1481 4530 1703 4603 domicilium
1718 4556 1822 4604 verae
1834 4529 2030 4613 Ecclesiae.
2143 4540 2150 4550 '

201 4635 378 4742 paeoniam
397 4632 532 4720 bonus,
556 4631 733 4735 quoniam
751 4630 790 4703 in
809 4631 970 4706 seculum
986 4632 1192 4703 misericor·
1344 4632 1535 4704 Discamus
1563 4633 1673 4723 igitur
1698 4634 1777 4725 pios
1799 4637 2046 4727 praemonitos
2065 4662 2156 4725 esse,
2181 4659 2219 4709 us

202 4737 269 4812 dia
284 4737 374 4815 eius.
1242 4734 1489 4804 adsentiantur
1509 4756 1637 4825 regno,
1661 4736 1757 4828 quod
1779 4737 1981 4808 collabente
1999 4739 2077 4811 iarn
2093 4761 2219 4813 monar-

302 4836 479 4911 anrravi
499 4834 682 4905 Psalmum
704 4834 873 4904 mediocri
894 4836 1096 4926 diligentia,
1127 4834 1192 4930 qui
1243 4829 1321 4905 chia
1337 4832 1504 4907 Romana
1521 4835 1775 4922 constituetur,
1800 4850 1836 4908 et
1848 4839 2082 4930 profitebitur
2095 4840 2217 4914 serells

202 4967 284 5017 cum
306 4943 350 5012 de
372 4963 482 5029 regno
498 4931 653 5022 Christi,
679 4939 723 5006 de
747 4934 950 5007 adflictione
968 4951 1001 5008 et
1019 4939 1063 5007 de
1076 4938 1191 5007 victo·
1242 4932 1379 5008 Christi
1399 4958 1532 5007 nomen
1554 4937 1685 5011 delere.
1704 5011 1710 5021 ,
1735 4934 1790 5008 De
1808 4932 1879 5009 hoc
1898 4963 2011 5032 regno
2027 4938 2216 5040 iuquitPa·

201 5047 266 5118 riis
289 5042 365 5113 eius
386 5040 640 5123 concionatur,
673 5038 943 5111 nnnc‘maxime
964 5040 1135 5130 legendus
1156 5051 1191 5109 et
1242 5038 1331 5108 niel:
1365 5034 1414 5109 Et
1434 5061 1615 5109 sermones
1635 5052 1760 5111 contra
1781 5039 1957 5112 excelsum
1979 5043 2164 5140 loquetur,
2189 5054 2214 5112 et

200 5143 428 5231 meditandus
450 5152 520 5223 cst,
545 5152 585 5210 ut
606 5163 686 5209 cum
707 5150 901 5210 statuemus
921 5164 995 5210 non
1011 5163 1111 5234 posse
1128 5142 1192 5210 de-
1241 5151 1381 5210 sanctos
1406 5140 1569 5210 altissimi
1591 5153 1767 5228 conteret,
1794 5154 1829 5212 et
1847 5143 1991 5237 putabit
2008 5149 2111 5242 quod
2125 5142 2214 5242 possit

201 5248 267 5319 leri
288 5267 419 5316 nomeu
436 5239 522 5313 Filii
536 5234 605 5316 Dei
626 5255 662 5312 et
676 5236 907 5331 Evangelium
931 5241 1025 5324 eius,
1050 5267 1091 5313 co
1115 5243 1189 5312 lor·
1241 5255 1380 5313 mutare
1401 5253 1563 5335 tempora
1584 5253 1619 5312 et
1640 5242 1752 5333 leges,
1776 5254 1812 5314 ct
1833 5245 2027 5318 tradentur
2049 5249 2091 5319 in
2108 5266 2213 5320 manos

202 5348 324 5423 tiorib.
344 5343 474 5418 animis
494 5354 531 5415 et
547 5341 740 5415 refutemus
756 5342 885 5436 impios
899 5344 1080 5433 doctores,
1100 5357 1136 5416 et
1149 5343 1190 5415 in
1242 5340 1330 5431 eius,
1352 5365 1465 5439 nsque
1479 5344 1524 5414 ad
1538 5355 1678 5440 tempos
1692 5355 1757 5417 etc.
1807 5341 2059 5425 contremisco
2071 5364 2212 5426 tuscor-
