4538 5754
83 262 86 269 '
203 244 300 319 ttaa
347 274 351 279 ·

324 415 671 512 ‘Argumentum
713 434 766 482 ac
800 408 1062 504 dispositio

519 544 678 628 Psalmi
715 538 874 630 cxvi

795 237 923 312 PHlL.
948 237 1302 318 mensuatim
1328 239 1628 321 EXEGETICA.

2136 253 2214 326 teat

1183 461 1186 464 -
1243 417 1317 485 vari
1338 440 1448 507 genus
1465 411 1674 491 humanum.
1726 417 1805 491 Hoc
1823 422 2030 493 mirandum
2046 423 2214 495 consilinm

1243 518 1320 588 vult
1351 520 1389 587 in
1419 515 1577 589 Ecclesia
1605 520 1767 608 recitari,
1799 524 1877 595 vult
1907 538 2037 595 notum
2070 541 2214 610 esse,ut

1196 690 1199 695 ,
1242 619 1347 689 multi
1364 621 1546 691 salventur
1562 637 1596 693 ει
1613 622 1731 693 Deum
1749 623 1787 694 in
1803 626 1903 694 omni
1918 625 2129 697 aeternitate
2144 627 2215 697 cele·

261 714 435 790 eandm
458 707 667 784 Dominam»
694 733 819 782 omncs
841 714 1000 804 Gentes,
1033 711 1193 786 landate
1242 721 1358 790 brent.
1416 720 1514 792 Haec
1535 735 1587 792 est
1608 724 1756 815 simplex
1777 729 1953 800 sententia
1976 741 2134 820 quatuor
2155 751 2214 798 ver·

260 841 346 891 eam
361 837 488 890 omnes
503 816 632 908 populi
640 864 653 903 ,
678 822 750 884 eto.

312 963 505 1058 Prophetis
528 979 579 1035 est
600 988 690 1056 quae
712 964 865 1035 affirmat
882 959 1073 1035 Ecclesiam
1091 967 1194 1037 colli·

209 1065 360 1163 gendam
383 1092 457 1138 esse
478 1066 583 1136 etiarn
607 1066 848 1155 exgentibus,
875 1079 910 1136 et
925 1066 1067 1137 deducit
1085 1069 1194 1139 lecto·

209 1197 285 1244 rem
305 1173 350 1241 ad
369 1183 521 1241 vetustas
537 1167 617 1237 illas
630 1167 897 1258 promissiones:
925 1163 966 1236 ln
984 1169 1117 1238 semine
1132 1184 1195 1241 tuo

211 1273 466 1345 benedicentur
494 1291 617 1338 omnes
644 1262 774 1357 gentes'.
840 1265 944 1339 ltem:
988 1267 1129 1363 Gentes¹
1150 1274 1201 1343 ad,

211 1400 292 1447 eum
310 1371 628 1460 congregabuntur.
681 1368 923 1458 Agnoscamus
940 1371 1048 1459 igitur
1062 1371 1195 1442 Filium

211 1476 299 1555 Dei,
325 1488 361 1544 et
384 1473 464 1542 laeti
488 1471 699 1561 accipiamus
719 1470 795 1540 eius
811 1471 1039 1556 beneficium,
1065 1474 1100 1541 ei
1111 1476 1196 1543 obe-

211 1579 351 1649 diamus
366 1588 400 1644 et
414 1573 544 1662 gratias
558 1593 711 1661 agamus.
743 1573 801 1642 De
814 1567 870 1641 bis
885 1574 1062 1644 beneficiis
1080 1575 1197 1669 loqui-

212 1693 291 1761 tur,
316 1700 396 1747 cum
418 1675 552 1766 inquit:
579 1661 813 1765 Confirmata
836 1681 1016 1770 estsuper
1037 1700 1104 1746 nos
1128 1675 1198 1745 mi-

212 1771 414 1850 sericordia
428 1775 523 1858 cias,
547 1776 605 1843 vel
619 1776 825 1845 dominatur
841 1776 1099 1863 misericordia,
1126 1768 1208 1871 non

213 1882 288 1965 ira,
314 1880 373 1948 sed
393 1888 536 1968 propter
551 1874 683 1945 Filium
700 1894 733 1947 et
750 1900 811 1965 per
825 1899 904 1944 eum
923 1883 1050 1970 recepti
1066 1902 1198 1964 sumus,

213 1981 472 2052 sanctificamur
502 1991 537 2046 ει
564 1979 752 2050 salvamur.
801 1973 854 2046 Et
886 1979 1018 2048 veritas
1039 1978 1201 2051 Domini

214 2088 336 2151 manet
361 2080 401 2148 in
424 2086 630 2162 aeternam,
665 2079 796 2158 idest,
833 2082 1019 2169 promissio
1040 2085 1130 2154 lacta
1156 2087 1199 2154 de

214 2182 345 2253 Messia
368 2181 444 2250 sine
467 2180 540 2248 ulla
562 2181 784 2250 dubitatione
804 2196 884 2268 ‚rata
908 2197 943 2252 et
969 2184 1113 2256 immota
1137 2199 1199 2268 est,

213 2298 248 2356 et
264 2280 420 2356 Ecclesia
439 2276 505 2351 boc
523 2285 629 2352 modo
646 2281 841 2352 salvabitur
856 2296 921 2353 ett.

352 2577 690 2668 Argumentum
724 2595 774 2642 aa
806 2571 1065 2664 dispositio

370 2710 530 2795 Psalmi
572 2709 751 2796 cxvm
776 2720 817 2796 et
839 2711 1040 2800 OXVlll.

270 2873 505 2974 confitemini
534 2879 693 2948 Domino
728 2884 904 2970 quoniam
932 2877 1065 2970 bonus,
1115 2906 1205 2977 quo·

268 2984 377 3052 aiam
393 2984 435 3051 ta
446 2980 616 3050 secutam
629 2981 894 3051 misericordia
910 2986 1017 3071 eius,
1041 2991 1111 3055 eto.

318 3125 438 3200 Etiam
468 3139 568 3199 vetus
592 3150 768 3221 synagoga
791 3128 966 3201 intellexit
990 3126 1085 3201 hunc
1104 3129 1205 3201 Psal-

217 3253 317 3303 mum
340 3252 413 3300 esse
430 3253 552 3300 vocem
568 3227 721 3298 Messias
736 3244 770 3298 et
783 3228 960 3300 Dominus
977 3255 1057 3302 eum
1074 3235 1117 3303 de
1132 3256 1205 3303 sese

94 3372 96 3377 ·
218 3334 320 3417 citat,
345 3325 551 3403 matthat.
602 3325 649 3400 Et
668 3330 709 3398 in
733 3326 899 3422 Ephesiis
920 3346 1102 3404 enarratur
1123 3359 1203 3405 ver-

219 3457 298 3516 sus,
330 3431 504 3524 Lapidem
535 3454 641 3523 quem
670 3432 950 3521 reprobaverunt
982 3435 1205 3507 aedificantes

219 3536 333 3605 factus
366 3546 417 3601 est
446 3532 485 3600 in
509 3544 613 3620 caput
636 3533 777 3620 anguli,
810 3532 942 3618 idest,
975 3530 1033 3604 hic
1055 3536 1204 3608 Messias

221 3657 325 3729 quem
350 3633 592 3711 aedificantes,
619 3632 748 3718 idest,
774 3635 954 3720 doctores,
981 3638 1157 3729 principes
1173 3653 1205 3711 et

220 3734 474 3826 gubernatore&
503 3734 621 3803 delere
643 3735 761 3804 conati
784 3750 886 3822 suut,
916 3739 1027 3809 factus
1052 3755 1103 3811 est
1122 3741 1204 3810 iun·

221 3840 426 3907 damentum
449 3830 645 3919 Ecclesiae,
681 3837 716 3904 id
748 3852 814 3920 est,
848 3855 994 3928 propter
1024 3841 1099 3910 eius
1121 3843 1206 3911 obe·

221 3937 392 4008 dientiam
415 3932 570 4006 Ecclesia
595 3950 730 4027 recepta
755 3951 824 4021 est,
851 3940 979 4030 etipse
1001 3941 1207 4012 dominatur

221 4039 261 4109 in
283 4033 459 4117 Ecclesia,
495 4036 531 4105 id
560 4049 627 4120 est,
662 4037 798 4126 colligit
818 4063 895 4107 eam
919 4065 1003 4110 voce
1022 4038 1206 4133 Evangelii

221 4155 256 4212 et
279 4136 390 4211 estin
413 4162 451 4208 ea
477 4138 616 4220 efficax,
650 4141 843 4210 sanctificat
864 4140 961 4210 illam
983 4140 1120 4235 Spiritu
1144 4168 1207 4214 suo

221 4256 363 4325 sancto,
387 4240 539 4332 protegit
563 4252 597 4309 ει
621 4239 733 4310 salvat
755 4264 850 4325 eam,
876 4242 1056 4336 sicutipse
1074 4246 1207 4342 inquit:

222 4342 334 4414 Nemo
351 4342 462 4435 rapiet
477 4365 560 4434 oves
576 4364 703 4411 mease
719 4343 883 4413 manibus
900 4345 995 4420 meis.

324 4459 538 4554 Quanquam
554 4475 669 4532 autem
685 4461 795 4554 aliqui
810 4462 990 4552 disputare
1004 4466 1126 4536 volent
1136 4463 1211 4536 Da-

223 4564 341 4633 videm
364 4556 423 4631 hic
446 4562 565 4655 loqui,
592 4575 710 4632 tamen
733 4563 915 4633 latendum
938 4579 989 4636 εει
1010 4581 1093 4660 typo
1110 4568 1209 4658 prin·

224 4664 384 4754 cipaliter
404 4664 594 4752 significari
610 4662 760 4734 Messias
781 4666 961 4756 passiones
982 4681 1016 4738 et
1034 4669 1209 4750 victorias,

223 4765 273 4834 sic
303 4764 411 4854 igitur
437 4766 710 4856 interpretemur
733 4764 914 4838 Psalmum
940 4770 1040 4861 quasi
1061 4768 1210 4840 Messias

225 4867 299 4956 ipse
313 4864 434 4934 recitet
448 4888 545 4934 suam
561 4867 757 4955 passionem
772 4881 805 4936 et
821 4869 1017 4941 victoriam.
1069 4871 1122 4943 Ac
1139 4872 1210 4944 ini·

1242 844 1346 891 suum
1364 821 1485 893 initio:
1513 815 1949 915 ConfitemaniDomino,
1974 830 2104 914 idest,
2127 850 2214 919 agno·

1243 925 1327 994 scite
1343 946 1437 1006 eum,
1463 925 1635 1012 celebrate
1651 950 1745 1011 enm,
1771 930 1863 1019 agite
1875 931 2006 1020 gratias
2022 944 2165 1022 propter
2177 931 2215 999 in-

1244 1025 1361 1114 gentia
1377 1026 1565 1111 beneficia,
1593 1029 1688 1122 quod
1704 1028 1839 1103 Filium
1854 1031 2041 1102 constitnit
2057 1029 2214 1103 Mediato-

1245 1150 1339 1213 rem,
1362 1143 1396 1200 ει
1412 1128 1461 1198 sic
1477 1129 1613 1219 colligit
1627 1144 1804 1202 aeternam
1821 1127 2033 1203 Ecclesiam.

1348 1244 1569 1318 Nominatim
1587 1262 1703 1319 autem
1720 1249 1916 1342 alloquitur
1931 1245 2083 1328 domum
2097 1243 2214 1330 Aaron,

1248 1360 1286 1417 ut
1317 1347 1488 1435 significet
1518 1350 1701 1421 ministros
1722 1347 1908 1440 Evangelii
1934 1366 1969 1423 et
1990 1353 2154 1422 doctores
2173 1354 2216 1421 de·

1247 1450 1331 1517 bere
1353 1448 1495 1519 incoare
1520 1445 1612 1521 banc
1632 1452 1905 1523 celebrationem
1922 1455 2110 1538 docendo,
2136 1453 2216 1522 invo-

1247 1551 1380 1635 cando,
1405 1551 1534 1641 gratias
1549 1555 1699 1642 agendo.

1349 1665 1546 1761 Sequentes
1568 1693 1690 1741 versus
1712 1674 1885 1766 usquead
1903 1667 2147 1744 hocdictum:
2166 1668 2219 1740 La·

1247 1769 1367 1860 pidem
1386 1793 1490 1862 quem
1507 1774 1788 1861 reprobaverunt
1796 1787 1872 1860 etc,
1894 1788 1976 1845 sunt
1988 1771 2149 1844 narratio
2160 1795 2221 1863 pas-

1248 1870 1359 1939 sionis
1388 1884 1422 1941 et
1445 1871 1630 1958 victoriae,
1671 1888 1704 1945 et
1727 1875 1938 1946 nominatim
1963 1875 2109 1945 canitur
2131 1895 2222 1965 paean

1249 1975 1293 2042 de
1324 1972 1458 2043 abolita
1487 1991 1618 2044 morte:
1651 1969 1742 2044 Non
1775 1974 1918 2045 moriar
1944 1971 2014 2046 sed
2037 1974 2223 2055 aivam,et

1250 2070 1416 2143 narrabo
1438 2097 1547 2169 opera
1562 2072 1735 2151 Domini.
1788 2077 1982 2170 Sequentes
2001 2076 2167 2149 versiculi
2180 2099 2223 2144 ex-

1251 2187 1390 2265 ponunt
1412 2201 1551 2246 causam
1575 2179 1738 2262 finalem,
1761 2193 1903 2269 propter
1926 2203 2034 2272 quam
2052 2189 2226 2272 passusest

1249 2276 1418 2360 Messias,
1452 2277 1604 2363 scilicet,
1636 2293 1677 2350 ut
1698 2281 1795 2349 lieret
1820 2281 2096 2350 fundamentum
2120 2276 2225 2349 Eccle-

1251 2380 1341 2461 siae,
1368 2393 1510 2468 propter
1532 2404 1631 2450 suam
1654 2382 1887 2452 reverentiam
1905 2383 2095 2453 exauditus
2113 2394 2162 2449 est
2176 2392 2225 2450 etc.

1252 2479 1326 2549 Hac
1356 2480 1577 2563 obedientia,
1611 2478 1679 2552 boc
1706 2485 1831 2552 merito
1856 2483 1990 2573 placata
2015 2497 2067 2552 est
2091 2483 2145 2550 ira
2165 2479 2226 2562 Dei,

1252 2595 1396 2672 propter
1416 2576 1485 2651 hoc
1509 2575 1647 2678 λύτρον
1667 2587 1847 2654 credentes
1868 2584 2051 2675 accipiunt
2064 2582 2226 2654 remissio·

1201 2762 1204 2769 ¹
1253 2706 1333 2751 nem
1359 2695 1601 2773 peecatorum,
1635 2698 1670 2754 et
1694 2698 1904 2774 reputantur
1925 2685 2032 2769 iusti,
2066 2685 2159 2755 sicut
2177 2707 2226 2752 ex·

1252 2806 1368 2874 presse
1399 2784 1533 2853 dictum
1564 2797 1631 2854 est:
1673 2783 1790 2873 Quem
1822 2787 1939 2876 posuit
1969 2785 2227 2877 propiciatorem

1254 2909 1315 2977 per
1338 2885 1566 2973 sanguinem,
1589 2900 1671 2972 eta,
1707 2900 1845 2957 etcum
1872 2887 2117 2977 recipiuntur,
2142 2883 2226 2955 simul

1253 2987 1427 3056 santificat
1448 3010 1508 3056 eos
1522 2985 1660 3079 Spiritu
1684 3010 1748 3057 stro
1769 3000 1909 3070 sancto,
1938 2989 2032 3059 sicut
2054 2987 2161 3058 etiam
2181 3008 2227 3053 ex·

1253 3111 1370 3178 presse
1407 3087 1555 3159 dicitur:
1608 3088 1801 3180 Accepistis
1834 3089 1998 3179 spiritum
2043 3086 2226 3181 adoptionis

1253 3189 1421 3262 liliorum.

1355 3303 1450 3377 Sunt
1473 3319 1589 3376 autern
1605 3305 1737 3376 inserta
1753 3305 1889 3375 lumina
1906 3322 1940 3375 et
1954 3299 2065 3398 πάθη
2073 3356 2086 3392 ,
2115 3318 2154 3375 ut
2167 3301 2227 3392 epi·

1254 3401 1467 3498 plionemata
1491 3420 1590 3477 sunt:
1618 3401 1766 3476 Melius
1787 3399 1847 3478 est
1860 3401 2037 3498 confidere
2052 3406 2094 3476 in
2111 3401 2228 3476 Domi·

1255 3532 1322 3592 no,
1348 3531 1462 3606 qaam
1487 3501 1663 3600 considere
1686 3509 1725 3578 in
1743 3506 1991 3605 principibus,
2019 3525 2085 3584 etc.
2138 3507 2228 3578 Prae·

1254 3610 1342 3701 cipit
1365 3625 1405 3681 ut
1428 3611 1635 3680 obediamus
1655 3608 1751 3690 Deo,
1778 3625 1812 3680 et
1831 3634 1905 3680 non
1927 3611 2102 3680 iaciamus
2126 3616 2229 3680 contra

1255 3734 1335 3779 eum
1350 3711 1451 3780 fracti
1469 3710 1586 3794 metu,
1612 3725 1672 3783 aut
1690 3711 1897 3795 doloribus,
1923 3713 1984 3781 sed
1999 3727 2099 3782 certo
2116 3723 2231 3782 statua·
2260 3728 2263 3825 4

1255 3833 1335 3880 mus
1363 3812 1479 3903 ipsum
1509 3812 1614 3882 nobis
1644 3816 1780 3893 adesse,
1814 3826 1847 3882 et
1873 3814 2041 3882 daturum
2067 3828 2230 3884 aeternam
2260 3832 2263 3965 4

1257 3912 1425 3996 salutern,
1450 3913 1542 3982 sicut
1567 3912 1708 3983 Psalmo
1725 3914 1786 3987 86.
1811 3914 1914 3986 dicit:
1942 3910 2099 4004 Expecta
2123 3911 2232 3983 Domi·

1257 4037 1343 4081 num
1372 4027 1407 4082 et
1434 4014 1574 4083 custodi
1596 4017 1688 4084 viam
1712 4018 1787 4085 eius
1810 4029 1875 4086 etc.
1941 4006 2084 4084 Omnes
2115 4008 2231 4085 Gentes

1257 4109 1568 4184 circumdederunt
1591 4139 1658 4189 me.
1711 4115 1829 4187 Etiam
1855 4117 1893 4184 in
1916 4130 2060 4187 externa
2088 4116 2232 4209 passione

1257 4217 1446 4288 destitutus
1475 4218 1545 4287 suit
1566 4214 1729 4288 Christus
1759 4221 1804 4287 ab
1835 4218 2002 4287 omnibus
2028 4214 2234 4299 bominibus,

1258 4332 1292 4389 et
1313 4319 1522 4389 invaserunt
1547 4344 1626 4388 eum
1651 4344 1724 4388 non
1749 4320 1864 4389 solum
1889 4318 2031 4398 ludaei,
2059 4318 2235 4390 sedetiam

1259 4417 1413 4503 Gentes,
1447 4418 1582 4491 Pilatus
1605 4436 1640 4491 et
1660 4420 1839 4492 variarum
1863 4420 2021 4511 gentium
2047 4420 2237 4498 multitudo,

1257 4524 1318 4590 sed
1334 4523 1448 4591 multo
1464 4520 1575 4610 magis
1591 4523 1769 4593 diabolus.

1361 4633 1546 4706 Praiterea
1571 4639 1733 4731 loquitur
1755 4632 1921 4708 Christus
1946 4661 2021 4706 non
2046 4651 2187 4711 tantum
2204 4637 2237 4704 de

1258 4761 1321 4807 sua
1347 4762 1520 4829 persona,
1554 4741 1613 4807 sed
1641 4739 1745 4811 etiam
1770 4740 1814 4837 de
1835 4752 1908 4808 tota
1931 4736 2116 4822 Ecclesia,
2151 4757 2239 4833 qnam

1258 4839 1394 4933 ubique
1411 4863 1535 4909 omnes
1553 4854 1674 4928 gentes
1689 4853 1723 4910 ει
1741 4840 1877 4910 diaboli
1893 4842 1976 4908 inde
1990 4865 2110 4936 usque
2126 4846 2171 4912 ab
2185 4839 2240 4911 ini·

224 4967 276 5037 tio
292 4963 467 5034 Dominus
484 4965 681 5060 auoqugmr
696 4968 897 5039 universam
915 4967 1128 5055 Ecclesiam,
1154 4972 1210 5041 iu,
1261 4940 1311 5008 tio
1328 4941 1531 5035 persequuti
1546 4956 1645 5060 sum:
1667 4942 1874 5061 'sodomites
1890 4942 2163 5061 impii-perituri
2174 4953 2240 5012 sont

223 5068 283 5138 be,
313 5088 436 5137 omne,
466 5090 567 5156 ,gere
593 5069 721 5157 grafia,
744 5067 819 5139 Deo
852 5095 916 5161 pm
946 5067 1013 5141 hoc
1037 5072 1210 5144 immenso
1260 5055 1295 5111 ει
1309 5057 1536 5126 evanescent,
1561 5062 1758 5134 sicutrgnrs
1773 5067 1956 5136 spinarum
1974 5060 2046 5114 cato
2063 5048 2231 5136 deflagrat.

223 5166 413 5251 benebcio,
446 5170 540 5260 quod
567 5167 698 5239 Filium
721 5171 943 5243 constituerit
964 5173 1212 5260 Mediatorem,
1363 5177 1476 5267 Saepe
1490 5178 1637 5268 repetita
1654 5190 1703 5248 est
1720 5178 1909 5267 praecipua
1927 5201 2009 5267 pars
2028 5179 2240 5257 narrationis,

225 5285 259 5342 et
279 5270 431 5339 voluerit
455 5293 517 5360 per
538 5271 614 5339 eius
635 5272 873 5345 obedientiam
897 5275 1028 5366 placari
1043 5277 1131 5346 iram
1133 5326 1151 5359 ,
1178 5292 1211 5346 et
1234 5298 1237 5338 ἡ
1261 5279 1300 5349 in
1325 5306 1394 5374 qua
1413 5279 1564 5349 affirmat
1583 5275 1746 5349 Christus
1763 5303 1799 5348 se
1815 5295 1847 5350 et
1867 5302 2008 5370 passum
2028 5297 2063 5353 et
2078 5297 2239 5353 servatum

224 5395 287 5463 per
303 5371 487 5443 victoriam
503 5371 638 5443 destrui
656 5386 824 5460 mortem,
850 5389 884 5446 ει
902 5376 952 5446 sic
969 5378 1078 5470 recipi
1093 5392 1128 5450 et
1142 5382 1210 5450 sal·
1232 5442 1237 5475 ,
1261 5404 1349 5452 esse:
1376 5376 1438 5450 De
1453 5377 1694 5477 tribulatione
1710 5378 1889 5466 invocavi,
1915 5388 1948 5449 et
1960 5379 2155 5478 respondit
2164 5373 2239 5453 mtb
