4538 5754
99 233 169 306 771
689 228 815 302 PHIL.
842 224 958 302 MEL.
986 225 1197 302 SCRIPTA
1222 222 1520 301 EXEGETICA.
2045 222 2109 296 l‘ll

100 407 143 473 de
167 398 323 472 hominis
340 413 422 471 ortu
445 401 511 470 ait:
537 398 724 471 Faciamus
739 414 828 487 eto,
856 414 896 472 ut
916 400 1088 489 significet
1135 400 1254 471 omnia
1275 422 1383 468 manu
1405 399 1476 468 Dei
1499 397 1679 469 scribitur.
1729 394 1820 468 Nam
1841 418 1925 468 cnm
1946 391 2111 466 hnmanae

102 506 206 576 aliter
220 504 318 574 nasci
333 516 367 573 et
381 502 529 573 interire
543 501 613 572 alia
627 501 824 574 animantia
841 515 944 595 atque
970 497 1086 571 homi·
1135 501 1326 593 impietatis
1341 505 1445 591 caput
1466 500 1513 571 sit
1533 499 1709 589 ignoratio
1724 499 1815 585 Dei,
1838 520 1912 593 qna
1926 496 2112 586 rogitanus

104 630 196 678 nem.
250 603 357 693 Quod
374 602 461 676 dicit
471 600 668 683 Faciamus,
693 617 785 673 certa
800 617 884 674 nota
898 619 949 675 est
963 601 1088 671 Trini·
1137 602 1256 672 omnia
1279 603 1375 671 nasci
1396 613 1430 670 et
1452 603 1595 670 evenire
1616 601 1771 671 naturali
1791 601 1951 693 quadam
1974 596 2114 690 disposi-

105 706 207 791 tatis,
233 730 347 800 neque
362 700 431 775 boc
446 717 577 774 temere
592 717 662 783 est,
689 706 784 799 quod
800 704 1014 776 Trinitatem
1031 703 1089 772 in·
1138 705 1254 789 tione,
1279 727 1343 773 nee
1359 704 1475 772 curari
1498 716 1639 774 restam
1656 703 1745 772 viles
1758 725 1778 773 a
1791 699 1892 783 Deo,
1916 702 2061 770 neccsse
2072 710 2114 768 est

106 810 216 892 dicat,
246 831 327 877 cum
349 808 393 875 de
417 801 563 875 homine
593 807 780 875 condendo
809 806 968 900 loquitur
989 803 1089 900 (nam
1138 804 1260 875 Verbo
1280 802 1349 874 Dei
1378 804 1482 873 fidem
1515 806 1758 890 aedificemus,
1789 804 2114 896 quacredamnset

22 907 29 920 '
107 908 322 979 anteadixit:
349 905 427 975 Fiat
441 905 535 997 lux):
552 903 609 975 Ad
628 907 816 998 imaginem
832 921 867 979 et
882 907 1090 978 similitudi·
1139 907 1400 977 committamus
1421 927 1487 975 nos
1511 907 1561 991 ei,
1593 901 1661 977 boc
1682 901 1845 976 Christus
1874 903 1926 975 ait
1951 894 2116 974 Matthaei

108 1034 189 1079 nem
213 1023 390 1086 nostram,
424 1004 618 1078 Hebraice:
653 1006 695 1077 ln
716 1009 868 1099 imagine
895 1023 1013 1080 nostra
1037 1031 1091 1077 se·
1140 1009 1295 1078 decimo:
1337 1006 1455 1077 Vestri
1484 1008 1604 1098 capilli
1635 1006 1759 1097 capitis
1787 1028 1915 1077 omnes
1950 1000 2116 1083 numerati

110 1113 265 1183 cundum
286 1108 556 1178 similitudinem
574 1123 742 1179 nostram.
1141 1122 1234 1181 sunt.
1287 1106 1368 1177 Huc
1387 1110 1539 1200 pertinet
1556 1122 1653 1179 totus
1670 1104 1911 1178 Ecclesiastcs.
1966 1103 2117 1174 Praeter·

74 1216 77 1223 '
212 1210 381 1280 Nondum
411 1211 503 1302 apud
528 1232 584 1278 me
612 1210 779 1281 constitui
800 1213 886 1304 quid
910 1211 994 1281 velit
1023 1208 1093 1278 sibi
1142 1236 1180 1282 ea
1195 1225 1229 1280 et
1249 1205 1432 1280 Christum
1454 1209 1583 1291 disces,
1609 1233 1688 1281 cum
1711 1209 1879 1280 scribitur
1893 1209 1941 1278 ad
1960 1205 2116 1275 similitu·

110 1310 196 1382 baec
212 1309 382 1405 loquendi
397 1309 519 1400 figura,
550 1313 595 1381 de
608 1312 779 1383 sententia
795 1313 960 1382 convenit
976 1308 1093 1381 homi·
1123 1334 1127 1339 ’
1143 1313 1262 1382 dinem
1283 1325 1317 1381 et
1338 1311 1527 1400 imaginem
1543 1310 1611 1382 Dei
1633 1312 1818 1383 conditum
1835 1330 1912 1379 esse
1935 1303 2117 1387 bominem

111 1437 193 1482 nem
210 1435 284 1482 esse
298 1411 486 1502 imaginem
502 1410 590 1495 Dei,
615 1416 711 1507 quod
727 1414 814 1506 quid
833 1415 879 1485 sit
897 1412 1017 1505 paucis
1034 1435 1092 1481 ex·
1143 1415 1199 1484 cui
1214 1411 1364 1502 imagini
1381 1435 1447 1481 nos
1463 1413 1615 1484 restituit
1627 1409 1809 1496 Christus,
1841 1411 1906 1503 qui
1922 1409 1996 1479 fuit
2009 1404 2117 1477 natira

112 1514 315 1607 ponendum
333 1526 395 1586 est.
1144 1528 1178 1584 et
1200 1515 1341 1606 propria
1366 1513 1482 1601 imago
1505 1513 1630 1586 Patris.
1681 1512 1773 1585 Sunt
1795 1524 1830 1582 et
1853 1511 1926 1582 alia
1944 1507 2117 1587 dersabe,

215 1613 309 1685 Sunt
326 1611 329 1615 ’
344 1614 407 1708 qui
440 1614 613 1684 rationem
648 1614 813 1707 imaginis
845 1639 887 1684 eo
920 1615 1095 1698 referunt,
1143 1618 1188 1686 de
1205 1615 1341 1706 Spiritu
1355 1628 1495 1698 sancto,
1521 1638 1610 1708 quae
1628 1636 1693 1684 suo
1709 1615 1881 1706 cuiusque
1895 1609 2042 1705 spiritui
2056 1629 2118 1677 me·

114 1718 209 1810 quod
235 1711 341 1785 bomo
367 1715 497 1806 praesit
518 1714 598 1784 aliis
622 1717 808 1802 creaturis,
835 1717 925 1786 sicut
941 1715 1094 1809 Aposto·
1144 1718 1289 1788 ditanda
1304 1716 1481 1809 relinquo.

115 1821 170 1886 lus
187 1818 328 1887 videtur
342 1816 458 1886 dicere
473 1816 586 1908 prima
600 1813 871 1888 Corinthiorum
887 1817 1094 1887 undecimo:
1246 1815 1435 1888 Caritatem
1452 1814 1536 1885 binc
1549 1817 1679 1901 disces,
1705 1816 1802 1909 quod
1815 1836 1941 1885 omnes
1954 1823 2120 1884 creaturas

116 1916 183 1987 Vir
206 1930 258 1988 est
279 1917 394 2008 imago
418 1929 453 1989 et
475 1918 588 2009 gloria
603 1915 690 2004 Dei,
715 1918 752 1987 id
775 1933 845 2012 cst,
873 1917 929 1988 vir
949 1928 1095 2011 praeest.
1144 1919 1225 1990 usui
1258 1919 1365 1988 alicui
1399 1918 1571 2002 destinat,
1611 1941 1690 1987 cum
1723 1917 1858 2010 inquit:
1902 1916 2007 1986 Vidit
2033 1909 2119 1983 Dens

118 2018 218 2108 Quae
249 2017 420 2088 sententia
451 2043 653 2112 quanquam
681 2016 774 2090 mibi
805 2044 880 2089 non
915 2019 1097 2104 satisfacit,
1146 2019 1266 2090 omnia
1282 2040 1372 2113 quae
1390 2019 1569 2103 condidit,
1591 2033 1626 2090 et
1641 2032 1742 2088 erant
1754 2019 1857 2087 valde
1872 2019 1981 2088 bona.
2030 2011 2122 2102 Quae

115 2134 234 2190 tamen
249 2120 287 2188 in
302 2143 379 2190 eam
397 2118 490 2190 cadit
506 2145 648 2216 quoque
664 2145 770 2216 quam
785 2142 853 2190 nos
868 2121 1059 2213 sequimur.
1145 2122 1316 2192 sententia
1333 2121 1489 2212 primum
1506 2114 1573 2188 boc
1587 2121 1709 2204 docet,
1735 2118 1884 2209 gloriam
1897 2115 1981 2198 Dei,
2006 2127 2123 2208 poten·

219 2219 319 2309 Quid
335 2221 381 2293 sit
399 2220 514 2311 imago
530 2246 571 2291 ex
588 2238 713 2316 quarto
729 2217 967 2313 Ephesiorum
990 2220 1096 2291 intel·
1146 2223 1231 2293 tiam
1263 2236 1297 2293 ct
1331 2220 1609 2291 misericordiam
1637 2220 1677 2287 in
1700 2220 1850 2308 singuiis
1882 2218 2054 2293 creaturis
2075 2238 2123 2283 rc·

117 2323 179 2411 ligi
195 2334 319 2415 potest,
338 2346 420 2391 cum
434 2321 568 2415 inquit:
594 2324 738 2394 induite
753 2346 886 2393 novum
904 2317 1099 2406 bominem,
1148 2324 1382 2417 praesentari:
1416 2322 1625 2412 sapientiam
1656 2322 1695 2389 in
1725 2320 1958 2412 dispositione
1989 2319 2122 2390 orbium

118 2425 180 2517 qui
207 2423 400 2493 secundum
432 2419 548 2493 Deum
575 2438 711 2494 creatus
735 2436 804 2503 est,
837 2425 877 2492 in
900 2423 1038 2494 iusticia
1065 2436 1099 2493 et
1147 2426 1368 2496 coelestium:
1396 2423 1589 2514 potentiam
1613 2423 1731 2492 vultus
1754 2424 1825 2491 irae
1851 2423 1929 2493 eius
1949 2424 1990 2491 in
2013 2419 2123 2510 aspide

119 2523 302 2594 sanctitate
335 2522 507 2593 veritatis.
566 2522 612 2594 Et
645 2527 690 2594 ad
721 2521 946 2595 Colossenses
977 2525 1098 2594 tertio:
1149 2530 1255 2598 etiam
1277 2539 1419 2616 aspectu
1442 2536 1605 2593 necante:
1641 2524 1922 2594 misericordiam
1943 2524 1983 2593 in
2008 2517 2123 2613 pleris-

118 2622 327 2695 Renovatur
342 2622 381 2692 in
403 2623 584 2713 agnitione
600 2626 670 2696 Dei
691 2627 886 2696 secundnm
909 2625 1099 2716 imaginem
1149 2651 1238 2721 que,
1272 2627 1374 2697 utin
1405 2625 1513 2716 pullis
1540 2648 1739 2694 corvorum.
1795 2623 1937 2695 Deinde
1964 2625 2066 2694 iubet
2090 2629 2123 2688 ut

120 2725 194 2794 cius
212 2724 527 2818 quicreaviteum.
576 2724 624 2798 Et
639 2729 675 2800 ἰ.
692 2722 854 2801 Corinth.
871 2727 922 2797 S:
949 2725 1023 2797 Nos
1036 2750 1100 2796 au·
1148 2729 1287 2819 singula
1310 2726 1458 2818 singulis
1478 2749 1541 2817 per
1561 2748 1624 2796 sua
1643 2727 1737 2796 dona
1761 2726 1928 2800 serviant.
1980 2723 2038 2795 De
2058 2723 2122 2808 lege

120 2842 190 2898 tem
208 2827 360 2897 revelata
380 2827 469 2896 lacie
489 2827 637 2917 gloriam
653 2824 802 2899 Domini
822 2829 1042 2919 speculantes
1061 2828 1098 2895 in
1149 2843 1295 2901 naturae
1316 2831 1412 2898 varie
1435 2827 1652 2918 disputatum
1673 2845 1725 2899 est
1745 2851 1763 2896 a
1785 2826 1925 2897 multis:
1953 2823 2121 2896 mibinon

119 2930 266 2997 eandem
307 2926 500 3024 imaginem
540 2931 843 3003 transformamur.
912 2926 978 3000 Est
1019 2951 1100 3019 ergo
1149 2933 1251 3003 aliter
1275 2952 1375 3022 posse
1404 2929 1534 2999 rectius
1564 2930 1731 3018 explicari
1755 2929 1913 3012 videtur,
1945 2951 2055 3021 quam
2072 2919 2123 2992 hic

120 3031 235 3118 imago
258 3029 348 3114 Dei,
380 3042 505 3100 natura
530 3031 671 3124 perlusa
694 3030 866 3121 sapientia
892 3044 926 3101 et
949 3029 1100 3111 iusticia,
1150 3033 1319 3126 expressit
1342 3031 1483 3121 Moses,
1508 3030 1698 3100 Decretum
1716 3031 1784 3102 Dei
1805 3053 1877 3099 esse
1901 3030 2018 3119 legem
2032 3040 2122 3098 natu·
2161 3090 2163 3123 Ξ

122 3133 254 3200 lumine
269 3144 303 3200 et
318 3130 429 3221 gloria
442 3130 521 3204 Dei.
572 3128 619 3202 Et
635 3126 720 3202 binc
733 3131 919 3222 intelligis,
945 3133 1005 3224 qui
1022 3133 1100 3201 lue·
1151 3160 1232 3218 rae,
1256 3133 1456 3203 ordinantis
1481 3132 1620 3220 singula
1642 3134 1686 3200 ad
1710 3133 1843 3221 gloriae
1859 3154 1944 3200 suae
1961 3128 2123 3201 ostensio·
2161 3154 2163 3215 ξ

120 3233 167 3302 rit
192 3247 300 3303 status
321 3233 457 3323 primae
479 3234 713 3317 conditionis,
739 3247 856 3325 etqua
873 3234 984 3320 gloria
1008 3233 1100 3302 exci·
1151 3262 1251 3315 nem,
1288 3237 1387 3303 etad
1413 3247 1575 3302 mutuum
1598 3234 1808 3326 obsequium
1829 3234 1924 3303 inter
1945 3247 2123 3304 creaturas:

121 3334 294 3416 decimus,
323 3355 419 3401 nunc
443 3356 525 3402 caro
553 3330 646 3403 nihil
668 3335 738 3402 nisi
761 3335 914 3402 carnalia
936 3333 1102 3423 intelligit
1151 3353 1191 3410 ιιι
1212 3339 1241 3407 si
1265 3337 1309 3404 de
1332 3331 1476 3404 bomine
1500 3335 1675 3426 loquaris,
1702 3334 1818 3404 Homo
1834 3334 2003 3404 conditus
2022 3349 2073 3403 est
2088 3329 2124 3399 ad

122 3448 182 3502 aut
204 3431 343 3525 quaerit
366 3445 427 3501 etc.
490 3430 538 3503 Et
558 3435 640 3526 quia
670 3435 750 3504 talis
770 3435 839 3504 fuit
862 3430 988 3514 homo,
1022 3436 1102 3504 ideo
1152 3442 1344 3530 imaginem
1360 3434 1448 3520 Dei,
1482 3434 1530 3505 Et
1553 3435 1641 3506 vidit
1666 3434 1762 3506 Deus
1786 3438 1924 3505 bonum
1949 3459 2026 3505 esse
2048 3451 2125 3525 opus

122 3534 315 3625 praelectus
327 3533 394 3604 luit
410 3533 577 3604 omnibns
594 3536 772 3605 creaturis.
823 3533 875 3605 Ita
892 3534 990 3604 vides
1006 3536 1104 3626 prio·
1153 3546 1250 3638 quod
1264 3542 1410 3616 fecerat,
1437 3539 1474 3606 id
1491 3551 1561 3614 est,
1587 3538 1730 3607 ordinat
1751 3533 1935 3606 hominem
1950 3538 1997 3606 ad
2013 3533 2127 3623 imagi-

123 3659 197 3703 rem
220 3633 431 3705 sententiam
459 3658 539 3705 cum
574 3629 639 3705 bac
662 3659 876 3721 convenere,
911 3650 945 3707 ct
969 3639 1013 3706 de
1037 3635 1104 3706 boc
1155 3670 1237 3715 nem
1261 3643 1358 3710 illam
1377 3640 1669 3708 conservandam:
1704 3653 1840 3709 etcum
1864 3641 1980 3730 imago
2002 3636 2069 3709 Dei
2090 3634 2128 3704 sit

123 3735 272 3826 imperio
296 3733 456 3806 Psalmus
476 3737 650 3829 loquitur:
681 3735 814 3808 Omnia
835 3738 1015 3811 subiecisti
1039 3739 1105 3808 sub
1157 3746 1336 3841 perfusum
1361 3764 1433 3810 esse
1457 3742 1534 3810 luce
1558 3753 1592 3809 et
1615 3741 1815 3829 cognitione
1836 3737 1924 3825 Dei,
1950 3740 2128 3811 ordinatur

124 3837 375 3926 pedibuseius.
419 3834 510 3907 Nam
525 3840 621 3932 quod
636 3838 674 3908 in
693 3835 809 3909 Adam
825 3839 1017 3923 amisimus,
1044 3861 1107 3930 per
1155 3845 1263 3919 homo
1287 3847 1330 3914 ad
1351 3836 1633 3932 cognoscendum
1658 3858 1693 3912 et
1717 3842 1988 3930 glorificandum
2007 3836 2124 3910 Deum.

125 3936 361 4011 Christum
377 3951 621 4032 recuperatum
637 3956 699 4012 eat.
721 3937 769 4013 Et
784 3940 870 4033 quid
886 3941 931 4011 sit
944 3964 1016 4010 esse
1031 3938 1107 4009 Do-
1155 3948 1316 4031 Deinde,
1344 3946 1440 4036 quod
1465 3943 1562 4014 ridet
1589 3944 1726 4015 bonum
1748 3965 1837 4034 opus
1859 3962 1955 4031 esse,
1985 3941 2130 4013 destinat

127 4042 245 4109 ‘⁰5⁰0‘
275 4040 437 4109 Omnium
470 4054 728 4125 waimarum,
765 4055 890 4111 mlum
922 4054 984 4116 0⁸¹·
1043 4037 1107 4110 Εδῑ
1155 4049 1301 4122 utilitati
1318 4058 1574 4130 creaturarum,
1599 4059 1639 4114 ut
1659 4060 1822 4117 mutuum
1844 4044 2057 4140 obsequium
2076 4038 2132 4112 alii

127 4141 221 4211 enim
248 4140 416 4211 omnibus
446 4143 616 4212 creaturis
648 4143 867 4213 adsalutem
902 4142 976 4227 uti,
1015 4141 1107 4211 nulli
1156 4153 1236 4223 aliis
1261 4163 1486 4242 praestemus,
1538 4150 1626 4216 Item
1649 4147 1704 4214 lex
1725 4146 1882 4216 caritatis
1898 4168 2062 4238 expressa
2078 4155 2133 4225 est,

128 4258 306 4316 creaturae
324 4241 451 4313 subiici
467 4265 585 4335 posse,
612 4244 672 4315 sed
689 4244 756 4313 soli
771 4239 846 4313 Deo
865 4242 1003 4314 subiici.
1054 4240 1108 4312 De
1158 4277 1238 4325 cum
1267 4252 1365 4322 iubet
1394 4271 1547 4319 crescere
1576 4261 1611 4317 et
1637 4247 1879 4340 multiplicari.
1938 4246 2034 4317 Nam
2060 4266 2133 4318 cum

128 4343 195 4415 hoc
213 4344 362 4437 imperio
377 4344 422 4415 ad
439 4341 623 4417 Romanos
642 4359 766 4417 ottavo
785 4344 945 4438 loquitur
959 4341 1108 4415 Paulus:
1157 4357 1300 4449 gignere
1315 4353 1426 4435 iubet,
1452 4364 1544 4420 certe
1560 4350 1716 4419 excolere
1730 4348 1898 4442 praecipit
1909 4370 2004 4441 quae
2016 4342 2134 4439 genui-

127 4445 278 4517 Confido
299 4446 396 4542 quod
414 4469 530 4541 neque
551 4471 648 4518 mors
667 4457 731 4523 etc.
782 4444 884 4534 Quae
905 4441 964 4518 bic
980 4446 1108 4516 dicun·
1158 4480 1247 4528 mus.
1300 4454 1351 4525 lta
1371 4454 1466 4522 inter
1485 4475 1522 4520 sc
1549 4474 1671 4521 omnes
1694 4446 1856 4521 homines
1880 4448 2134 4521 necessitudine

129 4561 188 4617 tur
212 4550 256 4616 de
276 4547 428 4637 imagine
454 4562 489 4619 et
509 4549 553 4618 de
576 4548 726 4642 imperio
753 4548 792 4617 in
815 4561 1007 4627 creaturas,
1033 4571 1107 4616 non
1158 4559 1339 4651 geniturae
1379 4551 1619 4626 cohaeremus,
1683 4551 1758 4622 lam
1792 4553 1830 4621 in
1863 4548 2040 4622 Hebraeis
2074 4570 2134 4643 pro

130 4647 279 4719 dublum
296 4660 367 4734 ²⁸¹,
393 4647 480 4742 quin
495 4652 540 4722 ad
555 4646 738 4721 Chrlsltlm
754 4649 973 4742 Perllsseassls
997 4649 1058 4740 qul
1075 4659 1109 4716 el
1159 4659 1301 4731 crescite
1317 4671 1368 4728 est
1387 4656 1615 4737 fructificate,
1641 4655 1736 4748 quod
1759 4655 1803 4723 ad
1826 4653 1946 4724 omnia
1970 4651 2135 4747 obsequia

130 4749 281 4840 perlecta
304 4748 419 4839 imago
436 4762 490 4820 est
509 4748 644 4837 Patris,
677 4765 713 4822 et
733 4751 831 4821 sedet
852 4772 871 4819 a
895 4749 1026 4819 dextris
1041 4746 1109 4818 Pa·
1159 4760 1334 4854 pertinere
1350 4758 1501 4833 videtur,

130 4852 194 4922 tris
211 4863 276 4921 etc.
308 4847 362 4921 lta
376 4850 475 4922 vides
487 4853 608 4924 omnia
620 4874 694 4923 esse
707 4853 851 4924 condita
864 4850 904 4920 in
915 4845 1110 4934 Christum,

130 4949 313 5025 Christum
347 4974 433 5023 vero
468 4953 600 5025 factum
638 4976 732 5039 esse,
779 4956 825 5025 ad
861 4952 1109 5022 declarandam
1537 4976 1675 5086 caput
1703 4979 1757 5064 st

130 5054 411 5147 magnitudinem
426 5053 559 5145 gratiae
571 5068 606 5127 et
622 5055 884 5126 misericordiae
898 5051 1013 5124 Patris
1026 5067 1091 5125 cte.
1574 5107 1578 5114 .

231 5155 388 5247 Quando
403 5156 442 5226 in
456 5157 621 5227 universa
637 5157 809 5248 scriptura
827 5155 946 5227 omnia
963 5167 1045 5225 sunt
1067 5155 1110 5223 ad
1248 5147 1291 5217 ln
1307 5140 1500 5234 Scripturis
1514 5141 1559 5209 de
1571 5140 1728 5213 Sabbato
1743 5144 1873 5233 passim
1890 5144 2002 5213 multa
2016 5142 2140 5233 legun-

63 5276 86 5347 ἰς
129 5258 236 5331 lidem
252 5273 287 5331 et
302 5258 484 5330 caritatem
507 5258 708 5338 referenda,
735 5259 847 5329 disces
862 5281 904 5327 ex
921 5258 1037 5350 primo
1054 5279 1112 5325 ea·
1158 5265 1228 5336 tur,
1253 5268 1344 5342 quae
1358 5269 1399 5314 ex
1414 5239 1575 5313 hocloco
1592 5244 1689 5314 velut
1707 5266 1748 5312 ex
1763 5245 1860 5315 fonte
1873 5245 2032 5315 derivata
2050 5258 2143 5318 snnt.

63 5352 68 5391 f
127 5361 340 5459 pitelidam,
365 5360 405 5431 in
422 5383 464 5432 eo
479 5362 576 5456 quod
593 5359 719 5453 condi,
747 5359 900 5447 servari,
923 5357 973 5428 ali
988 5373 1022 5431 et
1036 5356 1111 5449 regi
1156 5353 1320 5425 Primum
1343 5359 1460 5418 autem
1483 5339 1542 5415 bic
1565 5346 1767 5440 quaeritur,
1792 5349 1972 5439 quomodo
1993 5348 2143 5435 septimo
