4538 5754
59 235 137 305 sot-
252 268 256 272 ·
628 224 697 305 lll.
750 222 908 300 tttltta
934 215 1229 300 DOCTRINAE
1255 215 1508 294 rtttstctra
1999 222 2078 297 202

62 424 141 476 esse.
194 394 295 493 Ergo
315 414 541 484 necesseest,
566 398 723 494 aliquam
739 409 919 469 aeternam
944 421 1046 467 men.
1097 403 1215 463 tamen
1239 385 1489 480 inpraesentia
1506 398 1644 457 tantum
1669 391 1841 477 monebo,
1864 402 1904 462 ut
1921 384 2077 460 ltotninis
2106 444 2113 452 .

61 518 144 585 tem,
168 499 490 586 architectatricem
506 524 590 572 esse.
641 495 689 570 Et
705 495 772 569 hae
787 501 876 569 duae
892 498 1047 568 rationes
1096 490 1274 582 opificium
1311 490 1415 559 uobis
1449 509 1707 576 proponamus,
1735 491 1787 569 ‚in
1818 515 1890 584 quo
1918 492 2078 580 singulae

59 604 222 674 omnium
241 604 394 673 maxime
416 614 499 671 sunt
516 603 683 675 illustres.
735 597 869 692 Estque
897 600 1045 687 dignum
1097 604 1213 683 partes
1245 592 1291 661 ad
1331 603 1443 661 certas
1479 588 1680 659 functiones
1719 590 1809 662 mira
1847 604 1922 662 arte
1952 592 2077 663 condi-

58 703 361 790 musideratione,
392 704 486 796 quod
518 698 673 773 humana
698 725 819 782 mens,
853 713 887 770 ct
907 700 970 768 illa
986 700 1046 770 lus
1096 706 1153 762 tae
1173 704 1265 762 sunt.

57 806 166 874 menti
180 803 313 891 insita,
338 805 565 896 praecipuum
584 805 627 871 de
643 800 721 872 Deo
737 800 978 872 testimonium
995 813 1047 870 εει

58 906 97 975 in
119 918 267 980 ustura.
330 902 380 976 Et
402 905 546 998 quidem
572 904 666 973 iuter
691 902 841 972 noticias
871 901 1047 971 naturales

58 1001 142 1075 laser
155 1030 308 1100 quoque
322 1019 392 1085 est,
419 1008 514 1097 quod
529 1005 574 1074 sit
587 1003 706 1089 Deus,
732 1004 823 1073 sicut
839 1000 972 1071 Paulus
985 1025 1046 1070 es-

55 1128 175 1198 presse
189 1108 377 1187 adfirmat,
409 1105 592 1196 inquiens:
630 1103 729 1176 Deus
746 1103 832 1195 ipsis
846 1102 1049 1172 manifesta-

57 1208 128 1288 rit,
152 1207 196 1277 id
217 1221 292 1292 est,
316 1205 431 1277 voluit
454 1204 551 1277 Deus
571 1206 715 1296 agnosci
733 1228 770 1275 se
790 1227 809 1273 a
833 1225 960 1293 genere
979 1198 1048 1272 bu·

54 1330 180 1383 mauu.
233 1305 320 1378 ldeu
343 1306 509 1377 noticiam
524 1303 617 1376 banc
634 1302 809 1376 humanae
824 1304 935 1374 menti
951 1302 1049 1372 indi-

54 1409 127 1493 dit,
155 1410 256 1502 quod
273 1409 318 1478 sit
333 1407 441 1480 Deus.
465 1402 514 1476 Et
537 1408 645 1476 simul
666 1406 853 1488 exuscitet,
877 1418 918 1475 ut
940 1426 1050 1496 qnae-

50 1524 112 1580 rat
126 1509 452 1582 demonstrationes
476 1522 509 1578 et
525 1504 725 1578 testimonia
743 1532 783 1575 ex
800 1506 992 1576 effectibus.

164 1625 324 1716 Quarta,
352 1625 504 1698 noticiae
522 1625 701 1695 naturales
716 1640 800 1696 sunt
816 1647 929 1692 verae.
961 1618 1048 1693 Esse

49 1725 179 1799 Deum
194 1727 415 1798 naturaliter
439 1750 562 1795 omnes
591 1727 757 1800 latentur,
815 1722 913 1794 Haec
940 1722 1049 1811 igitur

51 1828 201 1898 noticia
224 1851 306 1898 vera
330 1841 402 1910 εει,
427 1825 603 1896 illustrior
622 1839 738 1897 autem
763 1840 853 1894 esset
875 1819 959 1892 baec
980 1821 1049 1892 mi-

52 1953 145 2012 nor,
171 1928 290 1998 sinon
303 1940 392 1997 esset
407 1926 475 1995 iarn
492 1926 605 2014 essigo
622 1927 661 1995 in
677 1922 742 1996 hac
757 1939 905 1995 naturae
920 1925 1049 2014 depra-

55 2028 222 2103 vatione.
246 2027 315 2099 Sed
332 2026 453 2098 omnia
470 2043 676 2117 argumenta
693 2027 940 2114 coniungenda
954 2036 1049 2108 sunt,

56 2129 163 2222 quod
186 2152 268 2198 cum
292 2128 353 2212 lit,
378 2151 418 2198 ea
441 2152 532 2220 quae
550 2142 636 2198 sunt
656 2128 849 2197 illustriora
869 2140 905 2196 et
919 2148 1049 2194 nervo-

58 2231 179 2312 siora,
201 2229 350 2298 caeteris
368 2228 506 2320 aliquid
521 2228 611 2299 lucis
629 2240 663 2297 et
680 2229 808 2297 virium
824 2227 973 2300 addunt.

168 2360 325 2450 Quinta,
362 2364 456 2451 apud
473 2355 748 2451 Xenophontem
770 2361 924 2431 sumitur
958 2361 1049 2432 ratio

60 2490 82 2534 a
97 2462 293 2553 pavoribus
314 2461 557 2532 conscientiae.
608 2459 755 2531 Constat
779 2458 992 2546 homicidas,
1016 2474 1050 2532 et

59 2565 171 2647 alios,
204 2563 414 2655 perpetratis
443 2563 580 2650 magnis
608 2563 818 2641 sceleribus,
861 2557 1050 2632 horribiles

62 2663 270 2734 animorum
291 2663 467 2732 cruciatus
483 2663 674 2746 sustinere,
700 2663 837 2733 etiarnsi
862 2663 962 2733 nulla
981 2658 1050 2732 hu·

61 2788 170 2834 mana
191 2764 325 2833 iudicia
345 2776 517 2834 metuant.
578 2759 639 2831 Est
667 2763 775 2850 igitur
798 2764 916 2857 aliqua
939 2786 1051 2849 meus,

63 2889 159 2959 qssse
180 2860 249 2934 hoc
283 2864 457 2933 iudicium
494 2865 531 2932 in
566 2863 694 2931 animis
724 2864 922 2949 ordinavit,
959 2887 1050 2959 quae

62 2966 195 3057 prohat
212 2977 305 3035 recte
320 2965 432 3048 facts,
458 2978 493 3035 et
514 2965 692 3054 improbat
709 2987 808 3033 secus
822 2965 924 3039 lacta.

171 3080 291 3167 Sexta,
317 3105 338 3152 a
355 3083 501 3175 politica
515 3081 691 3155 socictate.
742 3079 892 3152 Politica
904 3081 1050 3153 societas

62 3209 143 3254 uon
166 3196 219 3253 est
238 3208 433 3254 concursus
452 3179 638 3252 hominum
662 3181 846 3268 fortuitus,
872 3184 933 3252 sed
955 3196 1050 3253 certo

64 3285 196 3355 ordine
217 3296 252 3355 et
266 3285 345 3354 iure
368 3284 564 3354 consociata
587 3281 789 3355 multitudo.
839 3281 913 3352 Nec
935 3296 1052 3373 posset

64 3382 226 3457 humana
242 3407 310 3475 ope
323 3396 460 3456 tantum
475 3385 639 3463 retineri,
664 3384 726 3451 sed
752 3384 967 3472 experientia
998 3396 1052 3453 ιε-

64 3498 180 3557 statur
209 3484 331 3578 aliquo
357 3485 505 3554 numine
528 3486 570 3553 ad
599 3506 746 3574 poenam
777 3483 957 3574 rapiens,
989 3483 1051 3577 qui

63 3586 203 3656 violant
226 3570 325 3653 bunc
344 3584 528 3664 ordinem,
567 3596 607 3653 ut
635 3579 848 3663 homicidas,
889 3585 1052 3669 incestos,

62 3700 98 3757 et
112 3700 299 3780 mannos.
348 3681 444 3773 Ergo
461 3697 513 3754 est
527 3684 645 3776 aliqua
663 3705 762 3752 mens
777 3697 938 3766 aeterne,
963 3708 1053 3777 quae

63 3786 165 3856 dedit
179 3781 388 3855 hominibus
403 3785 621 3855 intellectum
636 3785 784 3869 ordinis,
810 3798 849 3854 ut
871 3785 1050 3877 politicam

63 3886 270 3959 societatem
290 3886 422 3957 rolant.
481 3882 570 3956 Item
594 3906 683 3977 quae
710 3907 772 3954 sua
791 3908 859 3976 ope
881 3898 997 3956 servat
1018 3898 1054 3956 et

71 3984 246 4071 odendis,

165 4100 328 4192 Septima
350 4113 402 4172 est
429 4100 589 4184 erudita,
615 4111 754 4191 sumpta
777 4102 908 4173 aserie
931 4125 1052 4173 causa-

66 4228 148 4276 rum
165 4192 420 4276 efficientium'
442 4200 525 4271 Non
541 4213 593 4269 εει
609 4222 791 4291 processus
807 4200 846 4270 in
861 4203 1054 4290 inlinitum,

65 4307 106 4375 in
127 4303 247 4375 causis
270 4302 514 4374 efficientibus.
564 4296 661 4389 Ergo
685 4323 825 4371 neeesse
846 4318 898 4376 est
921 4304 961 4373 in
981 4328 1052 4374 una

65 4406 181 4499 prims
205 4425 310 4497 rausa
341 4403 515 4475 resistere.
573 4397 679 4472 Hanc
707 4402 881 4472 rationem
913 4399 1052 4498 physici

69 4506 231 4577 dilucide
243 4502 430 4595 explicant.
469 4501 561 4574 Nam
577 4503 608 4571 si
623 4501 712 4574 esset
724 4526 926 4593 progressus
941 4504 979 4574 in
995 4505 1053 4573 in-

68 4602 230 4692 finitum,
268 4603 391 4674 nullus
417 4616 506 4674 esset
526 4605 617 4698 ordo
641 4623 849 4691 cosmum,
880 4620 916 4677 et
933 4607 1054 4676 nullae

67 4726 192 4780 muse
207 4704 407 4776 mouns
426 4699 671 4775 cohaererent.

1198 837 1320 920 Nona,
1344 837 1580 907 aluturorum
1600 849 1791 907 eventuum
1812 837 2080 928 significationi·

1098 941 1175 1012 bus.
1234 936 1340 1031 Certo
1375 952 1620 1009 monstrantur
1654 939 1767 1008 luturi
1800 953 1964 1025 eventus,
2003 962 2079 1007 non

1098 1040 1204 1109 modo
1222 1061 1286 1130 per
1303 1026 1482 1129 prodigia,
1508 1063 1599 1132 quae
1617 1053 1738 1129 gentes
1754 1040 1963 1124 movebant,
1986 1063 2079 1127 quo-

1099 1164 1176 1210 rum
1193 1139 1262 1208 alia
1278 1138 1365 1208 alias
1389 1163 1509 1208 causas
1531 1135 1726 1219 habehant,
1751 1141 1810 1208 sed
1835 1141 1951 1210 multo
1969 1141 2079 1230 magis

1100 1264 1162 1332 per
1177 1240 1343 1312 vaticinia
1361 1240 1400 1308 in
1415 1236 1590 1325 Ecclesia,
1614 1256 1652 1313 ut
1671 1239 1839 1322 Balaam,
1865 1237 1998 1324 Esaias,
2024 1239 2079 1310 le-

1099 1342 1247 1425 remias,
1278 1339 1428 1419 Daniel,
1472 1366 1555 1411 vere
1584 1341 1836 1432 praedixerunt
1864 1342 2080 1412 mutationes

1100 1457 1135 1512 et
1151 1441 1385 1512 successiones
1400 1463 1603 1531 regnorum.
1637 1440 1785 1512 Necesse
1801 1455 1853 1512 est
1868 1441 1987 1532 igitur,
2013 1442 2080 1510 ali·

1099 1566 1206 1636 quam
1219 1555 1372 1612 mentem
1395 1563 1468 1612 esse
1486 1543 1746 1633 praevidentem
1772 1566 1829 1612 eas
1855 1543 2081 1629 mutationes,

1100 1657 1135 1712 et
1150 1656 1502 1735 praemonstrantem.

1200 1790 1298 1863 Haec
1311 1808 1516 1882 argumenta
1531 1820 1633 1888 saepe
1650 1796 1803 1886 cogitare
1817 1798 1971 1888 prodest,
1993 1820 2081 1866 con·

1100 1897 1241 1965 finnant
1256 1894 1351 1962 cuim
1367 1890 1551 1969 honestam
1567 1899 1777 1969 sententiam
1795 1898 1835 1966 in
1854 1899 1958 1969 bouis
1979 1921 2081 1968 men·
2112 1965 2115 1969 .

1101 1998 1196 2068 tibus
1219 2007 1428 2065 statuentem
1452 2010 1485 2067 ει
1511 2021 1582 2067 εεεε
1599 1998 1737 2084 Deum,
1769 2010 1805 2070 et
1825 2023 1898 2068 non
1923 1998 2081 2083 ociosum

1101 2119 1195 2181 csse,
1214 2098 1275 2167 sed
1293 2119 1416 2167 curare
1431 2091 1627 2168 humanum
1652 2121 1771 2189 genus.
1820 2096 1901 2169 Etsi
1924 2101 2018 2169 enirn
2041 2099 2081 2168 iu

1100 2194 1258 2268 Ecclesia
1295 2197 1409 2267 multo
1447 2198 1639 2270 illustriora
1671 2199 1868 2271 testimonia
1901 2202 2083 2291 proposita

1100 2311 1201 2384 sunt,
1226 2298 1267 2367 in
1290 2298 1419 2392 quibus
1435 2322 1471 2368 se
1490 2298 1587 2369 Deus
1611 2301 1794 2370 evidenter
1818 2301 1999 2392 patefecit,
2026 2315 2081 2371 ta-

1101 2422 1184 2470 men
1200 2394 1376 2470 ethorum
1392 2393 1717 2492 philosophicarum
1739 2400 2082 2472 demonstrationum

1101 2500 1337 2571 consideratio
1360 2500 1459 2589 utilis
1481 2513 1552 2586 est,
1585 2526 1675 2594 quae
1695 2514 1729 2573 et
1752 2503 1867 2572 bonos
1889 2501 2083 2584 confirmat,

1101 2614 1137 2674 ει
1152 2600 1258 2672 simul
1279 2601 1434 2671 ostendit
1455 2601 1731 2674 imbecillitatem
1747 2596 1922 2673 humanae
1943 2604 2084 2679 mentis.

1103 2701 1145 2772 ln
1163 2701 1243 2772 aliis
1256 2701 1534 2796 quaestionibus,
1556 2719 1597 2775 ut
1614 2704 1653 2773 in
1667 2698 1888 2775 arithmetica
1913 2717 1974 2775 aut
1987 2727 2083 2795 ,geo-

1102 2804 1246 2874 metrica
1260 2802 1412 2873 convicti
1428 2804 1727 2876 demonstratione
1741 2802 1940 2875 firmissime
1954 2806 2084 2876 adsen-

1102 2905 1222 2975 timur.
1275 2900 1320 2972 ln
1335 2897 1400 2971 hac
1414 2904 1620 2995 quaestione
1641 2908 1688 2975 de
1703 2902 1801 2985 Deo,
1828 2904 1964 2975 etiamsi
1981 2907 2083 2976 vide·

1104 3027 1182 3073 mus
1199 3003 1515 3073 demonstrationes
1541 3028 1644 3074 veras
1658 3019 1693 3075 et
1708 3005 1826 3074 firmas
1846 3028 1936 3090 csse,
1963 3021 2083 3077 tamen

1103 3104 1267 3193 longuida
1285 3117 1337 3174 est
1350 3105 1515 3174 assensio.
1557 3103 1783 3197 Deploranda
1799 3118 1851 3176 εει
1864 3119 1980 3176 autem
1997 3101 2083 3176 haec

1103 3205 1327 3278 imbecillitas
1342 3218 1377 3275 et
1391 3204 1615 3294 corrigenda,
1640 3219 1680 3276 ut
1695 3217 1817 3297 postca
1831 3207 1875 3276 de
1890 3207 2083 3298 providen-

1102 3305 1151 3376 tia
1166 3305 1293 3380 dicam.

1204 3450 1282 3527 Etsi
1304 3464 1421 3525 autem
1443 3452 1654 3527 multisunt
1677 3467 1712 3527 et
1735 3456 1901 3538 fuerunt,
1933 3457 1995 3550 qui
2024 3481 2085 3554 cy-

1103 3555 1241 3648 olopico
1256 3556 1377 3628 furore
1391 3554 1469 3626 ausi
1483 3567 1566 3625 sunt
1580 3557 1765 3627 adfirmare
1772 3551 1866 3627 nibil
1874 3548 1948 3627 esse
1955 3555 2084 3641 Deum,

1104 3670 1140 3728 et
1159 3656 1297 3726 nullam
1322 3678 1397 3745 esse
1423 3655 1700 3747 providentiam,
1736 3670 1853 3727 tamen
1877 3652 2084 3751 pbflosophi

1105 3756 1280 3842 saniores,
1304 3754 1420 3841 Plato,
1446 3756 1658 3827 Aristoteles
1684 3770 1717 3829 et
1738 3759 1848 3852 aliqui
1864 3762 2083 3848 vetustiores,

1106 3857 1194 3928 moti
1210 3856 1588 3938 demonstrationibus,
1615 3880 1702 3951 quas
1715 3859 1895 3942 recensui,
1918 3861 2085 3934 adfirma-

1106 3970 1207 4044 runt,
1229 3978 1304 4029 εεεε
1323 3955 1440 4028 Deum
1465 3971 1619 4029 mentem
1648 3972 1843 4044 aeternam,
1877 3955 2085 4035 architecta-

1104 4059 1248 4144 tricem,
1270 4062 1431 4150 utsupra
1447 4058 1579 4129 dictum
1596 4054 1670 4143 est,
1695 4062 1887 4155 etquidem
1910 4064 2000 4135 ratio
2022 4067 2085 4134 de-

1105 4160 1206 4231 duxit
1222 4180 1282 4229 eos
1294 4159 1336 4229 in
1347 4154 1441 4229 hauc'
1455 4183 1574 4230 veram
1588 4163 1810 4238 sententiam,
1835 4161 1952 4234 Unam
1969 4189 2084 4258 quan-

1105 4263 1186 4331 dam
1206 4281 1280 4330 esse
1301 4273 1476 4331 aeternam
1502 4260 1757 4354 intelligentem
1778 4264 1980 4348 essentiam,
2012 4266 2084 4334 im·

1105 4383 1246 4432 mensae
1271 4361 1448 4452 potentiae
1471 4360 1605 4448 Deum,
1644 4388 1709 4433 nec
1733 4364 1851 4455 plures
1880 4385 1955 4434 esse
1976 4363 2084 4442 Deos.

1105 4461 1197 4534 Cum
1211 4462 1308 4532 enim
1323 4457 1490 4556 physicus
1512 4465 1672 4535 inveniat
1696 4483 1817 4533 causas
1839 4485 1913 4534 esse
1935 4467 2083 4538 ordina·

1105 4577 1179 4647 tas,
1204 4584 1342 4633 necesse
1356 4575 1408 4635 εει
1422 4586 1529 4632 unam
1555 4565 1704 4653 primam
1727 4563 1886 4637 infinitae
1905 4569 2083 4656 potentiae

1105 4686 1190 4735 esse.
1239 4660 1331 4735 Nam
1351 4663 1383 4733 si
1397 4663 1517 4755 plures
1535 4677 1649 4734 essent
1669 4664 1824 4755 primae,
1849 4666 1970 4738 nullus
1992 4671 2081 4740 ordo

1014 4819 1025 4839 .
1104 4777 1195 4835 esset
1208 4788 1406 4838 causarum.
1448 4762 1496 4836 Et
1512 4764 1648 4835 diversa
1664 4765 1804 4837 infinita
1819 4768 1953 4859 pariter
1967 4771 2081 4861 prima

163 4818 328 4909 Ocima
360 4821 518 4915 ³2⁰⁵ss
537 4818 716 4893 finallbm·
775 4814 914 4890 ΟΜ*
935 4843 991 4891 ¹²⁸
1012 4844 1052 4889 ¹¹¹
1103 4866 1197 4937 inter
1217 4889 1254 4937 se
1275 4879 1483 4956 pugnarent.
1551 4861 1635 4935 Ideo
1657 4862 1866 4937 Aristoteles
1891 4869 2082 4943 adfirmans

1103 4989 1215 5036 uuum
1231 4990 1305 5037 esse
1318 4962 1432 5036 Deum
1441 5015 1454 5055 ,
1482 4965 1671 5064 immensae
1688 4969 1891 5059 potentiae,
1924 4972 2081 5044 versicu-

1102 5066 1176 5138 lum
1189 5067 1314 5139 recitat
1328 5063 1578 5138 Homericum:

67 4923 506 4998 umdeninetsesons
524 4923 698 4992 adrestas
718 4919 900 4997 utilitates.
949 4918 1052 4991 Hanc

67 5023 357 5098 distributionem
371 5023 518 5110 linium,
542 5020 761 5113 impossibile
782 5033 854 5103 est,
878 5033 941 5093 aut
962 5021 1052 5091 esti-

66 5127 146 5197 tiss·
160 5147 267 5209 essu,
290 5135 354 5195 sut
369 5146 453 5195 casu
465 5144 619 5204 manere,
645 5123 705 5192 sed
724 5143 865 5192 necesse
877 5136 942 5208 est,
963 5146 1051 5192 con-

67 5227 145 5299 u’lio
157 5218 489 5319 architectifactam
509 5246 595 5299 esse.
653 5218 732 5294 Etsi
753 5236 872 5295 autem
891 5223 1051 5313 exempla
1157 5207 1214 5295 ste
1234 5207 1362 5296 speetu
1382 5214 1608 5296 πολυκοιρανίη
1628 5176 1673 5291 tls
1693 5215 1839 5296 “ostreis
1861 5210 1952 5283 ἴστω.

67 5349 106 5400 ss
128 5347 263 5421 merus
289 5339 391 5420 parte
411 5347 535 5398 rerum
558 5325 600 5394 in
626 5337 755 5398 natura
773 5324 869 5396 sumi
888 5335 1049 5418 possunt,
1148 5323 1265 5391 uuus
1284 5325 1456 5408 imperitare
1474 5327 1591 5388 nuum
1610 5338 1674 5407 ess,
1698 5342 1756 5390 rex
1776 5330 1883 5392 nunu
1904 5343 1979 5398 etro.
