4538 5754
75 213 172 301 ,667
335 207 543 286 SCRIPTA
571 209 649 287 PH.
676 207 792 287 Meu
819 211 890 286 Al>
912 211 1041 288 HlST.
1064 207 1209 291 PROF.
1233 210 1304 288 ΕΤ
1328 209 1520 335 enisos.
1547 210 1869 295 SPECTANTIA.
2042 215 2118 295 ddi

102 381 218 456 Causa
233 383 387 456 efficiens
402 383 555 457 noticiae
576 385 615 455 in
639 387 818 458 mentibus
832 383 932 458 Deus
953 401 1006 458 est
1026 387 1106 457 in-·
1137 385 1184 456 ab
1197 384 1296 472 aliis,
1321 399 1381 458 ut:
1409 384 1506 476 Ignis
1521 399 1573 458 est
1589 387 1803 461 elementum
1818 390 1972 463 calidum
1995 404 2031 462 et
2053 392 2123 464 sic-

104 508 222 557 serens
242 480 310 556 boc
333 486 467 561 lumen.
518 487 634 559 Causa
657 489 791 576 finalis,
816 501 856 560 ut
880 483 949 558 boc
968 488 1086 579 ipsum
1138 510 1241 574 cum,
1267 500 1302 558 et
1325 489 1468 561 levitate
1489 489 1658 561 omnibns
1678 493 1901 568 antecellens.
1960 491 2122 565 Multum

104 589 226 659 lumen
249 600 394 659 testetur
414 611 488 658 esse
510 583 646 675 Deum,
677 605 711 662 et
735 605 930 662 monstrato
958 589 1086 660 discri-
1138 602 1256 660 autem
1272 584 1338 659 bac
1354 590 1469 661 forma
1484 591 1621 662 utimur
1637 592 1676 660 in
1696 593 1999 685 descriptionibus
2019 595 2123 687 plnu-

106 691 202 760 mine
226 685 458 763 bonestorum
481 704 516 762 et
538 693 718 783 turpium,
750 696 874 764 doceat
897 693 1014 784 qualis
1040 692 1086 761 sit
1137 703 1276 776 tarum,
1311 691 1394 761 item
1426 692 1464 760 in
1494 692 1782 778 individuorum,
1816 709 1858 767 ut
1889 717 2122 789 personarum

105 789 219 874 Deus,
246 791 378 861 scilicet
402 792 551 862 essentia
576 793 798 884 intelligens,
826 817 949 877 verax,
983 793 1085 877 iusta,
1136 791 1404 863 discriminibus
1426 793 1652 880 indicandis,
1683 808 1742 866 ut:
1773 795 1966 868 Mitioncm
1995 811 2032 870 et
2051 796 2124 868 De·

106 894 279 976 benefica,
314 908 425 976 casta,
455 907 518 967 etc.
576 895 716 966 Deinde
745 913 785 968 ut
808 917 923 964 mores
945 909 1085 965 nostros
1137 915 1251 961 meam
1277 894 1484 966 discernunt
1506 896 1711 967 accidentia.
1762 894 1978 970 Notissimus
2005 899 2125 969 omni-

106 1009 202 1084 regat
224 1010 258 1064 ει
278 995 410 1065 iudicet
441 989 525 1066 baec
554 999 697 1069 noticia.
751 997 941 1087 Quomodo
967 1010 1084 1066 autem
1138 995 1204 1064 bus
1227 1006 1278 1065 cst
1302 996 1439 1081 frutex,
1475 997 1536 1088 qui
1564 997 1633 1066 fert
1662 999 1840 1084 fructum,
1874 1024 1980 1092 quem
2003 1013 2126 1072 nostra

92 1106 229 1167 'causae
255 1100 479 1188 quaerendae
508 1099 600 1184 sint,
629 1100 667 1169 in
695 1098 782 1169 locis
808 1100 1001 1169 dicendum
1023 1111 1084 1169 est.
1137 1096 1261 1185 lingua
1283 1119 1450 1166 vocamus
1473 1095 1680 1193 ᾧιίιιιθοῒιιι.
1731 1095 1825 1168 Huic
1843 1101 1966 1172 frutici
1993 1126 2126 1172 nomen

104 1194 195 1267 Nam
213 1221 291 1268 cum
308 1198 420 1270 latent
439 1223 579 1283 causae,
602 1225 622 1270 a
643 1200 755 1290 siguis
780 1215 815 1273 ει
834 1201 1016 1270 effectibus
1039 1201 1084 1268 ad
1138 1212 1190 1268 εει
1204 1190 1437 1290 Cynosbatos.
1490 1197 1660 1269 Definitio
1677 1198 1757 1270 talis
1782 1214 1850 1285 est,
1876 1200 2064 1294 pertinens
2080 1203 2123 1271 ad

105 1300 541 1389 earuminvestigationem
558 1303 642 1387 itur,
656 1317 709 1373 ut:
737 1302 902 1374 Medicus
917 1326 958 1371 ex
975 1301 1085 1391 signis
1138 1294 1230 1368 banc
1265 1313 1429 1394 quartam
1467 1301 1638 1378 formam:
1678 1297 1900 1395 Cynosbatos
1929 1318 1983 1375 est
2008 1303 2126 1374 frutex

104 1402 149 1472 de
163 1401 276 1471 causis
290 1403 405 1471 morbi
419 1403 561 1473 iudicat.

208 1501 324 1573 Multa
346 1504 505 1596 exempla
530 1506 654 1577 talium
686 1506 935 1577 definitionum
966 1503 1085 1598 quoti-

106 1603 212 1674 diana
227 1606 299 1674 vita
313 1608 484 1676 ostendet.
534 1606 728 1699 Praecipue
743 1623 861 1680 autem
882 1602 942 1676 bic
964 1609 1087 1677 obser-

106 1719 190 1775 vent
207 1707 365 1777 iuniores
383 1709 530 1777 nomina
552 1709 770 1794 officiorum,
795 1711 833 1779 in
858 1710 989 1803 quibus
1012 1707 1088 1779 usi-

106 1819 218 1876 tatum
240 1821 292 1877 est
323 1832 443 1878 causas
469 1809 593 1880 finales
623 1813 798 1896 recitari,⁰
812 1826 868 1884 ut:
902 1810 1008 1880 Miles
1035 1822 1087 1878 est

104 1931 257 2001 persona
276 1907 346 1980 Dei
367 1912 551 1982 voluntate
569 1914 612 1981 ad
636 1909 815 2005 hocopus
836 1914 1022 1999 ordinata,
1046 1922 1088 1981 ut

105 2010 145 2077 in
161 2010 367 2081 defensione
383 2011 492 2096 iusta,
518 2013 575 2082 vel
587 2038 701 2106 poena
726 2015 901 2105 legitima,
927 2014 1036 2082 armis
1053 2023 1089 2079 et

104 2135 316 2206 quocunque
338 2114 460 2184 labore
482 2115 629 2186 militari
652 2118 749 2187 iuxta
772 2116 993 2187 vocationem
1020 2136 1088 2205 pu·

105 2227 188 2302 gnet
202 2237 267 2306 pro
283 2211 441 2286 Ecclesia
456 2216 523 2287 Dei
550 2231 585 2287 et
601 2242 665 2308 pro
682 2215 830 2288 honesta
843 2215 986 2309 Repub.

238 2396 330 2477 Quae
351 2396 544 2463 nominatur
565 2396 699 2464 collecta
719 2417 765 2462 ea·
783 2393 962 2486 perfidus?

209 2516 384 2589 Definitio
409 2521 554 2590 collecta
577 2546 617 2593 ex
644 2526 911 2593 coacervatione
934 2522 1087 2615 partium

62 2678 70 2687 .
106 2608 289 2688 est‘oratio‘
301 2621 452 2691 recitans
469 2635 604 2712 partes,
628 2618 691 2693 sc'u
707 2623 931 2709 essentiales,
957 2648 1018 2694 seu
1033 2622 1090 2691 in·

49 2752 55 2760 ·
108 2721 273 2808 tegrales‚
297 2721 503 2814 praecipuas
525 2749 650 2796 omnes
670 2726 746 2797 eius
766 2727 838 2812 rei,
861 2749 951 2820 quae
972 2725 1089 2796 decla-

107 2834 218 2906 ratur,
243 2836 301 2893 ut:
332 2819 564 2916 Philosophia
581 2841 633 2898 εει
646 2829 801 2919 cognitio
820 2830 950 2900 artium
966 2829 1090 2898 dicen-

74 2948 86 2989 ··.
108 2922 176 3025 df„
192 2918 472 3011 Mathematum,
493 2924 680 3023 Physiccs,
705 2944 739 3002 et
751 2931 939 3002 'doctrinae
955 2932 998 2999 de
1012 2953 1090 2999 mo-

84 3025 226 3111 tribus,
243 3019 343 3121 'quae
359 3028 433 3098 acie
448 3023 626 3100 humanae
648 3034 778 3105 mentis
800 3031 956 3122 intelligi
978 3043 1012 3101 et
1034 3031 1090 3099 iu-

108 3127 220 3197 dicari
237 3136 370 3221 potest
414 3128 552 3202 Multae
572 3148 655 3204 snnt
678 3136 767 3206 tales
790 3135 1014 3205 definitiones
1036 3133 1090 3200 fo·

107 3231 266 3300 censium
292 3232 547 3302 vocabulorum
566 3250 601 3305 et
622 3235 818 3320 virtutum,
851 3258 941 3329 qnae
963 3233 1091 3303 multas

108 3331 195 3399 alias
212 3333 360 3403 virtutes
382 3335 577 3408 continent.
626 3333 675 3406 Ut
694 3332 1019 3432 ταπεινοφροσύνη
1041 3347 1092 3404 εει

108 3445 255 3523 propter
277 3432 493 3522 agnitionem
518 3436 681 3528 propriae
706 3437 924 3508 infirmitatis
951 3451 987 3508 et
1014 3459 1092 3506 sor-

110 3533 232 3624 dium,
264 3554 346 3616 aere
370 3557 615 3626 expavescere,
648 3561 689 3607 ac
713 3540 837 3611 timere
859 3538 995 3620 Deum,
1027 3560 1092 3606 nec

1138 1400 1255 1470 maior
1278 1403 1389 1481 rubo,
1414 1402 1552 1471 arboris
1576 1401 1704 1483 instar,
1738 1403 1870 1474 aculeis
1893 1403 1987 1473 circa
2011 1405 2128 1495 virgas

1138 1502 1314 1588 robustis,
1350 1503 1505 1574 fructum
1530 1505 1647 1572 ferens
1670 1503 1820 1572 similem
1847 1505 1985 1574 nucleis
2013 1506 2129 1576 oliva·

1139 1627 1240 1688 rum,
1273 1606 1332 1674 sed
1351 1605 1539 1676 rubentem
1559 1596 1640 1674 cum
1659 1607 1880 1693 maturescit,
1906 1607 2009 1677 lanea
2032 1606 2129 1679 intus

1138 1719 1285 1790 natura,
1311 1720 1375 1776 etc.

1240 1840 1420 1914 Recensni
1437 1841 1569 1910 formas
1591 1841 1861 1924 definitionum,
1891 1867 2044 1936 quarum
2070 1868 2129 1914 ea-

1140 1945 1256 2036 empla
1272 1945 1311 2013 in
1326 1943 1546 2037 quotidianis
1561 1943 1775 2014 lectionibus
1788 1959 1987 2017 monstrent
2002 1939 2055 2029 bi,
2068 1946 2130 2038 qui

1139 2048 1269 2119 docent
1283 2045 1461 2130 iuniores,
1485 2054 1521 2114 et
1535 2044 1642 2113 simul
1658 2046 1703 2114 de
1721 2046 1876 2116 utilitate
1892 2069 1953 2115 cos
1966 2069 2129 2116 commo-

1139 2149 1336 2236 nefaciant,
1364 2150 1513 2217 doceant
1538 2145 1577 2213 in
1591 2146 1690 2214 omni
1708 2147 2043 2240 quaestione,·cum
2060 2143 2129 2218 hn-

1141 2250 1256 2318 mines
1278 2249 1429 2320 docendi
1452 2261 1553 2331 sunt,
1585 2248 1720 2317 fontem
1746 2271 1818 2318 esse
1844 2249 1953 2318 totius
1975 2249 2130 2338 explica-

1141 2351 1250 2422 tionis
1271 2375 1391 2420 veram
1411 2348 1676 2428 definitionem,
1709 2347 1758 2420 Ut
1780 2372 1844 2418 nos
1867 2370 1990 2418 omues
2008 2350 2130 2442 quoti-

1141 2453 1249 2524 diana
1271 2451 1451 2523 invocatio
1475 2449 1786 2535 commonefaciat,
1816 2451 1954 2542 quoties
1978 2451 2023 2519 de
2050 2447 2129 2521 Deo

1141 2554 1356 2644 cogitamus,
1396 2551 1640 2620 definitionem
1675 2550 1750 2620 eius
1787 2551 2010 2641 cogitandam
2045 2574 2132 2636 esse,

1142 2657 1222 2751 quis
1248 2656 1294 2725 sit
1315 2677 1421 2748 quem
1442 2651 1653 2746 alloqueris,
1679 2654 1859 2745 quomodo
1873 2653 2131 2723 discernendus

1141 2761 1188 2833 sit
1203 2781 1223 2827 a
1241 2753 1498 2826 commenticiis
1514 2753 1743 2834 numinibus,
1770 2768 1804 2824 et
1820 2775 1839 2821 a
1855 2752 1960 2822 malis
1982 2775 2024 2823 ac
2047 2778 2129 2847 per-

1140 2858 1286 2930 niciosis
1300 2856 1495 2951 spiritibus.
1536 2851 1749 2926 Recitantur
1763 2855 1895 2925 multae
1910 2856 2048 2925 formae
2066 2858 2131 2926 de·

1142 2961 1348 3032 finitionum
1367 2959 1462 3050 apud
1479 2954 1669 3040 Bo'e'tium,
1697 2958 1755 3024 sed
1774 2957 1983 3049 plaeraeque
2008 2956 2131 3028 distri-

1143 3063 1205 3134 bui
1235 3073 1383 3155 possunt
1407 3058 1445 3128 in
1470 3053 1557 3127 baec
1580 3057 1693 3149 capita
1719 3080 1780 3126 seu
1805 3081 1931 3146 genera
1955 3081 2044 3150 quae
2071 3053 2129 3128 bic

1144 3162 1428 3236 commemoravi.
1487 3158 1612 3230 ludico
1643 3172 1761 3229 tamen
1784 3163 1954 3252 quasdam
1979 3182 2130 3229 nomen-

1143 3266 1297 3337 claturas
1309 3263 1446 3333 utiliter
1461 3261 1556 3335 addi.

1245 3397 1415 3471 Definitio
1431 3389 1527 3468 κατὰ
1543 3387 1635 3490 πρός
1647 3417 1694 3468 τι.
1729 3391 1826 3462 Haec
1843 3392 1987 3484 propria
2007 3407 2059 3463 est
2075 3419 2130 3465 re·

1144 3499 1356 3579 lativorum,
1381 3522 1472 3592 quae
1497 3497 1546 3567 sic
1573 3497 1631 3581 fit,
1653 3495 1861 3565 nominatur
1882 3517 1992 3583 genus
2017 3509 2053 3565 et
2068 3498 2130 3566 ad-

1145 3602 1245 3673 ditur
1265 3600 1580 3682 corrclativorum,
1606 3613 1662 3669 ut:
1690 3597 1796 3667 Pater
1821 3612 1870 3664 est
1897 3618 2047 3686 persona
2067 3591 2130 3666 ba·

111 3656 186 3703 sese
213 3636 373 3723 ingerere
394 3637 550 3726 negociis
572 3639 650 3709 sine
673 3642 879 3727 vocatione,
915 3655 948 3712 et
972 3653 1092 3711 tamen
1145 3706 1234 3774 bens
1255 3702 1381 3776 filium·

111 3735 257 3805 obedire
272 3737 449 3808 vocationi
464 3762 525 3830 spe
541 3739 664 3812 auxilii
682 3744 818 3826 divini,
843 3769 910 3814 nec
928 3743 1017 3813 alios
1030 3743 1093 3810 de-

112 3837 262 3927 spicere,
300 3841 360 3908 sed
387 3840 543 3912 tribuere
573 3843 722 3936 singulis
752 3871 855 3918 sunm
883 3846 1019 3930 locum,
1060 3855 1094 3912 et
1245 3833 1423 3905 Definitio
1444 3827 1540 3904 κατὰ
1563 3825 1762 3928 ἀφαίρεσιν
1787 3832 1855 3903 τοῦ
1876 3825 2069 3915 saaraim,
2093 3830 2129 3900 ld

112 3961 319 4029 agnoscere,
345 3941 434 4010 alios
450 3944 556 4016 etiam
575 3969 648 4015 esse
661 3945 731 4018 Dei
748 3962 899 4039 organa,
925 3969 988 4038 per
1003 3967 1095 4038 quae
1146 3952 1216 4019 est,
1240 3935 1382 4030 quaelit
1395 3935 1592 4004 remotione
1615 3932 1804 4017 contrarii,
1831 3944 1885 4001 ut:
1908 3929 2065 4021 Spiritus
2082 3945 2132 4001 εει

112 4043 280 4114 salutaria
296 4043 386 4112 effici
403 4045 557 4132 possint:
584 4048 658 4117 imo
673 4064 727 4123 est
742 4050 781 4119 in
796 4049 994 4118 calamitate
1015 4070 1094 4115 mo·
1148 4038 1345 4114 substantia
1368 4037 1595 4126 incorporea,
1630 4035 1845 4123 intelligens.
1902 4029 2054 4104 Castitas
2079 4045 2132 4104 est

111 4146 231 4216 derate
252 4146 345 4215 ferre
365 4167 514 4236 poenas,
538 4163 684 4239 propter
704 4151 922 4241 agnitionem
947 4148 1093 4218 delicto-
1147 4141 1281 4225 virtus,
1308 4161 1398 4233 quae
1421 4138 1509 4207 vitat
1531 4160 1654 4206 omnes
1678 4158 1780 4226 vagas
1800 4132 1965 4203 libidines
1982 4149 2017 4206 et
2035 4159 2134 4204 com-

112 4270 212 4334 rum,
239 4246 449 4319 etiusticiae
464 4243 530 4319 Dei
556 4249 721 4335 obedire,
747 4254 843 4325 iuxta
868 4250 977 4321 illud:
1010 4247 1097 4318 Tibi
1149 4240 1463 4312 mixtionesaDeo
1482 4234 1691 4328 prohibitas.
1742 4236 1802 4306 Sic
1814 4236 1936 4304 omnia
1958 4236 2135 4326 privativa

113 4345 269 4418 Domine
304 4349 456 4423 iusticia.
512 4349 736 4425 Poenitentia
779 4367 833 4426 est
868 4374 1097 4444 expavescere
1150 4344 1322 4414 vocabula
1355 4340 1586 4411 definiuntur.
1647 4336 1833 4408 Tenebrae
1858 4349 1943 4405 sunt
1973 4337 2135 4408 absentia

116 4452 297 4540 agnitione
325 4453 398 4521 irae
424 4451 495 4521 Dei
523 4453 692 4529 adsersus
720 4470 861 4548 peccata
891 4469 1034 4536 nostra,
1064 4463 1098 4520 et
1150 4446 1251 4519 lucis.
1277 4442 1434 4516 Caecitas
1448 4455 1500 4511 est
1513 4442 1668 4511 delectus
1685 4439 1782 4509 visus
1799 4438 1836 4507 in
1852 4437 2009 4507 animali.
2032 4437 2136 4510 Talis

117 4575 239 4622 rursus
260 4553 348 4643 erigi
369 4551 458 4637 fide,
489 4554 683 4650 accipiente
706 4558 952 4628 remissionem
976 4577 1098 4647 pecca·
1151 4563 1203 4619 est
1227 4545 1389 4616 definitio
1410 4557 1503 4613 recte
1526 4557 1559 4613 et
1583 4542 1765 4612 dialectice
1790 4538 1903 4661 posita
1922 4539 1961 4607 in
1982 4540 2134 4630 epistola

117 4666 234 4723 torum
250 4653 379 4723 fiducia
392 4654 459 4725 filii
473 4653 559 4743 Dei,
585 4657 673 4729 etin
690 4654 838 4730 baelide
858 4680 988 4726 novam
1012 4656 1099 4725 obe·
1152 4644 1341 4719 lobannis:
1367 4638 1569 4739 ἡᾶμαρτία
1586 4638 1687 4714 ἐστὶν
1704 4638 1862 4732 dventu,
1888 4642 1924 4709 ad
1949 4655 2024 4725 est,
2049 4664 2136 4731 pec-

116 4754 286 4826 dientiam
305 4748 484 4828 inchoare.
1152 4764 1268 4822 catum
1283 4763 1334 4818 est
1349 4769 1511 4838 pugnans
1526 4745 1697 4837 quiddam
1711 4766 1790 4812 cum
1807 4742 1896 4829 lege.
1927 4738 2021 4810 Cum
2036 4744 2134 4820 enim

114 4918 118 4927 .
1151 4866 1254 4924 antea
1275 4850 1413 4942 prolixe
1435 4846 1664 4916 concionatus
1688 4858 1777 4913 esset
1801 4838 1978 4911 lohannes
2003 4845 2049 4914 de
2077 4845 2135 4912 vi·

19 4939 21 4942 Α
94 4935 212 5019 ¹Quae
234 4936 427 5005 mimi*
448 4935 596 5026 ‘seddim
617 4941 752 5010 maffia
780 4959 827 5006 Μ’
854 4925 1101 5006 mmmm?
1152 4954 1270 5028 tandis
1287 4950 1448 5044 peccatis,
1474 4948 1692 5035 interrogare
1709 4956 2019 5035 gentespnterant,
2046 4945 2135 5039 quid

221 5065 396 5138 Definitio
417 5066 561 5139 collecta
584 5088 626 5137 ex
648 5065 916 5143 coacervatione
937 5061 1100 5132 acciden-
1151 5055 1354 5127 nominaret
1369 5061 1571 5140 peccatum,
1596 5047 1679 5140 quia
1703 5047 1788 5115 vitia
1811 5046 1984 5137 quaedam
2005 5047 2159 5118 usitata.

122 5167 212 5238 tium
239 5183 290 5238 est
314 5168 429 5238 oratio
451 5169 571 5257 generi
594 5168 802 5262 velspeciei
822 5166 1020 5255 adiungens
1045 5161 1102 5229 vel
1119 5174 1121 5178 “
1136 5169 1267 5232 'erant
1282 5153 1462 5245 gentibus,
1498 5173 1590 5242 quae
1613 5172 1687 5218 non
1714 5146 1954 5265 puniebantur
1983 5143 2136 5220 ethnicis

121 5272 264 5363 propria
281 5270 474 5341 accidentia
495 5271 565 5355 rei,
593 5269 651 5340 vel
670 5271 777 5342 talem
799 5266 1100 5339 coacervationem
1151 5259 1299 5349 legibus.
1352 5251 1400 5325 Ut
1422 5251 1533 5342 igitur
1555 5251 1666 5321 sciant
1688 5271 1849 5318 normam
1874 5249 2135 5321 ducemente·

102 5374 104 5378 ’
119 5378 363 5449 communium
376 5375 624 5468 accidentium,
639 5396 730 5468 quae
744 5371 923 5444 discernat
935 5391 1012 5440 eam
1026 5387 1102 5436 rem
1125 5414 1131 5426 .
1152 5384 1209 5435 res
1224 5358 1300 5431 Deo
1316 5354 1513 5450 placentes,
1538 5367 1572 5426 et
1587 5355 1770 5425 damnatas
1790 5374 1810 5421 a
1826 5349 1926 5436 Deo,
1952 5351 2137 5424 constituit
