<?xml version="1.0" encoding="UTF-8"?>
<!DOCTYPE html PUBLIC "-//W3C//DTD XHTML 1.0 Transitional//EN"
    "http://www.w3.org/TR/xhtml1/DTD/xhtml1-transitional.dtd">
<html xmlns="http://www.w3.org/1999/xhtml" xml:lang="en" lang="en">
 <head>
  <title>
</title>
<meta http-equiv="Content-Type" content="text/html;charset=utf-8" />
  <meta name='ocr-system' content='tesseract 3.04.00' />
  <meta name='ocr-capabilities' content='ocr_page ocr_carea ocr_par ocr_line ocrx_word'/>
</head>
<body>
  <div class='ocr_page' id='page_1' title='image "./corpusreformato11melagoog_0095.png"; bbox 0 0 4538 5754; ppageno 0'>
   <div class='ocr_carea' id='block_1_1' title="bbox 127 214 2152 315">
    <p class='ocr_par' dir='ltr' id='par_1_1' title="bbox 127 214 2152 315">
     <span class='ocr_line' id='line_1_1' title="bbox 127 214 2152 315; baseline 0.002 -7"><span class='ocrx_word' id='word_1_1' title='bbox 127 235 197 313; x_wconf 83' lang='lat' dir='ltr'><strong>tst</strong></span> <span class='ocrx_word' id='word_1_2' title='bbox 367 219 579 300; x_wconf 84' lang='lat' dir='ltr'><strong>SCRIPTA</strong></span> <span class='ocrx_word' id='word_1_3' title='bbox 603 221 683 311; x_wconf 84' lang='lat' dir='ltr'><strong>PH.</strong></span> <span class='ocrx_word' id='word_1_4' title='bbox 710 220 827 296; x_wconf 87' lang='lat' dir='ltr'><strong>MEL.</strong></span> <span class='ocrx_word' id='word_1_5' title='bbox 856 217 924 295; x_wconf 79' lang='lat' dir='ltr'><strong>AD</strong></span> <span class='ocrx_word' id='word_1_6' title='bbox 951 219 1079 296; x_wconf 90' lang='lat' dir='ltr'><strong>HlST.</strong></span> <span class='ocrx_word' id='word_1_7' title='bbox 1107 215 1252 294; x_wconf 86' lang='lat' dir='ltr'><strong>PROF.</strong></span> <span class='ocrx_word' id='word_1_8' title='bbox 1278 214 1345 294; x_wconf 89' lang='lat' dir='ltr'><strong>ET</strong></span> <span class='ocrx_word' id='word_1_9' title='bbox 1371 219 1562 298; x_wconf 86' lang='lat' dir='ltr'><strong>PHILOS.</strong></span> <span class='ocrx_word' id='word_1_10' title='bbox 1591 223 1913 306; x_wconf 81' lang='lat' dir='ltr'><strong>SPECTANTIA.</strong></span> <span class='ocrx_word' id='word_1_11' title='bbox 2078 233 2152 315; x_wconf 78' lang='lat'><strong>162</strong></span> 
     </span>
    </p>
   </div>
   <div class='ocr_carea' id='block_1_2' title="bbox 31 391 2155 1088">
    <p class='ocr_par' dir='ltr' id='par_1_2' title="bbox 31 391 2155 594">
     <span class='ocr_line' id='line_1_2' title="bbox 126 391 2155 491; baseline 0.007 -26"><span class='ocrx_word' id='word_1_12' title='bbox 126 406 166 475; x_wconf 80' lang='lat' dir='ltr'><strong>in</strong></span> <span class='ocrx_word' id='word_1_13' title='bbox 191 400 264 471; x_wconf 87' lang='lat' dir='ltr'><strong>vita</strong></span> <span class='ocrx_word' id='word_1_14' title='bbox 293 398 509 469; x_wconf 84' lang='lat' dir='ltr'><strong>necessarius</strong></span> <span class='ocrx_word' id='word_1_15' title='bbox 532 408 605 480; x_wconf 79' lang='lat' dir='ltr'><strong>est,</strong></span> <span class='ocrx_word' id='word_1_16' title='bbox 637 406 680 464; x_wconf 90' lang='lat' dir='ltr'><strong>ut</strong></span> <span class='ocrx_word' id='word_1_17' title='bbox 708 393 839 463; x_wconf 77' lang='lat' dir='ltr'><strong>noticia</strong></span> <span class='ocrx_word' id='word_1_18' title='bbox 870 415 1112 475; x_wconf 88' lang='lat' dir='ltr'><strong>numerorum,</strong></span> <span class='ocrx_word' id='word_1_19' title='bbox 1163 413 1267 476; x_wconf 92' lang='lat' dir='ltr'><strong>num,</strong></span> <span class='ocrx_word' id='word_1_20' title='bbox 1291 404 1331 463; x_wconf 93' lang='lat' dir='ltr'><strong>ut</strong></span> <span class='ocrx_word' id='word_1_21' title='bbox 1345 391 1431 462; x_wconf 91' lang='lat' dir='ltr'><strong>fides</strong></span> <span class='ocrx_word' id='word_1_22' title='bbox 1448 396 1678 483; x_wconf 79' lang='lat' dir='ltr'><strong>accendatur,</strong></span> <span class='ocrx_word' id='word_1_23' title='bbox 1704 412 1739 472; x_wconf 87' lang='lat' dir='ltr'><strong>et</strong></span> <span class='ocrx_word' id='word_1_24' title='bbox 1758 402 1851 491; x_wconf 90' lang='lat' dir='ltr'><strong>grati</strong></span> <span class='ocrx_word' id='word_1_25' title='bbox 1871 405 2066 478; x_wconf 87' lang='lat' dir='ltr'><strong>bonitatem</strong></span> <span class='ocrx_word' id='word_1_26' title='bbox 2084 404 2155 479; x_wconf 88' lang='lat' dir='ltr'><strong>Dei</strong></span> 
     </span>
     <span class='ocr_line' id='line_1_3' title="bbox 31 492 1687 594; baseline 0.015 -47"><span class='ocrx_word' id='word_1_27' title='bbox 31 540 43 567; x_wconf 27' lang='grc' dir='ltr'><strong>,Ι</strong></span> <span class='ocrx_word' id='word_1_28' title='bbox 127 503 283 587; x_wconf 58' lang='lat' dir='ltr'>ordini„</span> <span class='ocrx_word' id='word_1_29' title='bbox 309 499 598 593; x_wconf 70' lang='lat' dir='ltr'>proportionum,</span> <span class='ocrx_word' id='word_1_30' title='bbox 617 508 660 594; x_wconf 9' lang='lat' dir='ltr'><strong>*et</strong></span> <span class='ocrx_word' id='word_1_31' title='bbox 680 495 874 566; x_wconf 89' lang='lat' dir='ltr'><strong>multarum</strong></span> <span class='ocrx_word' id='word_1_32' title='bbox 899 492 1112 585; x_wconf 90' lang='lat' dir='ltr'><strong>propositio·</strong></span> <span class='ocrx_word' id='word_1_33' title='bbox 1163 503 1394 583; x_wconf 77' lang='lat' dir='ltr'><strong>agnoscamur</strong></span> <span class='ocrx_word' id='word_1_34' title='bbox 1408 508 1442 565; x_wconf 88' lang='lat' dir='ltr'><strong>et</strong></span> <span class='ocrx_word' id='word_1_35' title='bbox 1460 496 1687 574; x_wconf 83' lang='lat' dir='ltr'><strong>celebremus.</strong></span> 
     </span>
    </p>

    <p class='ocr_par' dir='ltr' id='par_1_3' title="bbox 124 591 2155 1088">
     <span class='ocr_line' id='line_1_4' title="bbox 124 591 2153 690; baseline 0.016 -44"><span class='ocrx_word' id='word_1_36' title='bbox 124 629 225 677; x_wconf 52' lang='lat' dir='ltr'><strong>num·</strong></span> <span class='ocrx_word' id='word_1_37' title='bbox 277 600 569 690; x_wconf 59' lang='lat' dir='ltr'><strong>Quodlibetest,</strong></span> <span class='ocrx_word' id='word_1_38' title='bbox 598 610 757 668; x_wconf 88' lang='lat' dir='ltr'><strong>autnon</strong></span> <span class='ocrx_word' id='word_1_39' title='bbox 781 608 843 668; x_wconf 87' lang='lat' dir='ltr'><strong>est.</strong></span> <span class='ocrx_word' id='word_1_40' title='bbox 903 593 1036 666; x_wconf 90' lang='lat' dir='ltr'><strong>Totum</strong></span> <span class='ocrx_word' id='word_1_41' title='bbox 1061 606 1112 665; x_wconf 86' lang='lat' dir='ltr'><strong>est</strong></span> <span class='ocrx_word' id='word_1_42' title='bbox 1265 591 1336 664; x_wconf 89' lang='lat' dir='ltr'><strong>Hic</strong></span> <span class='ocrx_word' id='word_1_43' title='bbox 1358 594 1464 665; x_wconf 90' lang='lat' dir='ltr'><strong>etiam</strong></span> <span class='ocrx_word' id='word_1_44' title='bbox 1486 596 1589 667; x_wconf 91' lang='lat' dir='ltr'><strong>valde</strong></span> <span class='ocrx_word' id='word_1_45' title='bbox 1610 603 1753 688; x_wconf 88' lang='lat' dir='ltr'><strong>prodest</strong></span> <span class='ocrx_word' id='word_1_46' title='bbox 1772 606 2000 679; x_wconf 87' lang='lat' dir='ltr'><strong>considerare</strong></span> <span class='ocrx_word' id='word_1_47' title='bbox 2019 608 2153 678; x_wconf 90' lang='lat' dir='ltr'><strong>discri-</strong></span> 
     </span>
     <span class='ocr_line' id='line_1_5' title="bbox 125 693 2152 804; baseline 0.003 -28"><span class='ocrx_word' id='word_1_48' title='bbox 125 709 241 779; x_wconf 88' lang='lat' dir='ltr'><strong>maius</strong></span> <span class='ocrx_word' id='word_1_49' title='bbox 258 703 490 797; x_wconf 89' lang='lat' dir='ltr'><strong>qualibetsua</strong></span> <span class='ocrx_word' id='word_1_50' title='bbox 508 714 617 790; x_wconf 91' lang='lat' dir='ltr'><strong>parte.</strong></span> <span class='ocrx_word' id='word_1_51' title='bbox 668 693 765 767; x_wconf 89' lang='lat' dir='ltr'><strong>Deus</strong></span> <span class='ocrx_word' id='word_1_52' title='bbox 780 711 946 768; x_wconf 90' lang='lat' dir='ltr'><strong>estmens</strong></span> <span class='ocrx_word' id='word_1_53' title='bbox 961 708 1113 780; x_wconf 89' lang='lat' dir='ltr'><strong>aeterna,</strong></span> <span class='ocrx_word' id='word_1_54' title='bbox 1162 717 1254 765; x_wconf 88' lang='lat' dir='ltr'><strong>men.</strong></span> <span class='ocrx_word' id='word_1_55' title='bbox 1290 693 1473 783; x_wconf 85' lang='lat' dir='ltr'><strong>Quaedam</strong></span> <span class='ocrx_word' id='word_1_56' title='bbox 1491 721 1575 768; x_wconf 91' lang='lat' dir='ltr'><strong>voce</strong></span> <span class='ocrx_word' id='word_1_57' title='bbox 1588 697 1655 770; x_wconf 89' lang='lat' dir='ltr'><strong>Dei</strong></span> <span class='ocrx_word' id='word_1_58' title='bbox 1672 704 1800 776; x_wconf 90' lang='lat' dir='ltr'><strong>tradita</strong></span> <span class='ocrx_word' id='word_1_59' title='bbox 1815 722 1911 794; x_wconf 88' lang='lat' dir='ltr'><strong>sunt,</strong></span> <span class='ocrx_word' id='word_1_60' title='bbox 1937 732 2027 804; x_wconf 90' lang='lat' dir='ltr'><strong>quae</strong></span> <span class='ocrx_word' id='word_1_61' title='bbox 2042 711 2152 781; x_wconf 88' lang='lat' dir='ltr'><strong>etiam</strong></span> 
     </span>
     <span class='ocr_line' id='line_1_6' title="bbox 126 797 2154 902; baseline 0.005 -29"><span class='ocrx_word' id='word_1_62' title='bbox 126 807 284 899; x_wconf 84' lang='lat' dir='ltr'><strong>sapiens,</strong></span> <span class='ocrx_word' id='word_1_63' title='bbox 310 825 434 887; x_wconf 82' lang='lat' dir='ltr'><strong>verax,</strong></span> <span class='ocrx_word' id='word_1_64' title='bbox 458 802 568 885; x_wconf 76' lang='lat' dir='ltr'><strong>iustu,</strong></span> <span class='ocrx_word' id='word_1_65' title='bbox 594 812 705 880; x_wconf 88' lang='lat' dir='ltr'><strong>casta,</strong></span> <span class='ocrx_word' id='word_1_66' title='bbox 731 798 906 880; x_wconf 91' lang='lat' dir='ltr'><strong>benefica,</strong></span> <span class='ocrx_word' id='word_1_67' title='bbox 932 797 1110 867; x_wconf 81' lang='lat' dir='ltr'><strong>conditrix</strong></span> <span class='ocrx_word' id='word_1_68' title='bbox 1162 809 1289 867; x_wconf 91' lang='lat' dir='ltr'><strong>natura</strong></span> <span class='ocrx_word' id='word_1_69' title='bbox 1313 812 1397 866; x_wconf 85' lang='lat' dir='ltr'><strong>nota</strong></span> <span class='ocrx_word' id='word_1_70' title='bbox 1425 811 1531 884; x_wconf 91' lang='lat' dir='ltr'><strong>sunt,</strong></span> <span class='ocrx_word' id='word_1_71' title='bbox 1562 816 1603 873; x_wconf 90' lang='lat' dir='ltr'><strong>ut</strong></span> <span class='ocrx_word' id='word_1_72' title='bbox 1631 818 1815 897; x_wconf 89' lang='lat' dir='ltr'><strong>praecepta</strong></span> <span class='ocrx_word' id='word_1_73' title='bbox 1838 806 2020 902; x_wconf 82' lang='lat' dir='ltr'><strong>Decologi.</strong></span> <span class='ocrx_word' id='word_1_74' title='bbox 2078 809 2154 882; x_wconf 87' lang='lat' dir='ltr'><strong>Sed</strong></span> 
     </span>
     <span class='ocr_line' id='line_1_7' title="bbox 125 893 2155 993; baseline 0.008 -25"><span class='ocrx_word' id='word_1_75' title='bbox 125 907 269 987; x_wconf 81' lang='lat' dir='ltr'><strong>mundi,</strong></span> <span class='ocrx_word' id='word_1_76' title='bbox 295 926 439 975; x_wconf 90' lang='lat' dir='ltr'><strong>servans</strong></span> <span class='ocrx_word' id='word_1_77' title='bbox 460 925 579 971; x_wconf 91' lang='lat' dir='ltr'><strong>rerum</strong></span> <span class='ocrx_word' id='word_1_78' title='bbox 603 900 784 984; x_wconf 87' lang='lat' dir='ltr'><strong>ordinem,</strong></span> <span class='ocrx_word' id='word_1_79' title='bbox 810 913 844 970; x_wconf 91' lang='lat' dir='ltr'><strong>et</strong></span> <span class='ocrx_word' id='word_1_80' title='bbox 861 899 1015 992; x_wconf 91' lang='lat' dir='ltr'><strong>puniens</strong></span> <span class='ocrx_word' id='word_1_81' title='bbox 1037 920 1112 967; x_wconf 86' lang='lat' dir='ltr'><strong>scc-</strong></span> <span class='ocrx_word' id='word_1_82' title='bbox 1163 898 1277 969; x_wconf 91' lang='lat' dir='ltr'><strong>voluit</strong></span> <span class='ocrx_word' id='word_1_83' title='bbox 1291 893 1387 967; x_wconf 89' lang='lat' dir='ltr'><strong>Deus</strong></span> <span class='ocrx_word' id='word_1_84' title='bbox 1409 901 1573 971; x_wconf 88' lang='lat' dir='ltr'><strong>accedere</strong></span> <span class='ocrx_word' id='word_1_85' title='bbox 1595 928 1717 975; x_wconf 92' lang='lat' dir='ltr'><strong>vocem</strong></span> <span class='ocrx_word' id='word_1_86' title='bbox 1740 929 1860 993; x_wconf 90' lang='lat' dir='ltr'><strong>suam,</strong></span> <span class='ocrx_word' id='word_1_87' title='bbox 1885 925 1925 982; x_wconf 91' lang='lat' dir='ltr'><strong>ut</strong></span> <span class='ocrx_word' id='word_1_88' title='bbox 1948 913 2155 985; x_wconf 80' lang='lat' dir='ltr'><strong>ostenderet</strong></span> 
     </span>
     <span class='ocr_line' id='line_1_8' title="bbox 126 997 2154 1088; baseline 0.003 -10"><span class='ocrx_word' id='word_1_89' title='bbox 126 1012 213 1083; x_wconf 91' lang='lat' dir='ltr'><strong>lera.</strong></span> <span class='ocrx_word' id='word_1_90' title='bbox 265 1003 370 1076; x_wconf 88' lang='lat' dir='ltr'><strong>Mens</strong></span> <span class='ocrx_word' id='word_1_91' title='bbox 386 999 542 1074; x_wconf 84' lang='lat' dir='ltr'><strong>humana</strong></span> <span class='ocrx_word' id='word_1_92' title='bbox 561 1002 607 1071; x_wconf 92' lang='lat' dir='ltr'><strong>ad</strong></span> <span class='ocrx_word' id='word_1_93' title='bbox 621 997 715 1070; x_wconf 87' lang='lat' dir='ltr'><strong>hanc</strong></span> <span class='ocrx_word' id='word_1_94' title='bbox 737 999 1009 1072; x_wconf 91' lang='lat' dir='ltr'><strong>similitudinem</strong></span> <span class='ocrx_word' id='word_1_95' title='bbox 1024 1022 1112 1070; x_wconf 88' lang='lat' dir='ltr'><strong>con·</strong></span> <span class='ocrx_word' id='word_1_96' title='bbox 1163 998 1243 1068; x_wconf 88' lang='lat' dir='ltr'><strong>illas</strong></span> <span class='ocrx_word' id='word_1_97' title='bbox 1264 998 1357 1088; x_wconf 89' lang='lat' dir='ltr'><strong>ipsas</strong></span> <span class='ocrx_word' id='word_1_98' title='bbox 1378 1000 1527 1071; x_wconf 83' lang='lat' dir='ltr'><strong>noticias</strong></span> <span class='ocrx_word' id='word_1_99' title='bbox 1550 1007 1730 1077; x_wconf 88' lang='lat' dir='ltr'><strong>naturales</strong></span> <span class='ocrx_word' id='word_1_100' title='bbox 1752 1031 1865 1079; x_wconf 90' lang='lat' dir='ltr'><strong>ascse</strong></span> <span class='ocrx_word' id='word_1_101' title='bbox 1879 1014 2060 1084; x_wconf 89' lang='lat' dir='ltr'><strong>mentibus</strong></span> <span class='ocrx_word' id='word_1_102' title='bbox 2080 1037 2154 1083; x_wconf 88' lang='lat' dir='ltr'><strong>no·</strong></span> 
     </span>
    </p>
   </div>
   <div class='ocr_carea' id='block_1_3' title="bbox 122 1099 1112 2212">
    <p class='ocr_par' dir='ltr' id='par_1_4' title="bbox 124 1099 1112 1607">
     <span class='ocr_line' id='line_1_9' title="bbox 127 1099 1112 1195; baseline -0.014 -14"><span class='ocrx_word' id='word_1_103' title='bbox 127 1112 202 1181; x_wconf 88' lang='lat' dir='ltr'><strong>dita</strong></span> <span class='ocrx_word' id='word_1_104' title='bbox 223 1120 289 1178; x_wconf 86' lang='lat' dir='ltr'><strong>ost.</strong></span> <span class='ocrx_word' id='word_1_105' title='bbox 339 1104 395 1178; x_wconf 91' lang='lat' dir='ltr'><strong>Sit</strong></span> <span class='ocrx_word' id='word_1_106' title='bbox 419 1105 529 1195; x_wconf 89' lang='lat' dir='ltr'><strong>igitur</strong></span> <span class='ocrx_word' id='word_1_107' title='bbox 552 1099 661 1174; x_wconf 89' lang='lat' dir='ltr'><strong>homo</strong></span> <span class='ocrx_word' id='word_1_108' title='bbox 677 1123 803 1188; x_wconf 86' lang='lat' dir='ltr'><strong>verax,</strong></span> <span class='ocrx_word' id='word_1_109' title='bbox 824 1102 956 1187; x_wconf 88' lang='lat' dir='ltr'><strong>iustus,</strong></span> <span class='ocrx_word' id='word_1_110' title='bbox 979 1099 1112 1171; x_wconf 90' lang='lat' dir='ltr'><strong>benefi-</strong></span> 
     </span>
     <span class='ocr_line' id='line_1_10' title="bbox 126 1204 1112 1295; baseline -0.011 -13"><span class='ocrx_word' id='word_1_111' title='bbox 126 1234 207 1295; x_wconf 90' lang='lat' dir='ltr'><strong>cus,</strong></span> <span class='ocrx_word' id='word_1_112' title='bbox 232 1221 357 1281; x_wconf 88' lang='lat' dir='ltr'><strong>castus.</strong></span> <span class='ocrx_word' id='word_1_113' title='bbox 408 1204 503 1276; x_wconf 90' lang='lat' dir='ltr'><strong>Huic</strong></span> <span class='ocrx_word' id='word_1_114' title='bbox 525 1227 671 1274; x_wconf 89' lang='lat' dir='ltr'><strong>normae</strong></span> <span class='ocrx_word' id='word_1_115' title='bbox 686 1205 929 1295; x_wconf 89' lang='lat' dir='ltr'><strong>obtemperare</strong></span> <span class='ocrx_word' id='word_1_116' title='bbox 945 1214 998 1275; x_wconf 89' lang='lat' dir='ltr'><strong>est</strong></span> <span class='ocrx_word' id='word_1_117' title='bbox 1017 1213 1112 1272; x_wconf 89' lang='lat' dir='ltr'><strong>recte</strong></span> 
     </span>
     <span class='ocr_line' id='line_1_11' title="bbox 125 1299 1111 1392; baseline -0.011 -9"><span class='ocrx_word' id='word_1_118' title='bbox 125 1311 251 1384; x_wconf 87' lang='lat' dir='ltr'><strong>facere.</strong></span> <span class='ocrx_word' id='word_1_119' title='bbox 301 1306 490 1379; x_wconf 84' lang='lat' dir='ltr'><strong>Discedere</strong></span> <span class='ocrx_word' id='word_1_120' title='bbox 507 1306 552 1376; x_wconf 89' lang='lat' dir='ltr'><strong>ab</strong></span> <span class='ocrx_word' id='word_1_121' title='bbox 569 1299 635 1376; x_wconf 90' lang='lat' dir='ltr'><strong>hae</strong></span> <span class='ocrx_word' id='word_1_122' title='bbox 655 1327 804 1392; x_wconf 90' lang='lat' dir='ltr'><strong>norma,</strong></span> <span class='ocrx_word' id='word_1_123' title='bbox 829 1319 882 1376; x_wconf 88' lang='lat' dir='ltr'><strong>est</strong></span> <span class='ocrx_word' id='word_1_124' title='bbox 902 1306 1017 1375; x_wconf 86' lang='lat' dir='ltr'><strong>facere</strong></span> <span class='ocrx_word' id='word_1_125' title='bbox 1031 1304 1111 1374; x_wconf 90' lang='lat' dir='ltr'><strong>Deo</strong></span> 
     </span>
     <span class='ocr_line' id='line_1_12' title="bbox 126 1401 1111 1504; baseline -0.013 -20"><span class='ocrx_word' id='word_1_126' title='bbox 126 1410 349 1504; x_wconf 87' lang='lat' dir='ltr'><strong>displicentia</strong></span> <span class='ocrx_word' id='word_1_127' title='bbox 368 1421 402 1480; x_wconf 87' lang='lat' dir='ltr'><strong>et</strong></span> <span class='ocrx_word' id='word_1_128' title='bbox 426 1408 557 1500; x_wconf 89' lang='lat' dir='ltr'><strong>turpia.</strong></span> <span class='ocrx_word' id='word_1_129' title='bbox 606 1402 655 1477; x_wconf 89' lang='lat' dir='ltr'><strong>Et</strong></span> <span class='ocrx_word' id='word_1_130' title='bbox 668 1406 851 1477; x_wconf 88' lang='lat' dir='ltr'><strong>discedens</strong></span> <span class='ocrx_word' id='word_1_131' title='bbox 874 1404 1020 1477; x_wconf 85' lang='lat' dir='ltr'><strong>accersit</strong></span> <span class='ocrx_word' id='word_1_132' title='bbox 1041 1401 1111 1473; x_wconf 89' lang='lat' dir='ltr'><strong>sibi</strong></span> 
     </span>
     <span class='ocr_line' id='line_1_13' title="bbox 124 1504 1111 1607; baseline -0.008 -22"><span class='ocrx_word' id='word_1_133' title='bbox 124 1535 265 1607; x_wconf 88' lang='lat' dir='ltr'><strong>poenas.</strong></span> <span class='ocrx_word' id='word_1_134' title='bbox 292 1508 401 1581; x_wconf 87' lang='lat' dir='ltr'><strong>Plura</strong></span> <span class='ocrx_word' id='word_1_135' title='bbox 416 1512 461 1580; x_wconf 88' lang='lat' dir='ltr'><strong>de</strong></span> <span class='ocrx_word' id='word_1_136' title='bbox 474 1506 657 1600; x_wconf 87' lang='lat' dir='ltr'><strong>principiis</strong></span> <span class='ocrx_word' id='word_1_137' title='bbox 670 1506 840 1578; x_wconf 90' lang='lat' dir='ltr'><strong>dicuntur</strong></span> <span class='ocrx_word' id='word_1_138' title='bbox 852 1508 892 1577; x_wconf 94' lang='lat' dir='ltr'><strong>in</strong></span> <span class='ocrx_word' id='word_1_139' title='bbox 908 1504 1111 1578; x_wconf 88' lang='lat' dir='ltr'><strong>dialecticis.</strong></span> 
     </span>
    </p>

    <p class='ocr_par' dir='ltr' id='par_1_5' title="bbox 122 1602 1112 2212">
     <span class='ocr_line' id='line_1_14' title="bbox 231 1602 1112 1707; baseline -0.008 -24"><span class='ocrx_word' id='word_1_140' title='bbox 231 1610 394 1683; x_wconf 90' lang='lat' dir='ltr'><strong>Tertium</strong></span> <span class='ocrx_word' id='word_1_141' title='bbox 418 1602 607 1707; x_wconf 74' lang='grc' dir='ltr'><strong><em>κριτήριον</em></strong></span> <span class='ocrx_word' id='word_1_142' title='bbox 635 1620 704 1680; x_wconf 87' lang='lat' dir='ltr'><strong>cst:</strong></span> <span class='ocrx_word' id='word_1_143' title='bbox 739 1606 944 1680; x_wconf 86' lang='lat' dir='ltr'><strong>Intellectus</strong></span> <span class='ocrx_word' id='word_1_144' title='bbox 973 1606 1112 1678; x_wconf 88' lang='lat' dir='ltr'><strong>ordinis</strong></span> 
     </span>
     <span class='ocr_line' id='line_1_15' title="bbox 126 1708 1112 1810; baseline -0.006 -26"><span class='ocrx_word' id='word_1_145' title='bbox 126 1716 167 1785; x_wconf 86' lang='lat' dir='ltr'><strong>in</strong></span> <span class='ocrx_word' id='word_1_146' title='bbox 184 1713 399 1810; x_wconf 84' lang='lat' dir='ltr'><strong>syllogismo,</strong></span> <span class='ocrx_word' id='word_1_147' title='bbox 423 1724 516 1783; x_wconf 88' lang='lat' dir='ltr'><strong>recte</strong></span> <span class='ocrx_word' id='word_1_148' title='bbox 529 1710 779 1800; x_wconf 79' lang='lat' dir='ltr'><strong>coagmentatis</strong></span> <span class='ocrx_word' id='word_1_149' title='bbox 792 1711 980 1794; x_wconf 89' lang='lat' dir='ltr'><strong>membris,</strong></span> <span class='ocrx_word' id='word_1_150' title='bbox 1004 1723 1045 1782; x_wconf 88' lang='lat' dir='ltr'><strong>ut</strong></span> <span class='ocrx_word' id='word_1_151' title='bbox 1057 1708 1112 1778; x_wconf 85' lang='lat' dir='ltr'><strong>la-</strong></span> 
     </span>
     <span class='ocr_line' id='line_1_16' title="bbox 126 1810 1112 1888; baseline -0.01 0"><span class='ocrx_word' id='word_1_152' title='bbox 126 1817 199 1888; x_wconf 91' lang='lat' dir='ltr'><strong>tius</strong></span> <span class='ocrx_word' id='word_1_153' title='bbox 213 1816 253 1884; x_wconf 91' lang='lat' dir='ltr'><strong>in</strong></span> <span class='ocrx_word' id='word_1_154' title='bbox 267 1814 459 1885; x_wconf 88' lang='lat' dir='ltr'><strong>dialecticis</strong></span> <span class='ocrx_word' id='word_1_155' title='bbox 474 1813 615 1885; x_wconf 91' lang='lat' dir='ltr'><strong>dicitur.</strong></span> <span class='ocrx_word' id='word_1_156' title='bbox 668 1810 709 1882; x_wconf 91' lang='lat' dir='ltr'><strong>ln</strong></span> <span class='ocrx_word' id='word_1_157' title='bbox 731 1811 893 1881; x_wconf 90' lang='lat' dir='ltr'><strong>doctrina</strong></span> <span class='ocrx_word' id='word_1_158' title='bbox 914 1810 1024 1882; x_wconf 85' lang='lat' dir='ltr'><strong>stoica</strong></span> <span class='ocrx_word' id='word_1_159' title='bbox 1044 1833 1112 1879; x_wconf 93' lang='lat' dir='ltr'><strong>no·</strong></span> 
     </span>
     <span class='ocr_line' id='line_1_17' title="bbox 124 1907 1112 2012; baseline -0.006 -26"><span class='ocrx_word' id='word_1_160' title='bbox 124 1917 310 1987; x_wconf 88' lang='lat' dir='ltr'><strong>minantur</strong></span> <span class='ocrx_word' id='word_1_161' title='bbox 323 1907 564 2012; x_wconf 23' lang='lat' dir='ltr'><strong>xptrripcuahis</strong></span> <span class='ocrx_word' id='word_1_162' title='bbox 579 1912 693 1983; x_wconf 90' lang='lat' dir='ltr'><strong>tribus</strong></span> <span class='ocrx_word' id='word_1_163' title='bbox 709 1910 909 1983; x_wconf 87' lang='lat' dir='ltr'><strong>vocabulis:</strong></span> <span class='ocrx_word' id='word_1_164' title='bbox 926 1909 1112 2004; x_wconf 75' lang='grc' dir='ltr'><strong><em>αἴσθησις,</em></strong></span> 
     </span>
     <span class='ocr_line' id='line_1_18' title="bbox 122 2011 1112 2114; baseline -0.009 -24"><span class='ocrx_word' id='word_1_165' title='bbox 122 2011 309 2113; x_wconf 77' lang='grc' dir='ltr'><strong>πρόληψις</strong></span> <span class='ocrx_word' id='word_1_166' title='bbox 323 2030 357 2087; x_wconf 90' lang='lat' dir='ltr'><strong>et</strong></span> <span class='ocrx_word' id='word_1_167' title='bbox 370 2020 518 2114; x_wconf 72' lang='grc' dir='ltr'><strong><em>γνῶσις.</em></strong></span> <span class='ocrx_word' id='word_1_168' title='bbox 559 2012 632 2084; x_wconf 84' lang='lat' dir='ltr'><strong>Nec</strong></span> <span class='ocrx_word' id='word_1_169' title='bbox 647 2013 798 2085; x_wconf 89' lang='lat' dir='ltr'><strong>dubium</strong></span> <span class='ocrx_word' id='word_1_170' title='bbox 814 2025 867 2084; x_wconf 88' lang='lat' dir='ltr'><strong>est</strong></span> <span class='ocrx_word' id='word_1_171' title='bbox 882 2012 1034 2101; x_wconf 76' lang='lat' dir='ltr'><strong>intelligi</strong></span> <span class='ocrx_word' id='word_1_172' title='bbox 1052 2036 1112 2081; x_wconf 87' lang='lat' dir='ltr'><strong>ex-</strong></span> 
     </span>
     <span class='ocr_line' id='line_1_19' title="bbox 124 2109 1111 2212; baseline -0.008 -23"><span class='ocrx_word' id='word_1_173' title='bbox 124 2118 354 2212; x_wconf 88' lang='lat' dir='ltr'><strong>perientiam,</strong></span> <span class='ocrx_word' id='word_1_174' title='bbox 379 2140 458 2186; x_wconf 88' lang='lat' dir='ltr'><strong>cum</strong></span> <span class='ocrx_word' id='word_1_175' title='bbox 474 2114 660 2185; x_wconf 90' lang='lat' dir='ltr'><strong>nominant</strong></span> <span class='ocrx_word' id='word_1_176' title='bbox 677 2113 866 2207; x_wconf 75' lang='grc' dir='ltr'><strong><em>αἴσθησιν.</em></strong></span> <span class='ocrx_word' id='word_1_177' title='bbox 914 2109 963 2184; x_wconf 87' lang='grc' dir='ltr'><strong>Ει</strong></span> <span class='ocrx_word' id='word_1_178' title='bbox 976 2112 1111 2205; x_wconf 91' lang='lat' dir='ltr'><strong>princi·</strong></span> 
     </span>
    </p>
   </div>
   <div class='ocr_carea' id='block_1_4' title="bbox 8 2209 1113 2313">
    <p class='ocr_par' dir='ltr' id='par_1_6' title="bbox 8 2209 1113 2313">
     <span class='ocr_line' id='line_1_20' title="bbox 8 2209 1113 2313; baseline -0.008 -21"><span class='ocrx_word' id='word_1_179' title='bbox 8 2249 9 2252; x_wconf 43' lang='lat'>¹</span> <span class='ocrx_word' id='word_1_180' title='bbox 65 2210 67 2214; x_wconf 38' lang='lat'><strong>¹</strong></span> <span class='ocrx_word' id='word_1_181' title='bbox 123 2221 183 2310; x_wconf 90' lang='lat' dir='ltr'><strong>pia</strong></span> <span class='ocrx_word' id='word_1_182' title='bbox 202 2243 282 2291; x_wconf 93' lang='lat' dir='ltr'><strong>cum</strong></span> <span class='ocrx_word' id='word_1_183' title='bbox 298 2217 487 2288; x_wconf 90' lang='lat' dir='ltr'><strong>nominant</strong></span> <span class='ocrx_word' id='word_1_184' title='bbox 501 2209 698 2313; x_wconf 81' lang='grc' dir='ltr'><strong><em>πρόληψιν.</em></strong></span> <span class='ocrx_word' id='word_1_185' title='bbox 748 2211 830 2285; x_wconf 89' lang='lat' dir='ltr'><strong>Erit</strong></span> <span class='ocrx_word' id='word_1_186' title='bbox 846 2215 955 2304; x_wconf 92' lang='lat' dir='ltr'><strong>igitur</strong></span> <span class='ocrx_word' id='word_1_187' title='bbox 973 2218 1113 2313; x_wconf 70' lang='grc' dir='ltr'><strong><em>γνῶσις</em></strong></span> 
     </span>
    </p>
   </div>
   <div class='ocr_carea' id='block_1_5' title="bbox 46 2315 1112 3218">
    <p class='ocr_par' dir='ltr' id='par_1_7' title="bbox 46 2315 1112 3218">
     <span class='ocr_line' id='line_1_21' title="bbox 124 2315 1111 2404; baseline -0.004 -15"><span class='ocrx_word' id='word_1_188' title='bbox 124 2321 317 2400; x_wconf 87' lang='lat' dir='ltr'><strong>iudicium,</strong></span> <span class='ocrx_word' id='word_1_189' title='bbox 350 2319 388 2389; x_wconf 93' lang='lat' dir='ltr'><strong>id</strong></span> <span class='ocrx_word' id='word_1_190' title='bbox 412 2332 482 2404; x_wconf 91' lang='lat' dir='ltr'><strong>est,</strong></span> <span class='ocrx_word' id='word_1_191' title='bbox 516 2317 714 2387; x_wconf 88' lang='lat' dir='ltr'><strong>intellectus</strong></span> <span class='ocrx_word' id='word_1_192' title='bbox 736 2315 875 2386; x_wconf 86' lang='lat' dir='ltr'><strong>ordinis</strong></span> <span class='ocrx_word' id='word_1_193' title='bbox 905 2338 968 2387; x_wconf 84' lang='lat' dir='ltr'><strong>seu</strong></span> <span class='ocrx_word' id='word_1_194' title='bbox 987 2338 1111 2386; x_wconf 84' lang='lat' dir='ltr'><strong>conse·</strong></span> 
     </span>
     <span class='ocr_line' id='line_1_22' title="bbox 124 2414 655 2515; baseline -0.008 -23"><span class='ocrx_word' id='word_1_195' title='bbox 124 2414 308 2515; x_wconf 62' lang='lat' dir='ltr'><strong>boeotiae,</strong></span> <span class='ocrx_word' id='word_1_196' title='bbox 335 2443 397 2489; x_wconf 89' lang='lat' dir='ltr'><strong>seu</strong></span> <span class='ocrx_word' id='word_1_197' title='bbox 412 2418 655 2490; x_wconf 79' lang='lat' dir='ltr'><strong>connexionis.</strong></span> 
     </span>
     <span class='ocr_line' id='line_1_23' title="bbox 214 2515 1110 2612; baseline -0.001 -23"><span class='ocrx_word' id='word_1_198' title='bbox 214 2521 257 2590; x_wconf 92' lang='lat' dir='ltr'><strong>ln</strong></span> <span class='ocrx_word' id='word_1_199' title='bbox 266 2517 423 2591; x_wconf 86' lang='lat' dir='ltr'><strong>Ecclesia</strong></span> <span class='ocrx_word' id='word_1_200' title='bbox 439 2515 610 2590; x_wconf 89' lang='lat' dir='ltr'><strong>habemus</strong></span> <span class='ocrx_word' id='word_1_201' title='bbox 626 2533 661 2590; x_wconf 89' lang='lat' dir='ltr'><strong>et</strong></span> <span class='ocrx_word' id='word_1_202' title='bbox 674 2529 835 2612; x_wconf 88' lang='lat' dir='ltr'><strong>quartam</strong></span> <span class='ocrx_word' id='word_1_203' title='bbox 855 2542 1019 2590; x_wconf 88' lang='lat' dir='ltr'><strong>normam</strong></span> <span class='ocrx_word' id='word_1_204' title='bbox 1033 2543 1110 2589; x_wconf 91' lang='lat' dir='ltr'><strong>cer-</strong></span> 
     </span>
     <span class='ocr_line' id='line_1_24' title="bbox 123 2620 1111 2712; baseline -0.005 -19"><span class='ocrx_word' id='word_1_205' title='bbox 123 2623 309 2706; x_wconf 85' lang='lat' dir='ltr'><strong>titudinis,</strong></span> <span class='ocrx_word' id='word_1_206' title='bbox 334 2620 523 2705; x_wconf 72' lang='lat' dir='ltr'><strong>videlic&#39;et„</strong></span> <span class='ocrx_word' id='word_1_207' title='bbox 544 2621 813 2712; x_wconf 81' lang='lat' dir='ltr'><strong>patefactionem</strong></span> <span class='ocrx_word' id='word_1_208' title='bbox 828 2621 1000 2703; x_wconf 90' lang='lat' dir='ltr'><strong>divinam,</strong></span> <span class='ocrx_word' id='word_1_209' title='bbox 1025 2621 1111 2689; x_wconf 92' lang='lat' dir='ltr'><strong>illu·</strong></span> 
     </span>
     <span class='ocr_line' id='line_1_25' title="bbox 123 2720 1110 2813; baseline -0.005 -19"><span class='ocrx_word' id='word_1_210' title='bbox 123 2724 256 2794; x_wconf 88' lang='lat' dir='ltr'><strong>stribus</strong></span> <span class='ocrx_word' id='word_1_211' title='bbox 271 2737 307 2794; x_wconf 90' lang='lat' dir='ltr'><strong>et</strong></span> <span class='ocrx_word' id='word_1_212' title='bbox 319 2746 396 2813; x_wconf 84' lang='lat' dir='ltr'><strong>non</strong></span> <span class='ocrx_word' id='word_1_213' title='bbox 409 2722 614 2792; x_wconf 87' lang='lat' dir='ltr'><strong>fallentibus</strong></span> <span class='ocrx_word' id='word_1_214' title='bbox 630 2720 840 2793; x_wconf 87' lang='lat' dir='ltr'><strong>testimoniis</strong></span> <span class='ocrx_word' id='word_1_215' title='bbox 855 2721 995 2805; x_wconf 90' lang='lat' dir='ltr'><strong>factam,</strong></span> <span class='ocrx_word' id='word_1_216' title='bbox 1019 2745 1110 2813; x_wconf 91' lang='lat' dir='ltr'><strong>quae</strong></span> 
     </span>
     <span class='ocr_line' id='line_1_26' title="bbox 46 2816 1112 2916; baseline -0.005 -21"><span class='ocrx_word' id='word_1_217' title='bbox 46 2895 52 2903; x_wconf 83' lang='grc'><strong>,</strong></span> <span class='ocrx_word' id='word_1_218' title='bbox 125 2837 219 2896; x_wconf 85' lang='lat' dir='ltr'><strong>extat</strong></span> <span class='ocrx_word' id='word_1_219' title='bbox 250 2825 290 2893; x_wconf 90' lang='lat' dir='ltr'><strong>in</strong></span> <span class='ocrx_word' id='word_1_220' title='bbox 320 2822 423 2895; x_wconf 92' lang='lat' dir='ltr'><strong>libris</strong></span> <span class='ocrx_word' id='word_1_221' title='bbox 451 2816 667 2916; x_wconf 90' lang='lat' dir='ltr'><strong>propheticis</strong></span> <span class='ocrx_word' id='word_1_222' title='bbox 697 2835 732 2893; x_wconf 88' lang='lat' dir='ltr'><strong>et</strong></span> <span class='ocrx_word' id='word_1_223' title='bbox 763 2823 976 2914; x_wconf 88' lang='lat' dir='ltr'><strong>apostolicis.</strong></span> <span class='ocrx_word' id='word_1_224' title='bbox 1031 2819 1112 2893; x_wconf 86' lang='lat' dir='ltr'><strong>Etsi</strong></span> 
     </span>
     <span class='ocr_line' id='line_1_27' title="bbox 90 2919 1110 2999; baseline -0.004 -3"><span class='ocrx_word' id='word_1_225' title='bbox 90 2973 97 2980; x_wconf 84' lang='lat'>-</span> <span class='ocrx_word' id='word_1_226' title='bbox 122 2940 241 2999; x_wconf 91' lang='lat' dir='ltr'><strong>autem</strong></span> <span class='ocrx_word' id='word_1_227' title='bbox 259 2925 399 2996; x_wconf 89' lang='lat' dir='ltr'><strong>facilius</strong></span> <span class='ocrx_word' id='word_1_228' title='bbox 420 2940 454 2996; x_wconf 92' lang='lat' dir='ltr'><strong>et</strong></span> <span class='ocrx_word' id='word_1_229' title='bbox 471 2924 607 2995; x_wconf 89' lang='lat' dir='ltr'><strong>firmius</strong></span> <span class='ocrx_word' id='word_1_230' title='bbox 620 2923 819 2994; x_wconf 88' lang='lat' dir='ltr'><strong>adsentitur</strong></span> <span class='ocrx_word' id='word_1_231' title='bbox 831 2946 932 2994; x_wconf 92' lang='lat' dir='ltr'><strong>mens</strong></span> <span class='ocrx_word' id='word_1_232' title='bbox 953 2919 1110 2993; x_wconf 89' lang='lat' dir='ltr'><strong>humana</strong></span> 
     </span>
     <span class='ocr_line' id='line_1_28' title="bbox 122 3024 1111 3121; baseline -0.004 -24"><span class='ocrx_word' id='word_1_233' title='bbox 122 3028 187 3112; x_wconf 91' lang='lat' dir='ltr'><strong>iis,</strong></span> <span class='ocrx_word' id='word_1_234' title='bbox 213 3050 303 3121; x_wconf 88' lang='lat' dir='ltr'><strong>quae</strong></span> <span class='ocrx_word' id='word_1_235' title='bbox 324 3027 404 3097; x_wconf 89' lang='lat' dir='ltr'><strong>luce</strong></span> <span class='ocrx_word' id='word_1_236' title='bbox 427 3025 584 3097; x_wconf 88' lang='lat' dir='ltr'><strong>naturali</strong></span> <span class='ocrx_word' id='word_1_237' title='bbox 602 3025 734 3111; x_wconf 88' lang='lat' dir='ltr'><strong>cernit,</strong></span> <span class='ocrx_word' id='word_1_238' title='bbox 759 3037 878 3094; x_wconf 90' lang='lat' dir='ltr'><strong>tamen</strong></span> <span class='ocrx_word' id='word_1_239' title='bbox 897 3024 1007 3094; x_wconf 89' lang='lat' dir='ltr'><strong>simili</strong></span> <span class='ocrx_word' id='word_1_240' title='bbox 1025 3048 1111 3094; x_wconf 92' lang='lat' dir='ltr'><strong>con·</strong></span> 
     </span>
     <span class='ocr_line' id='line_1_29' title="bbox 123 3126 1110 3218; baseline -0.003 -19"><span class='ocrx_word' id='word_1_241' title='bbox 123 3129 251 3199; x_wconf 88' lang='lat' dir='ltr'><strong>stantia</strong></span> <span class='ocrx_word' id='word_1_242' title='bbox 266 3151 389 3199; x_wconf 87' lang='lat' dir='ltr'><strong>omnes</strong></span> <span class='ocrx_word' id='word_1_243' title='bbox 412 3141 588 3198; x_wconf 91' lang='lat' dir='ltr'><strong>creaturas</strong></span> <span class='ocrx_word' id='word_1_244' title='bbox 609 3126 801 3196; x_wconf 88' lang='lat' dir='ltr'><strong>rationales</strong></span> <span class='ocrx_word' id='word_1_245' title='bbox 815 3127 986 3196; x_wconf 85' lang='lat' dir='ltr'><strong>adsentiri</strong></span> <span class='ocrx_word' id='word_1_246' title='bbox 1003 3149 1110 3218; x_wconf 91' lang='lat' dir='ltr'><strong>opor-</strong></span> 
     </span>
    </p>
   </div>
   <div class='ocr_carea' id='block_1_6' title="bbox 1161 1100 2155 3221">
    <p class='ocr_par' dir='ltr' id='par_1_8' title="bbox 1162 1100 2155 1777">
     <span class='ocr_line' id='line_1_30' title="bbox 1162 1100 2154 1196; baseline 0.02 -30"><span class='ocrx_word' id='word_1_247' title='bbox 1162 1100 1245 1168; x_wconf 88' lang='lat' dir='ltr'><strong>stris</strong></span> <span class='ocrx_word' id='word_1_248' title='bbox 1261 1100 1391 1170; x_wconf 89' lang='lat' dir='ltr'><strong>inditas</strong></span> <span class='ocrx_word' id='word_1_249' title='bbox 1410 1125 1502 1188; x_wconf 89' lang='lat' dir='ltr'><strong>esse,</strong></span> <span class='ocrx_word' id='word_1_250' title='bbox 1525 1117 1559 1173; x_wconf 92' lang='lat' dir='ltr'><strong>et</strong></span> <span class='ocrx_word' id='word_1_251' title='bbox 1574 1105 1686 1196; x_wconf 89' lang='lat' dir='ltr'><strong>legem</strong></span> <span class='ocrx_word' id='word_1_252' title='bbox 1700 1133 1795 1180; x_wconf 93' lang='lat' dir='ltr'><strong>novo</strong></span> <span class='ocrx_word' id='word_1_253' title='bbox 1812 1113 2014 1184; x_wconf 88' lang='lat' dir='ltr'><strong>testimonio</strong></span> <span class='ocrx_word' id='word_1_254' title='bbox 2032 1115 2154 1185; x_wconf 66' lang='lat' dir='ltr'><strong>sanci⁴</strong></span> 
     </span>
     <span class='ocr_line' id='line_1_31' title="bbox 1162 1198 2153 1288; baseline 0.016 -18"><span class='ocrx_word' id='word_1_255' title='bbox 1162 1215 1226 1271; x_wconf 92' lang='lat' dir='ltr'><strong>ret.</strong></span> <span class='ocrx_word' id='word_1_256' title='bbox 1278 1198 1390 1271; x_wconf 90' lang='lat' dir='ltr'><strong>Grata</strong></span> <span class='ocrx_word' id='word_1_257' title='bbox 1418 1214 1470 1272; x_wconf 89' lang='lat' dir='ltr'><strong>est</strong></span> <span class='ocrx_word' id='word_1_258' title='bbox 1499 1219 1617 1277; x_wconf 90' lang='lat' dir='ltr'><strong>autem</strong></span> <span class='ocrx_word' id='word_1_259' title='bbox 1643 1210 1759 1280; x_wconf 90' lang='lat' dir='ltr'><strong>bonae</strong></span> <span class='ocrx_word' id='word_1_260' title='bbox 1786 1216 1898 1283; x_wconf 89' lang='lat' dir='ltr'><strong>menti</strong></span> <span class='ocrx_word' id='word_1_261' title='bbox 1928 1216 2153 1288; x_wconf 88' lang='lat' dir='ltr'><strong>confirmatio</strong></span> 
     </span>
     <span class='ocr_line' id='line_1_32' title="bbox 1163 1301 2154 1398; baseline 0.018 -29"><span class='ocrx_word' id='word_1_262' title='bbox 1163 1301 1343 1388; x_wconf 87' lang='lat' dir='ltr'><strong>veritatis,</strong></span> <span class='ocrx_word' id='word_1_263' title='bbox 1362 1303 1425 1372; x_wconf 91' lang='lat' dir='ltr'><strong>uhi</strong></span> <span class='ocrx_word' id='word_1_264' title='bbox 1441 1305 1608 1397; x_wconf 89' lang='lat' dir='ltr'><strong>intelligit</strong></span> <span class='ocrx_word' id='word_1_265' title='bbox 1623 1313 1667 1379; x_wconf 91' lang='lat' dir='ltr'><strong>ad</strong></span> <span class='ocrx_word' id='word_1_266' title='bbox 1691 1314 1889 1384; x_wconf 87' lang='lat' dir='ltr'><strong>naturalem</strong></span> <span class='ocrx_word' id='word_1_267' title='bbox 1906 1317 2076 1398; x_wconf 87' lang='lat' dir='ltr'><strong>noticiam</strong></span> <span class='ocrx_word' id='word_1_268' title='bbox 2092 1304 2154 1387; x_wconf 89' lang='lat' dir='ltr'><strong>ac·</strong></span> 
     </span>
     <span class='ocr_line' id='line_1_33' title="bbox 1163 1404 2155 1508; baseline 0.015 -36"><span class='ocrx_word' id='word_1_269' title='bbox 1163 1404 1304 1473; x_wconf 88' lang='lat' dir='ltr'><strong>cessisse</strong></span> <span class='ocrx_word' id='word_1_270' title='bbox 1326 1404 1485 1473; x_wconf 89' lang='lat' dir='ltr'><strong>divinam</strong></span> <span class='ocrx_word' id='word_1_271' title='bbox 1503 1431 1637 1481; x_wconf 91' lang='lat' dir='ltr'><strong>vocem.</strong></span> <span class='ocrx_word' id='word_1_272' title='bbox 1687 1409 1795 1486; x_wconf 88' lang='lat' dir='ltr'><strong>Ratio</strong></span> <span class='ocrx_word' id='word_1_273' title='bbox 1820 1414 2056 1508; x_wconf 87' lang='lat' dir='ltr'><strong>deprehendit</strong></span> <span class='ocrx_word' id='word_1_274' title='bbox 2077 1430 2155 1488; x_wconf 86' lang='lat' dir='ltr'><strong>ter-</strong></span> 
     </span>
     <span class='ocr_line' id='line_1_34' title="bbox 1163 1505 2154 1592; baseline 0.016 -21"><span class='ocrx_word' id='word_1_275' title='bbox 1163 1527 1237 1573; x_wconf 90' lang='lat' dir='ltr'><strong>ram</strong></span> <span class='ocrx_word' id='word_1_276' title='bbox 1255 1517 1347 1573; x_wconf 90' lang='lat' dir='ltr'><strong>stare</strong></span> <span class='ocrx_word' id='word_1_277' title='bbox 1371 1505 1570 1592; x_wconf 89' lang='lat' dir='ltr'><strong>immotam,</strong></span> <span class='ocrx_word' id='word_1_278' title='bbox 1597 1523 1632 1581; x_wconf 89' lang='lat' dir='ltr'><strong>et</strong></span> <span class='ocrx_word' id='word_1_279' title='bbox 1653 1515 1763 1583; x_wconf 89' lang='lat' dir='ltr'><strong>solem</strong></span> <span class='ocrx_word' id='word_1_280' title='bbox 1786 1518 1931 1590; x_wconf 88' lang='lat' dir='ltr'><strong>moveri.</strong></span> <span class='ocrx_word' id='word_1_281' title='bbox 1983 1517 2054 1591; x_wconf 87' lang='lat' dir='ltr'><strong>Sed</strong></span> <span class='ocrx_word' id='word_1_282' title='bbox 2069 1541 2154 1588; x_wconf 88' lang='lat' dir='ltr'><strong>cum</strong></span> 
     </span>
     <span class='ocr_line' id='line_1_35' title="bbox 1163 1605 2152 1700; baseline 0.015 -27"><span class='ocrx_word' id='word_1_283' title='bbox 1163 1606 1259 1676; x_wconf 88' lang='lat' dir='ltr'><strong>idem</strong></span> <span class='ocrx_word' id='word_1_284' title='bbox 1289 1605 1464 1677; x_wconf 88' lang='lat' dir='ltr'><strong>divinitus</strong></span> <span class='ocrx_word' id='word_1_285' title='bbox 1496 1609 1667 1682; x_wconf 89' lang='lat' dir='ltr'><strong>traditum</strong></span> <span class='ocrx_word' id='word_1_286' title='bbox 1697 1637 1772 1685; x_wconf 89' lang='lat' dir='ltr'><strong>esse</strong></span> <span class='ocrx_word' id='word_1_287' title='bbox 1799 1619 1983 1700; x_wconf 89' lang='lat' dir='ltr'><strong>audimus,</strong></span> <span class='ocrx_word' id='word_1_288' title='bbox 2012 1619 2152 1689; x_wconf 84' lang='lat' dir='ltr'><strong>firmius</strong></span> 
     </span>
     <span class='ocr_line' id='line_1_36' title="bbox 1162 1707 1926 1777; baseline 0.005 -1"><span class='ocrx_word' id='word_1_289' title='bbox 1162 1707 1393 1777; x_wconf 88' lang='lat' dir='ltr'><strong>adsentimnr.</strong></span> <span class='ocrx_word' id='word_1_290' title='bbox 1924 1736 1926 1740; x_wconf 91' lang='lat'>·</span> 
     </span>
    </p>

    <p class='ocr_par' dir='ltr' id='par_1_9' title="bbox 1161 1806 2154 3221">
     <span class='ocr_line' id='line_1_37' title="bbox 1264 1806 2154 1906; baseline 0.011 -27"><span class='ocrx_word' id='word_1_291' title='bbox 1264 1806 1358 1879; x_wconf 88' lang='lat' dir='ltr'><strong>Sunt</strong></span> <span class='ocrx_word' id='word_1_292' title='bbox 1374 1823 1490 1882; x_wconf 91' lang='lat' dir='ltr'><strong>autem</strong></span> <span class='ocrx_word' id='word_1_293' title='bbox 1508 1811 1598 1882; x_wconf 88' lang='lat' dir='ltr'><strong>aliae</strong></span> <span class='ocrx_word' id='word_1_294' title='bbox 1615 1817 1789 1906; x_wconf 87' lang='lat' dir='ltr'><strong>quaedam</strong></span> <span class='ocrx_word' id='word_1_295' title='bbox 1806 1818 2002 1889; x_wconf 87' lang='lat' dir='ltr'><strong>sententiae</strong></span> <span class='ocrx_word' id='word_1_296' title='bbox 2016 1819 2154 1889; x_wconf 91' lang='lat' dir='ltr'><strong>divini-</strong></span> 
     </span>
     <span class='ocr_line' id='line_1_38' title="bbox 1163 1909 2153 2007; baseline 0.012 -27"><span class='ocrx_word' id='word_1_297' title='bbox 1163 1921 1220 1980; x_wconf 91' lang='lat' dir='ltr'><strong>tus</strong></span> <span class='ocrx_word' id='word_1_298' title='bbox 1242 1909 1412 1996; x_wconf 89' lang='lat' dir='ltr'><strong>traditae,</strong></span> <span class='ocrx_word' id='word_1_299' title='bbox 1446 1935 1536 2004; x_wconf 83' lang='lat' dir='ltr'><strong>qttae</strong></span> <span class='ocrx_word' id='word_1_300' title='bbox 1556 1926 1659 1986; x_wconf 88' lang='lat' dir='ltr'><strong>antea</strong></span> <span class='ocrx_word' id='word_1_301' title='bbox 1679 1941 1823 2007; x_wconf 91' lang='lat' dir='ltr'><strong>prorsus</strong></span> <span class='ocrx_word' id='word_1_302' title='bbox 1846 1920 1986 2007; x_wconf 89' lang='lat' dir='ltr'><strong>ignotae</strong></span> <span class='ocrx_word' id='word_1_303' title='bbox 2007 1922 2153 1992; x_wconf 82' lang='lat' dir='ltr'><strong>fuerant</strong></span> 
     </span>
     <span class='ocr_line' id='line_1_39' title="bbox 1162 2009 2154 2108; baseline 0.012 -29"><span class='ocrx_word' id='word_1_304' title='bbox 1162 2009 1329 2081; x_wconf 90' lang='lat' dir='ltr'><strong>omnibus</strong></span> <span class='ocrx_word' id='word_1_305' title='bbox 1344 2014 1526 2098; x_wconf 90' lang='lat' dir='ltr'><strong>creaturis,</strong></span> <span class='ocrx_word' id='word_1_306' title='bbox 1551 2029 1591 2086; x_wconf 88' lang='lat' dir='ltr'><strong>ut</strong></span> <span class='ocrx_word' id='word_1_307' title='bbox 1607 2040 1675 2085; x_wconf 87' lang='lat' dir='ltr'><strong>vox</strong></span> <span class='ocrx_word' id='word_1_308' title='bbox 1690 2015 1877 2108; x_wconf 82' lang='lat' dir='ltr'><strong>Evangelii</strong></span> <span class='ocrx_word' id='word_1_309' title='bbox 1894 2022 1939 2089; x_wconf 90' lang='lat' dir='ltr'><strong>de</strong></span> <span class='ocrx_word' id='word_1_310' title='bbox 1954 2019 2049 2090; x_wconf 85' lang='lat' dir='ltr'><strong>Filio</strong></span> <span class='ocrx_word' id='word_1_311' title='bbox 2067 2018 2154 2105; x_wconf 90' lang='lat' dir='ltr'><strong>Dei,</strong></span> 
     </span>
     <span class='ocr_line' id='line_1_40' title="bbox 1162 2109 2154 2207; baseline 0.012 -27"><span class='ocrx_word' id='word_1_312' title='bbox 1162 2109 1319 2181; x_wconf 91' lang='lat' dir='ltr'><strong>Domino</strong></span> <span class='ocrx_word' id='word_1_313' title='bbox 1340 2125 1463 2183; x_wconf 90' lang='lat' dir='ltr'><strong>nostro</strong></span> <span class='ocrx_word' id='word_1_314' title='bbox 1490 2112 1569 2184; x_wconf 89' lang='lat' dir='ltr'><strong>lesu</strong></span> <span class='ocrx_word' id='word_1_315' title='bbox 1588 2112 1752 2198; x_wconf 89' lang='lat' dir='ltr'><strong>Christo,</strong></span> <span class='ocrx_word' id='word_1_316' title='bbox 1785 2122 1830 2190; x_wconf 89' lang='lat' dir='ltr'><strong>dc</strong></span> <span class='ocrx_word' id='word_1_317' title='bbox 1851 2121 2154 2207; x_wconf 82' lang='lat' dir='ltr'><strong>reconciliatione,</strong></span> 
     </span>
     <span class='ocr_line' id='line_1_41' title="bbox 1162 2212 2153 2310; baseline 0.011 -29"><span class='ocrx_word' id='word_1_318' title='bbox 1162 2212 1208 2281; x_wconf 90' lang='lat' dir='ltr'><strong>de</strong></span> <span class='ocrx_word' id='word_1_319' title='bbox 1233 2214 1400 2310; x_wconf 82' lang='lat' dir='ltr'><strong>praemiis</strong></span> <span class='ocrx_word' id='word_1_320' title='bbox 1434 2228 1470 2286; x_wconf 90' lang='lat' dir='ltr'><strong>et</strong></span> <span class='ocrx_word' id='word_1_321' title='bbox 1499 2218 1623 2307; x_wconf 88' lang='lat' dir='ltr'><strong>poenis</strong></span> <span class='ocrx_word' id='word_1_322' title='bbox 1651 2220 1813 2290; x_wconf 90' lang='lat' dir='ltr'><strong>aeternis.</strong></span> <span class='ocrx_word' id='word_1_323' title='bbox 1867 2220 1939 2310; x_wconf 86' lang='lat' dir='ltr'><strong>Qui</strong></span> <span class='ocrx_word' id='word_1_324' title='bbox 1966 2222 2077 2292; x_wconf 89' lang='lat' dir='ltr'><strong>credit</strong></span> <span class='ocrx_word' id='word_1_325' title='bbox 2110 2223 2153 2294; x_wconf 90' lang='lat' dir='ltr'><strong>in</strong></span> 
     </span>
     <span class='ocr_line' id='line_1_42' title="bbox 1161 2310 2153 2410; baseline 0.011 -28"><span class='ocrx_word' id='word_1_326' title='bbox 1161 2310 1317 2397; x_wconf 84' lang='lat' dir='ltr'><strong>Filium,</strong></span> <span class='ocrx_word' id='word_1_327' title='bbox 1340 2310 1445 2387; x_wconf 88' lang='lat' dir='ltr'><strong>habet</strong></span> <span class='ocrx_word' id='word_1_328' title='bbox 1469 2317 1578 2387; x_wconf 87' lang='lat' dir='ltr'><strong>vitam</strong></span> <span class='ocrx_word' id='word_1_329' title='bbox 1598 2332 1788 2397; x_wconf 85' lang='lat' dir='ltr'><strong>aeternam.</strong></span> <span class='ocrx_word' id='word_1_330' title='bbox 1839 2320 1912 2410; x_wconf 83' lang='lat' dir='ltr'><strong>Qui</strong></span> <span class='ocrx_word' id='word_1_331' title='bbox 1936 2319 2051 2394; x_wconf 88' lang='lat' dir='ltr'><strong>autem</strong></span> <span class='ocrx_word' id='word_1_332' title='bbox 2075 2347 2153 2393; x_wconf 91' lang='lat' dir='ltr'><strong>non</strong></span> 
     </span>
     <span class='ocr_line' id='line_1_43' title="bbox 1163 2412 2153 2503; baseline 0.011 -20"><span class='ocrx_word' id='word_1_333' title='bbox 1163 2413 1276 2485; x_wconf 87' lang='lat' dir='ltr'><strong>credit</strong></span> <span class='ocrx_word' id='word_1_334' title='bbox 1292 2412 1405 2501; x_wconf 86' lang='lat' dir='ltr'><strong>Filio,</strong></span> <span class='ocrx_word' id='word_1_335' title='bbox 1431 2441 1505 2487; x_wconf 93' lang='lat' dir='ltr'><strong>non</strong></span> <span class='ocrx_word' id='word_1_336' title='bbox 1526 2421 1663 2492; x_wconf 85' lang='lat' dir='ltr'><strong>videbit</strong></span> <span class='ocrx_word' id='word_1_337' title='bbox 1679 2423 1807 2503; x_wconf 86' lang='lat' dir='ltr'><strong>vitam,</strong></span> <span class='ocrx_word' id='word_1_338' title='bbox 1832 2425 1894 2492; x_wconf 87' lang='lat' dir='ltr'><strong>sed</strong></span> <span class='ocrx_word' id='word_1_339' title='bbox 1917 2423 1968 2493; x_wconf 87' lang='lat' dir='ltr'><strong>ira</strong></span> <span class='ocrx_word' id='word_1_340' title='bbox 1985 2420 2053 2494; x_wconf 91' lang='lat' dir='ltr'><strong>Dei</strong></span> <span class='ocrx_word' id='word_1_341' title='bbox 2072 2449 2153 2494; x_wconf 85' lang='lat' dir='ltr'><strong>rna·</strong></span> 
     </span>
     <span class='ocr_line' id='line_1_44' title="bbox 1162 2516 2152 2614; baseline 0.014 -32"><span class='ocrx_word' id='word_1_342' title='bbox 1162 2529 1223 2586; x_wconf 90' lang='lat' dir='ltr'><strong>net</strong></span> <span class='ocrx_word' id='word_1_343' title='bbox 1256 2516 1424 2586; x_wconf 89' lang='lat' dir='ltr'><strong>adversus</strong></span> <span class='ocrx_word' id='word_1_344' title='bbox 1457 2542 1549 2595; x_wconf 87' lang='lat' dir='ltr'><strong>eum.</strong></span> <span class='ocrx_word' id='word_1_345' title='bbox 1610 2520 1701 2593; x_wconf 92' lang='lat' dir='ltr'><strong>Vivo</strong></span> <span class='ocrx_word' id='word_1_346' title='bbox 1728 2546 1810 2614; x_wconf 89' lang='lat' dir='ltr'><strong>ego,</strong></span> <span class='ocrx_word' id='word_1_347' title='bbox 1847 2525 1934 2594; x_wconf 90' lang='lat' dir='ltr'><strong>dicit</strong></span> <span class='ocrx_word' id='word_1_348' title='bbox 1958 2521 2152 2606; x_wconf 89' lang='lat' dir='ltr'><strong>Dominus,</strong></span> 
     </span>
     <span class='ocr_line' id='line_1_45' title="bbox 1162 2615 2153 2710; baseline 0.015 -27"><span class='ocrx_word' id='word_1_349' title='bbox 1162 2615 1248 2685; x_wconf 92' lang='lat' dir='ltr'><strong>nolo</strong></span> <span class='ocrx_word' id='word_1_350' title='bbox 1280 2632 1431 2688; x_wconf 90' lang='lat' dir='ltr'><strong>mortem</strong></span> <span class='ocrx_word' id='word_1_351' title='bbox 1456 2622 1670 2710; x_wconf 90' lang='lat' dir='ltr'><strong>peccatoris,</strong></span> <span class='ocrx_word' id='word_1_352' title='bbox 1700 2627 1761 2693; x_wconf 91' lang='lat' dir='ltr'><strong>sed</strong></span> <span class='ocrx_word' id='word_1_353' title='bbox 1789 2637 1829 2695; x_wconf 94' lang='lat' dir='ltr'><strong>ut</strong></span> <span class='ocrx_word' id='word_1_354' title='bbox 1858 2638 2086 2697; x_wconf 88' lang='lat' dir='ltr'><strong>convertatur</strong></span> <span class='ocrx_word' id='word_1_355' title='bbox 2116 2640 2153 2698; x_wconf 89' lang='lat' dir='ltr'><strong>et</strong></span> 
     </span>
     <span class='ocr_line' id='line_1_46' title="bbox 1162 2717 2153 2819; baseline 0.014 -34"><span class='ocrx_word' id='word_1_356' title='bbox 1162 2717 1270 2790; x_wconf 87' lang='lat' dir='ltr'><strong>vivat.</strong></span> <span class='ocrx_word' id='word_1_357' title='bbox 1320 2717 1466 2789; x_wconf 87' lang='lat' dir='ltr'><strong>Credito</strong></span> <span class='ocrx_word' id='word_1_358' title='bbox 1483 2722 1548 2790; x_wconf 90' lang='lat' dir='ltr'><strong>tibi</strong></span> <span class='ocrx_word' id='word_1_359' title='bbox 1565 2723 1633 2813; x_wconf 92' lang='lat' dir='ltr'><strong>ipsi</strong></span> <span class='ocrx_word' id='word_1_360' title='bbox 1650 2737 1743 2794; x_wconf 92' lang='lat' dir='ltr'><strong>certo</strong></span> <span class='ocrx_word' id='word_1_361' title='bbox 1760 2726 1893 2796; x_wconf 89' lang='lat' dir='ltr'><strong>remitti</strong></span> <span class='ocrx_word' id='word_1_362' title='bbox 1910 2740 2048 2818; x_wconf 88' lang='lat' dir='ltr'><strong>peccata</strong></span> <span class='ocrx_word' id='word_1_363' title='bbox 2063 2749 2153 2819; x_wconf 87' lang='lat' dir='ltr'><strong>pro-</strong></span> 
     </span>
     <span class='ocr_line' id='line_1_47' title="bbox 1163 2815 2152 2917; baseline 0.013 -31"><span class='ocrx_word' id='word_1_364' title='bbox 1163 2831 1241 2910; x_wconf 90' lang='lat' dir='ltr'><strong>pter</strong></span> <span class='ocrx_word' id='word_1_365' title='bbox 1264 2815 1397 2887; x_wconf 87' lang='lat' dir='ltr'><strong>Filium</strong></span> <span class='ocrx_word' id='word_1_366' title='bbox 1422 2819 1507 2905; x_wconf 91' lang='lat' dir='ltr'><strong>Dei,</strong></span> <span class='ocrx_word' id='word_1_367' title='bbox 1532 2826 1635 2893; x_wconf 90' lang='lat' dir='ltr'><strong>crede</strong></span> <span class='ocrx_word' id='word_1_368' title='bbox 1654 2842 1799 2917; x_wconf 90' lang='lat' dir='ltr'><strong>propter</strong></span> <span class='ocrx_word' id='word_1_369' title='bbox 1817 2825 1951 2897; x_wconf 85' lang='lat' dir='ltr'><strong>Filium</strong></span> <span class='ocrx_word' id='word_1_370' title='bbox 1966 2825 2043 2898; x_wconf 56' lang='lat' dir='ltr'><strong>‘Dei</strong></span> <span class='ocrx_word' id='word_1_371' title='bbox 2069 2842 2152 2899; x_wconf 88' lang='lat' dir='ltr'><strong>tuos</strong></span> 
     </span>
     <span class='ocr_line' id='line_1_48' title="bbox 1161 2919 2152 3020; baseline 0.012 -32"><span class='ocrx_word' id='word_1_372' title='bbox 1161 2919 1330 3010; x_wconf 88' lang='lat' dir='ltr'><strong>gemitus,</strong></span> <span class='ocrx_word' id='word_1_373' title='bbox 1363 2931 1441 2990; x_wconf 90' lang='lat' dir='ltr'><strong>tuas</strong></span> <span class='ocrx_word' id='word_1_374' title='bbox 1462 2946 1581 3013; x_wconf 89' lang='lat' dir='ltr'><strong>preces</strong></span> <span class='ocrx_word' id='word_1_375' title='bbox 1602 2949 1622 2994; x_wconf 93' lang='lat' dir='ltr'><strong>a</strong></span> <span class='ocrx_word' id='word_1_376' title='bbox 1645 2924 1720 2996; x_wconf 91' lang='lat' dir='ltr'><strong>Deo</strong></span> <span class='ocrx_word' id='word_1_377' title='bbox 1744 2928 1865 3020; x_wconf 90' lang='lat' dir='ltr'><strong>recipi.</strong></span> <span class='ocrx_word' id='word_1_378' title='bbox 1921 2926 2020 2999; x_wconf 88' lang='lat' dir='ltr'><strong>Haec</strong></span> <span class='ocrx_word' id='word_1_379' title='bbox 2047 2930 2152 3001; x_wconf 89' lang='lat' dir='ltr'><strong>firma</strong></span> 
     </span>
     <span class='ocr_line' id='line_1_49' title="bbox 1162 3020 2151 3114; baseline 0.011 -24"><span class='ocrx_word' id='word_1_380' title='bbox 1162 3020 1374 3090; x_wconf 89' lang='lat' dir='ltr'><strong>adsensione</strong></span> <span class='ocrx_word' id='word_1_381' title='bbox 1403 3024 1648 3114; x_wconf 86' lang='lat' dir='ltr'><strong>amplectenda</strong></span> <span class='ocrx_word' id='word_1_382' title='bbox 1687 3041 1781 3099; x_wconf 89' lang='lat' dir='ltr'><strong>sunt.</strong></span> <span class='ocrx_word' id='word_1_383' title='bbox 1845 3026 1894 3100; x_wconf 87' lang='lat' dir='ltr'><strong>Et</strong></span> <span class='ocrx_word' id='word_1_384' title='bbox 1927 3030 2151 3101; x_wconf 88' lang='lat' dir='ltr'><strong>adsensionis</strong></span> 
     </span>
     <span class='ocr_line' id='line_1_50' title="bbox 1161 3123 2153 3221; baseline 0.011 -30"><span class='ocrx_word' id='word_1_385' title='bbox 1161 3143 1264 3191; x_wconf 88' lang='lat' dir='ltr'><strong>causa</strong></span> <span class='ocrx_word' id='word_1_386' title='bbox 1280 3123 1326 3191; x_wconf 88' lang='lat' dir='ltr'><strong>sit</strong></span> <span class='ocrx_word' id='word_1_387' title='bbox 1339 3124 1509 3194; x_wconf 88' lang='lat' dir='ltr'><strong>autoritas</strong></span> <span class='ocrx_word' id='word_1_388' title='bbox 1525 3127 1665 3211; x_wconf 88' lang='lat' dir='ltr'><strong>divina,</strong></span> <span class='ocrx_word' id='word_1_389' title='bbox 1691 3153 1760 3221; x_wconf 90' lang='lat' dir='ltr'><strong>qua</strong></span> <span class='ocrx_word' id='word_1_390' title='bbox 1783 3125 1849 3199; x_wconf 90' lang='lat' dir='ltr'><strong>hae</strong></span> <span class='ocrx_word' id='word_1_391' title='bbox 1872 3131 2065 3201; x_wconf 86' lang='lat' dir='ltr'><strong>sententiae</strong></span> <span class='ocrx_word' id='word_1_392' title='bbox 2082 3155 2153 3202; x_wconf 90' lang='lat' dir='ltr'><strong>no-</strong></span> 
     </span>
    </p>
   </div>
   <div class='ocr_carea' id='block_1_7' title="bbox 119 3222 2151 3925">
    <p class='ocr_par' dir='ltr' id='par_1_10' title="bbox 119 3222 2151 3925">
     <span class='ocr_line' id='line_1_51' title="bbox 121 3222 2151 3327; baseline 0 -27"><span class='ocrx_word' id='word_1_393' title='bbox 121 3231 216 3302; x_wconf 89' lang='lat' dir='ltr'><strong>tebat</strong></span> <span class='ocrx_word' id='word_1_394' title='bbox 232 3229 419 3299; x_wconf 87' lang='lat' dir='ltr'><strong>sententiis</strong></span> <span class='ocrx_word' id='word_1_395' title='bbox 436 3254 455 3298; x_wconf 92' lang='lat' dir='ltr'><strong>a</strong></span> <span class='ocrx_word' id='word_1_396' title='bbox 470 3226 546 3297; x_wconf 88' lang='lat' dir='ltr'><strong>Deo</strong></span> <span class='ocrx_word' id='word_1_397' title='bbox 564 3228 765 3317; x_wconf 84' lang='lat' dir='ltr'><strong>patefactis,</strong></span> <span class='ocrx_word' id='word_1_398' title='bbox 791 3227 930 3327; x_wconf 65' lang='lat' dir='ltr'><strong>etigpnsi</strong></span> <span class='ocrx_word' id='word_1_399' title='bbox 948 3228 1026 3297; x_wconf 92' lang='lat' dir='ltr'><strong>luce</strong></span> <span class='ocrx_word' id='word_1_400' title='bbox 1043 3249 1110 3296; x_wconf 88' lang='lat' dir='ltr'><strong>na·</strong></span> <span class='ocrx_word' id='word_1_401' title='bbox 1161 3222 1215 3292; x_wconf 89' lang='lat' dir='ltr'><strong>bis</strong></span> <span class='ocrx_word' id='word_1_402' title='bbox 1241 3222 1392 3292; x_wconf 89' lang='lat' dir='ltr'><strong>traditae</strong></span> <span class='ocrx_word' id='word_1_403' title='bbox 1412 3239 1495 3295; x_wconf 90' lang='lat' dir='ltr'><strong>sunt</strong></span> <span class='ocrx_word' id='word_1_404' title='bbox 1518 3240 1553 3298; x_wconf 88' lang='lat' dir='ltr'><strong>et</strong></span> <span class='ocrx_word' id='word_1_405' title='bbox 1575 3229 1800 3299; x_wconf 90' lang='lat' dir='ltr'><strong>confirmatae</strong></span> <span class='ocrx_word' id='word_1_406' title='bbox 1824 3231 2023 3303; x_wconf 88' lang='lat' dir='ltr'><strong>illustribus</strong></span> <span class='ocrx_word' id='word_1_407' title='bbox 2045 3233 2151 3303; x_wconf 88' lang='lat' dir='ltr'><strong>testi-</strong></span> 
     </span>
     <span class='ocr_line' id='line_1_52' title="bbox 121 3323 2147 3421; baseline 0.002 -21"><span class='ocrx_word' id='word_1_408' title='bbox 121 3329 586 3401; x_wconf 89' lang='lat' dir='ltr'><strong>turalinonvidemusesse</strong></span> <span class='ocrx_word' id='word_1_409' title='bbox 604 3338 762 3396; x_wconf 90' lang='lat' dir='ltr'><strong>veras-et</strong></span> <span class='ocrx_word' id='word_1_410' title='bbox 781 3327 910 3397; x_wconf 84' lang='lat' dir='ltr'><strong>firmas.</strong></span> <span class='ocrx_word' id='word_1_411' title='bbox 961 3325 1011 3399; x_wconf 90' lang='lat' dir='ltr'><strong>Ut</strong></span> <span class='ocrx_word' id='word_1_412' title='bbox 1030 3328 1124 3421; x_wconf 86' lang='lat' dir='ltr'><strong>sine</strong></span> <span class='ocrx_word' id='word_1_413' title='bbox 1160 3323 1313 3408; x_wconf 89' lang='lat' dir='ltr'><strong>moniis,</strong></span> <span class='ocrx_word' id='word_1_414' title='bbox 1346 3336 1387 3393; x_wconf 91' lang='lat' dir='ltr'><strong>ut</strong></span> <span class='ocrx_word' id='word_1_415' title='bbox 1411 3327 1678 3398; x_wconf 88' lang='lat' dir='ltr'><strong>resuscitatione</strong></span> <span class='ocrx_word' id='word_1_416' title='bbox 1704 3345 1952 3420; x_wconf 91' lang='lat' dir='ltr'><strong>mortuorum,</strong></span> <span class='ocrx_word' id='word_1_417' title='bbox 1990 3344 2025 3403; x_wconf 88' lang='lat' dir='ltr'><strong>et</strong></span> <span class='ocrx_word' id='word_1_418' title='bbox 2051 3332 2147 3404; x_wconf 91' lang='lat' dir='ltr'><strong>aliis.</strong></span> 
     </span>
     <span class='ocr_line' id='line_1_53' title="bbox 121 3422 2149 3516; baseline 0.002 -16"><span class='ocrx_word' id='word_1_419' title='bbox 121 3431 346 3501; x_wconf 83' lang='lat' dir='ltr'><strong>dubitatione</strong></span> <span class='ocrx_word' id='word_1_420' title='bbox 368 3430 635 3513; x_wconf 87' lang='lat' dir='ltr'><strong>adseveramus,</strong></span> <span class='ocrx_word' id='word_1_421' title='bbox 668 3427 723 3497; x_wconf 89' lang='lat' dir='ltr'><strong>bis</strong></span> <span class='ocrx_word' id='word_1_422' title='bbox 747 3424 773 3497; x_wconf 82' lang='lat'>4</span> <span class='ocrx_word' id='word_1_423' title='bbox 796 3450 868 3498; x_wconf 86' lang='lat' dir='ltr'><strong>esse</strong></span> <span class='ocrx_word' id='word_1_424' title='bbox 892 3427 932 3498; x_wconf 86' lang='lat'><strong>8:</strong></span> <span class='ocrx_word' id='word_1_425' title='bbox 967 3426 1016 3498; x_wconf 87' lang='lat' dir='ltr'><strong>ita</strong></span> <span class='ocrx_word' id='word_1_426' title='bbox 1036 3441 1108 3500; x_wconf 89' lang='lat' dir='ltr'><strong>sta-</strong></span> <span class='ocrx_word' id='word_1_427' title='bbox 1161 3422 1268 3495; x_wconf 89' lang='lat' dir='ltr'><strong>Mens</strong></span> <span class='ocrx_word' id='word_1_428' title='bbox 1284 3423 1393 3513; x_wconf 90' lang='lat' dir='ltr'><strong>igitur</strong></span> <span class='ocrx_word' id='word_1_429' title='bbox 1407 3426 1582 3516; x_wconf 87' lang='lat' dir='ltr'><strong>cogitans,</strong></span> <span class='ocrx_word' id='word_1_430' title='bbox 1607 3454 1670 3500; x_wconf 91' lang='lat' dir='ltr'><strong>cur</strong></span> <span class='ocrx_word' id='word_1_431' title='bbox 1686 3425 1752 3499; x_wconf 91' lang='lat' dir='ltr'><strong>hae</strong></span> <span class='ocrx_word' id='word_1_432' title='bbox 1769 3434 1963 3503; x_wconf 91' lang='lat' dir='ltr'><strong>sententiae</strong></span> <span class='ocrx_word' id='word_1_433' title='bbox 1979 3434 2149 3504; x_wconf 88' lang='lat' dir='ltr'><strong>immotae</strong></span> 
     </span>
     <span class='ocr_line' id='line_1_54' title="bbox 119 3524 2149 3626; baseline 0.001 -25"><span class='ocrx_word' id='word_1_434' title='bbox 119 3532 295 3603; x_wconf 89' lang='lat' dir='ltr'><strong>tuendum</strong></span> <span class='ocrx_word' id='word_1_435' title='bbox 324 3541 392 3615; x_wconf 89' lang='lat' dir='ltr'><strong>est,</strong></span> <span class='ocrx_word' id='word_1_436' title='bbox 431 3527 549 3623; x_wconf 79' lang='lat' dir='ltr'><strong>Deum</strong></span> <span class='ocrx_word' id='word_1_437' title='bbox 577 3528 811 3600; x_wconf 85' lang='lat' dir='ltr'><strong>excitaturum</strong></span> <span class='ocrx_word' id='word_1_438' title='bbox 840 3551 914 3599; x_wconf 89' lang='lat' dir='ltr'><strong>esse</strong></span> <span class='ocrx_word' id='word_1_439' title='bbox 944 3524 1109 3600; x_wconf 87' lang='lat' dir='ltr'><strong>homines</strong></span> <span class='ocrx_word' id='word_1_440' title='bbox 1159 3525 1253 3610; x_wconf 89' lang='lat' dir='ltr'><strong>sint,</strong></span> <span class='ocrx_word' id='word_1_441' title='bbox 1278 3525 1460 3597; x_wconf 88' lang='lat' dir='ltr'><strong>intueatur</strong></span> <span class='ocrx_word' id='word_1_442' title='bbox 1475 3541 1633 3599; x_wconf 91' lang='lat' dir='ltr'><strong>autorem</strong></span> <span class='ocrx_word' id='word_1_443' title='bbox 1649 3528 1785 3614; x_wconf 87' lang='lat' dir='ltr'><strong>Deum,</strong></span> <span class='ocrx_word' id='word_1_444' title='bbox 1811 3535 1872 3626; x_wconf 91' lang='lat' dir='ltr'><strong>qui</strong></span> <span class='ocrx_word' id='word_1_445' title='bbox 1888 3558 1924 3604; x_wconf 90' lang='lat' dir='ltr'><strong>se</strong></span> <span class='ocrx_word' id='word_1_446' title='bbox 1939 3533 1988 3605; x_wconf 90' lang='lat' dir='ltr'><strong>sic</strong></span> <span class='ocrx_word' id='word_1_447' title='bbox 2003 3535 2149 3623; x_wconf 88' lang='lat' dir='ltr'><strong>agnosci</strong></span> 
     </span>
     <span class='ocr_line' id='line_1_55' title="bbox 122 3627 2148 3723; baseline 0.002 -22"><span class='ocrx_word' id='word_1_448' title='bbox 122 3644 303 3717; x_wconf 91' lang='lat' dir='ltr'><strong>mortuos,</strong></span> <span class='ocrx_word' id='word_1_449' title='bbox 328 3643 363 3702; x_wconf 89' lang='lat' dir='ltr'><strong>et</strong></span> <span class='ocrx_word' id='word_1_450' title='bbox 380 3627 574 3701; x_wconf 82' lang='lat' dir='ltr'><strong>Ecclesiam</strong></span> <span class='ocrx_word' id='word_1_451' title='bbox 598 3643 808 3701; x_wconf 89' lang='lat' dir='ltr'><strong>ornaturum</strong></span> <span class='ocrx_word' id='word_1_452' title='bbox 824 3643 966 3701; x_wconf 88' lang='lat' dir='ltr'><strong>aeterna</strong></span> <span class='ocrx_word' id='word_1_453' title='bbox 984 3631 1109 3721; x_wconf 88' lang='lat' dir='ltr'><strong>gloria,</strong></span> <span class='ocrx_word' id='word_1_454' title='bbox 1160 3639 1195 3697; x_wconf 92' lang='lat' dir='ltr'><strong>et</strong></span> <span class='ocrx_word' id='word_1_455' title='bbox 1210 3627 1369 3696; x_wconf 91' lang='lat' dir='ltr'><strong>invocari</strong></span> <span class='ocrx_word' id='word_1_456' title='bbox 1386 3629 1481 3714; x_wconf 93' lang='lat' dir='ltr'><strong>vult,</strong></span> <span class='ocrx_word' id='word_1_457' title='bbox 1507 3631 1597 3700; x_wconf 88' lang='lat' dir='ltr'><strong>sicut</strong></span> <span class='ocrx_word' id='word_1_458' title='bbox 1615 3654 1652 3701; x_wconf 91' lang='lat' dir='ltr'><strong>se</strong></span> <span class='ocrx_word' id='word_1_459' title='bbox 1668 3634 1839 3723; x_wconf 84' lang='lat' dir='ltr'><strong>patefecit.</strong></span> <span class='ocrx_word' id='word_1_460' title='bbox 1890 3633 1965 3706; x_wconf 88' lang='lat' dir='ltr'><strong>Nec</strong></span> <span class='ocrx_word' id='word_1_461' title='bbox 1979 3635 2059 3706; x_wconf 89' lang='lat' dir='ltr'><strong>vult</strong></span> <span class='ocrx_word' id='word_1_462' title='bbox 2081 3657 2148 3705; x_wconf 88' lang='lat' dir='ltr'><strong>nos</strong></span> 
     </span>
     <span class='ocr_line' id='line_1_56' title="bbox 120 3721 2149 3824; baseline 0.002 -22"><span class='ocrx_word' id='word_1_463' title='bbox 120 3747 159 3804; x_wconf 89' lang='lat' dir='ltr'><strong>et</strong></span> <span class='ocrx_word' id='word_1_464' title='bbox 181 3733 309 3824; x_wconf 84' lang='lat' dir='ltr'><strong>impios</strong></span> <span class='ocrx_word' id='word_1_465' title='bbox 332 3731 553 3803; x_wconf 89' lang='lat' dir='ltr'><strong>abiecturum</strong></span> <span class='ocrx_word' id='word_1_466' title='bbox 580 3730 620 3800; x_wconf 92' lang='lat' dir='ltr'><strong>in</strong></span> <span class='ocrx_word' id='word_1_467' title='bbox 653 3745 813 3803; x_wconf 89' lang='lat' dir='ltr'><strong>aeternas</strong></span> <span class='ocrx_word' id='word_1_468' title='bbox 841 3754 984 3823; x_wconf 90' lang='lat' dir='ltr'><strong>poenas.</strong></span> <span class='ocrx_word' id='word_1_469' title='bbox 1037 3730 1108 3804; x_wconf 92' lang='lat' dir='ltr'><strong>Sed</strong></span> <span class='ocrx_word' id='word_1_470' title='bbox 1158 3721 1316 3798; x_wconf 88' lang='lat' dir='ltr'><strong>humana</strong></span> <span class='ocrx_word' id='word_1_471' title='bbox 1330 3731 1475 3799; x_wconf 90' lang='lat' dir='ltr'><strong>audacia</strong></span> <span class='ocrx_word' id='word_1_472' title='bbox 1498 3732 1621 3802; x_wconf 91' lang='lat' dir='ltr'><strong>ludere</strong></span> <span class='ocrx_word' id='word_1_473' title='bbox 1644 3735 1874 3824; x_wconf 88' lang='lat' dir='ltr'><strong>opinionibus</strong></span> <span class='ocrx_word' id='word_1_474' title='bbox 1890 3737 2004 3823; x_wconf 85' lang='lat' dir='ltr'><strong>dese,</strong></span> <span class='ocrx_word' id='word_1_475' title='bbox 2028 3749 2069 3808; x_wconf 92' lang='lat' dir='ltr'><strong>ut</strong></span> <span class='ocrx_word' id='word_1_476' title='bbox 2089 3737 2149 3807; x_wconf 90' lang='lat' dir='ltr'><strong>lu·</strong></span> 
     </span>
     <span class='ocr_line' id='line_1_57' title="bbox 121 3823 1794 3925; baseline 0.002 -22"><span class='ocrx_word' id='word_1_477' title='bbox 121 3833 227 3904; x_wconf 91' lang='lat' dir='ltr'><strong>multi</strong></span> <span class='ocrx_word' id='word_1_478' title='bbox 251 3833 481 3904; x_wconf 87' lang='lat' dir='ltr'><strong>audacissime</strong></span> <span class='ocrx_word' id='word_1_479' title='bbox 497 3847 697 3924; x_wconf 90' lang='lat' dir='ltr'><strong>repugnant</strong></span> <span class='ocrx_word' id='word_1_480' title='bbox 710 3833 845 3904; x_wconf 90' lang='lat' dir='ltr'><strong>divinis</strong></span> <span class='ocrx_word' id='word_1_481' title='bbox 869 3832 1043 3919; x_wconf 91' lang='lat' dir='ltr'><strong>oraculis,</strong></span> <span class='ocrx_word' id='word_1_482' title='bbox 1068 3846 1109 3904; x_wconf 92' lang='lat' dir='ltr'><strong>ut</strong></span> <span class='ocrx_word' id='word_1_483' title='bbox 1160 3842 1283 3899; x_wconf 89' lang='lat' dir='ltr'><strong>serunt</strong></span> <span class='ocrx_word' id='word_1_484' title='bbox 1298 3823 1462 3912; x_wconf 91' lang='lat' dir='ltr'><strong>Ethnici,</strong></span> <span class='ocrx_word' id='word_1_485' title='bbox 1489 3847 1550 3903; x_wconf 93' lang='lat' dir='ltr'><strong>aut</strong></span> <span class='ocrx_word' id='word_1_486' title='bbox 1568 3829 1794 3925; x_wconf 89' lang='lat' dir='ltr'><strong>Philosophi.</strong></span> 
     </span>
    </p>
   </div>
   <div class='ocr_carea' id='block_1_8' title="bbox 119 3926 2146 4027">
    <p class='ocr_par' dir='ltr' id='par_1_11' title="bbox 119 3926 2146 4027">
     <span class='ocr_line' id='line_1_58' title="bbox 119 3926 2146 4027; baseline 0.007 -32"><span class='ocrx_word' id='word_1_487' title='bbox 119 3929 291 4026; x_wconf 75' lang='lat' dir='ltr'><strong>Epicurei</strong></span> <span class='ocrx_word' id='word_1_488' title='bbox 312 3934 441 4009; x_wconf 80' lang='lat' dir='ltr'><strong>etalii,</strong></span> <span class='ocrx_word' id='word_1_489' title='bbox 490 3933 577 4004; x_wconf 80' lang='lat' dir='ltr'><strong>Pars</strong></span> <span class='ocrx_word' id='word_1_490' title='bbox 602 3950 720 4006; x_wconf 74' lang='lat' dir='ltr'><strong>tamen</strong></span> <span class='ocrx_word' id='word_1_491' title='bbox 741 3935 858 4027; x_wconf 78' lang='lat' dir='ltr'><strong>aliqua</strong></span> <span class='ocrx_word' id='word_1_492' title='bbox 882 3935 1018 4024; x_wconf 82' lang='lat' dir='ltr'><strong>generis</strong></span> <span class='ocrx_word' id='word_1_493' title='bbox 1039 3927 1108 4006; x_wconf 88' lang='lat' dir='ltr'><strong>hu·</strong></span> <span class='ocrx_word' id='word_1_494' title='bbox 1260 3926 1357 4000; x_wconf 78' lang='lat' dir='ltr'><strong>Haec</strong></span> <span class='ocrx_word' id='word_1_495' title='bbox 1382 3932 1536 4002; x_wconf 78' lang='lat' dir='ltr'><strong>brevitet·</strong></span> <span class='ocrx_word' id='word_1_496' title='bbox 1558 3935 1703 4005; x_wconf 77' lang='lat' dir='ltr'><strong>recitavi</strong></span> <span class='ocrx_word' id='word_1_497' title='bbox 1723 3939 1768 4006; x_wconf 86' lang='lat' dir='ltr'><strong>de</strong></span> <span class='ocrx_word' id='word_1_498' title='bbox 1790 3935 1902 4007; x_wconf 73' lang='lat' dir='ltr'><strong>causis</strong></span> <span class='ocrx_word' id='word_1_499' title='bbox 1921 3937 2146 4010; x_wconf 63' lang='lat' dir='ltr'><strong>certitudinis</strong></span> 
     </span>
    </p>
   </div>
   <div class='ocr_carea' id='block_1_9' title="bbox 1 4028 2147 4125">
    <p class='ocr_par' dir='ltr' id='par_1_12' title="bbox 1 4028 2147 4125">
     <span class='ocr_line' id='line_1_59' title="bbox 1 4028 2147 4125; baseline -0.001 -21"><span class='ocrx_word' id='word_1_500' title='bbox 1 4065 6 4076; x_wconf 65' lang='grc'>’</span> <span class='ocrx_word' id='word_1_501' title='bbox 120 4037 217 4106; x_wconf 84' lang='lat' dir='ltr'><strong>mani</strong></span> <span class='ocrx_word' id='word_1_502' title='bbox 242 4036 457 4120; x_wconf 91' lang='lat' dir='ltr'><strong>adsentitur,</strong></span> <span class='ocrx_word' id='word_1_503' title='bbox 489 4035 700 4105; x_wconf 86' lang='lat' dir='ltr'><strong>testimoniis</strong></span> <span class='ocrx_word' id='word_1_504' title='bbox 722 4030 976 4105; x_wconf 85' lang='lat' dir='ltr'><strong>miraculorum</strong></span> <span class='ocrx_word' id='word_1_505' title='bbox 998 4049 1108 4121; x_wconf 87' lang='lat' dir='ltr'><strong>mota,</strong></span> <span class='ocrx_word' id='word_1_506' title='bbox 1160 4030 1423 4113; x_wconf 86' lang='lat' dir='ltr'><strong>doctrinarum,</strong></span> <span class='ocrx_word' id='word_1_507' title='bbox 1458 4034 1541 4125; x_wconf 89' lang='lat' dir='ltr'><strong>quia</strong></span> <span class='ocrx_word' id='word_1_508' title='bbox 1564 4028 1651 4106; x_wconf 84' lang='lat' dir='ltr'><strong>haec</strong></span> <span class='ocrx_word' id='word_1_509' title='bbox 1678 4038 1913 4108; x_wconf 77' lang='lat' dir='ltr'><strong>consideratio</strong></span> <span class='ocrx_word' id='word_1_510' title='bbox 1936 4053 1971 4110; x_wconf 77' lang='lat' dir='ltr'><strong>et</strong></span> <span class='ocrx_word' id='word_1_511' title='bbox 1997 4041 2147 4110; x_wconf 80' lang='lat' dir='ltr'><strong>modum</strong></span> 
     </span>
    </p>
   </div>
   <div class='ocr_carea' id='block_1_10' title="bbox 15 4131 2188 5447">
    <p class='ocr_par' dir='ltr' id='par_1_13' title="bbox 15 4131 2188 5447">
     <span class='ocr_line' id='line_1_60' title="bbox 120 4131 2147 4232; baseline 0.002 -25"><span class='ocrx_word' id='word_1_512' title='bbox 120 4138 160 4207; x_wconf 88' lang='lat' dir='ltr'><strong>in</strong></span> <span class='ocrx_word' id='word_1_513' title='bbox 186 4162 256 4232; x_wconf 90' lang='lat' dir='ltr'><strong>qua</strong></span> <span class='ocrx_word' id='word_1_514' title='bbox 278 4161 363 4207; x_wconf 87' lang='lat' dir='ltr'><strong>voce</strong></span> <span class='ocrx_word' id='word_1_515' title='bbox 382 4132 570 4225; x_wconf 81' lang='lat' dir='ltr'><strong>Evangelii</strong></span> <span class='ocrx_word' id='word_1_516' title='bbox 594 4134 749 4228; x_wconf 88' lang='lat' dir='ltr'><strong>Spiritus</strong></span> <span class='ocrx_word' id='word_1_517' title='bbox 771 4149 913 4207; x_wconf 91' lang='lat' dir='ltr'><strong>sanctus</strong></span> <span class='ocrx_word' id='word_1_518' title='bbox 934 4131 1026 4207; x_wconf 90' lang='lat' dir='ltr'><strong>hanc</strong></span> <span class='ocrx_word' id='word_1_519' title='bbox 1049 4138 1108 4209; x_wconf 86' lang='lat' dir='ltr'><strong>lu·</strong></span> <span class='ocrx_word' id='word_1_520' title='bbox 1159 4131 1411 4204; x_wconf 88' lang='lat' dir='ltr'><strong>intellectionis</strong></span> <span class='ocrx_word' id='word_1_521' title='bbox 1430 4135 1595 4221; x_wconf 87' lang='lat' dir='ltr'><strong>illustrat,</strong></span> <span class='ocrx_word' id='word_1_522' title='bbox 1620 4150 1656 4208; x_wconf 87' lang='lat' dir='ltr'><strong>et</strong></span> <span class='ocrx_word' id='word_1_523' title='bbox 1671 4140 1837 4224; x_wconf 89' lang='lat' dir='ltr'><strong>ostendit,</strong></span> <span class='ocrx_word' id='word_1_524' title='bbox 1861 4142 1958 4211; x_wconf 87' lang='lat' dir='ltr'><strong>unde</strong></span> <span class='ocrx_word' id='word_1_525' title='bbox 1972 4141 2020 4213; x_wconf 89' lang='lat' dir='ltr'><strong>sit</strong></span> <span class='ocrx_word' id='word_1_526' title='bbox 2032 4140 2147 4210; x_wconf 91' lang='lat' dir='ltr'><strong>firmi-</strong></span> 
     </span>
     <span class='ocr_line' id='line_1_61' title="bbox 122 4234 2146 4323; baseline 0.001 -15"><span class='ocrx_word' id='word_1_527' title='bbox 122 4263 195 4308; x_wconf 90' lang='lat' dir='ltr'><strong>eem</strong></span> <span class='ocrx_word' id='word_1_528' title='bbox 213 4237 390 4323; x_wconf 76' lang='lat' dir='ltr'><strong>accendit,</strong></span> <span class='ocrx_word' id='word_1_529' title='bbox 417 4249 451 4307; x_wconf 91' lang='lat' dir='ltr'><strong>et</strong></span> <span class='ocrx_word' id='word_1_530' title='bbox 468 4234 579 4307; x_wconf 88' lang='lat' dir='ltr'><strong>flectit</strong></span> <span class='ocrx_word' id='word_1_531' title='bbox 592 4250 748 4308; x_wconf 90' lang='lat' dir='ltr'><strong>mentem</strong></span> <span class='ocrx_word' id='word_1_532' title='bbox 763 4240 805 4308; x_wconf 90' lang='lat' dir='ltr'><strong>ad</strong></span> <span class='ocrx_word' id='word_1_533' title='bbox 824 4238 1109 4320; x_wconf 89' lang='lat' dir='ltr'><strong>adsentiendum,</strong></span> <span class='ocrx_word' id='word_1_534' title='bbox 1158 4246 1212 4304; x_wconf 90' lang='lat' dir='ltr'><strong>tas</strong></span> <span class='ocrx_word' id='word_1_535' title='bbox 1227 4235 1451 4310; x_wconf 79' lang='lat' dir='ltr'><strong>notitiarum.</strong></span> <span class='ocrx_word' id='word_1_536' title='bbox 1501 4235 1703 4308; x_wconf 88' lang='lat' dir='ltr'><strong>Necessaria</strong></span> <span class='ocrx_word' id='word_1_537' title='bbox 1719 4252 1772 4309; x_wconf 90' lang='lat' dir='ltr'><strong>est</strong></span> <span class='ocrx_word' id='word_1_538' title='bbox 1786 4254 1903 4312; x_wconf 87' lang='lat' dir='ltr'><strong>autem</strong></span> <span class='ocrx_word' id='word_1_539' title='bbox 1919 4241 1958 4310; x_wconf 91' lang='lat' dir='ltr'><strong>in</strong></span> <span class='ocrx_word' id='word_1_540' title='bbox 1979 4252 2054 4313; x_wconf 89' lang='lat' dir='ltr'><strong>tota</strong></span> <span class='ocrx_word' id='word_1_541' title='bbox 2071 4242 2146 4313; x_wconf 89' lang='lat' dir='ltr'><strong>vita</strong></span> 
     </span>
     <span class='ocr_line' id='line_1_62' title="bbox 123 4326 2188 4431; baseline 0.002 -25"><span class='ocrx_word' id='word_1_542' title='bbox 123 4354 158 4410; x_wconf 92' lang='lat' dir='ltr'><strong>et</strong></span> <span class='ocrx_word' id='word_1_543' title='bbox 176 4363 276 4409; x_wconf 88' lang='lat' dir='ltr'><strong>mens</strong></span> <span class='ocrx_word' id='word_1_544' title='bbox 296 4326 519 4428; x_wconf 69' lang='lat' dir='ltr'><strong>&#39;obtemperat</strong></span> <span class='ocrx_word' id='word_1_545' title='bbox 539 4336 691 4429; x_wconf 91' lang='lat' dir='ltr'><strong>Spiritui</strong></span> <span class='ocrx_word' id='word_1_546' title='bbox 717 4352 858 4424; x_wconf 90' lang='lat' dir='ltr'><strong>sancto,</strong></span> <span class='ocrx_word' id='word_1_547' title='bbox 885 4339 1109 4431; x_wconf 88' lang='lat' dir='ltr'><strong>amplectitur</strong></span> <span class='ocrx_word' id='word_1_548' title='bbox 1159 4329 1346 4405; x_wconf 88' lang='lat' dir='ltr'><strong>hominum</strong></span> <span class='ocrx_word' id='word_1_549' title='bbox 1376 4331 1462 4407; x_wconf 90' lang='lat' dir='ltr'><strong>haec</strong></span> <span class='ocrx_word' id='word_1_550' title='bbox 1494 4339 1699 4428; x_wconf 88' lang='lat' dir='ltr'><strong>diligentia,</strong></span> <span class='ocrx_word' id='word_1_551' title='bbox 1738 4342 1967 4413; x_wconf 88' lang='lat' dir='ltr'><strong>discernendi</strong></span> <span class='ocrx_word' id='word_1_552' title='bbox 1996 4343 2148 4413; x_wconf 88' lang='lat' dir='ltr'><strong>noticias</strong></span> <span class='ocrx_word' id='word_1_553' title='bbox 2185 4353 2188 4356; x_wconf 82' lang='grc'><strong>’</strong></span> 
     </span>
     <span class='ocr_line' id='line_1_63' title="bbox 122 4437 2147 4531; baseline 0.003 -25"><span class='ocrx_word' id='word_1_554' title='bbox 122 4463 245 4509; x_wconf 90' lang='lat' dir='ltr'><strong>vocem</strong></span> <span class='ocrx_word' id='word_1_555' title='bbox 275 4439 482 4531; x_wconf 86' lang='lat' dir='ltr'><strong>Evangelii,</strong></span> <span class='ocrx_word' id='word_1_556' title='bbox 512 4453 546 4509; x_wconf 89' lang='lat' dir='ltr'><strong>et</strong></span> <span class='ocrx_word' id='word_1_557' title='bbox 573 4452 747 4529; x_wconf 88' lang='lat' dir='ltr'><strong>repugnat</strong></span> <span class='ocrx_word' id='word_1_558' title='bbox 779 4440 1008 4515; x_wconf 85' lang='lat' dir='ltr'><strong>dubitationi.</strong></span> <span class='ocrx_word' id='word_1_559' title='bbox 1058 4437 1108 4511; x_wconf 90' lang='lat' dir='ltr'><strong>Et</strong></span> <span class='ocrx_word' id='word_1_560' title='bbox 1158 4451 1269 4508; x_wconf 89' lang='lat' dir='ltr'><strong>certas</strong></span> <span class='ocrx_word' id='word_1_561' title='bbox 1284 4439 1330 4506; x_wconf 92' lang='lat' dir='ltr'><strong>ab</strong></span> <span class='ocrx_word' id='word_1_562' title='bbox 1347 4439 1508 4521; x_wconf 92' lang='lat' dir='ltr'><strong>incertis,</strong></span> <span class='ocrx_word' id='word_1_563' title='bbox 1536 4462 1639 4531; x_wconf 90' lang='lat' dir='ltr'><strong>saepe</strong></span> <span class='ocrx_word' id='word_1_564' title='bbox 1657 4442 1753 4509; x_wconf 86' lang='lat' dir='ltr'><strong>enirn</strong></span> <span class='ocrx_word' id='word_1_565' title='bbox 1778 4457 1962 4515; x_wconf 88' lang='lat' dir='ltr'><strong>accersunt</strong></span> <span class='ocrx_word' id='word_1_566' title='bbox 1981 4438 2147 4523; x_wconf 82' lang='lat' dir='ltr'><strong>homines</strong></span> 
     </span>
     <span class='ocr_line' id='line_1_64' title="bbox 121 4537 2146 4636; baseline 0.003 -26"><span class='ocrx_word' id='word_1_567' title='bbox 121 4537 210 4610; x_wconf 91' lang='lat' dir='ltr'><strong>haec</strong></span> <span class='ocrx_word' id='word_1_568' title='bbox 237 4540 400 4611; x_wconf 88' lang='lat' dir='ltr'><strong>adsensio</strong></span> <span class='ocrx_word' id='word_1_569' title='bbox 418 4565 509 4636; x_wconf 86' lang='lat' dir='ltr'><strong>quae</strong></span> <span class='ocrx_word' id='word_1_570' title='bbox 532 4540 760 4634; x_wconf 86' lang='lat' dir='ltr'><strong>amplectitur</strong></span> <span class='ocrx_word' id='word_1_571' title='bbox 781 4543 972 4612; x_wconf 87' lang='lat' dir='ltr'><strong>sententias</strong></span> <span class='ocrx_word' id='word_1_572' title='bbox 996 4537 1107 4612; x_wconf 90' lang='lat' dir='ltr'><strong>aDeo</strong></span> <span class='ocrx_word' id='word_1_573' title='bbox 1158 4538 1228 4609; x_wconf 91' lang='lat' dir='ltr'><strong>sibi</strong></span> <span class='ocrx_word' id='word_1_574' title='bbox 1247 4551 1282 4608; x_wconf 89' lang='lat' dir='ltr'><strong>et</strong></span> <span class='ocrx_word' id='word_1_575' title='bbox 1298 4539 1377 4607; x_wconf 89' lang='lat' dir='ltr'><strong>aliis</strong></span> <span class='ocrx_word' id='word_1_576' title='bbox 1394 4562 1536 4630; x_wconf 87' lang='lat' dir='ltr'><strong>magnas</strong></span> <span class='ocrx_word' id='word_1_577' title='bbox 1550 4541 1776 4628; x_wconf 87' lang='lat' dir='ltr'><strong>calamitates,</strong></span> <span class='ocrx_word' id='word_1_578' title='bbox 1802 4569 1881 4615; x_wconf 89' lang='lat' dir='ltr'><strong>cum</strong></span> <span class='ocrx_word' id='word_1_579' title='bbox 1896 4544 2146 4616; x_wconf 87' lang='lat' dir='ltr'><strong>adsentiuntur</strong></span> 
     </span>
     <span class='ocr_line' id='line_1_65' title="bbox 15 4633 2145 4739; baseline 0.005 -31"><span class='ocrx_word' id='word_1_580' title='bbox 15 4729 19 4739; x_wconf 22' lang='grc'>1</span> <span class='ocrx_word' id='word_1_581' title='bbox 120 4641 326 4732; x_wconf 87' lang='lat' dir='ltr'><strong>patefactas,</strong></span> <span class='ocrx_word' id='word_1_582' title='bbox 359 4644 490 4715; x_wconf 90' lang='lat' dir='ltr'><strong>dicitur</strong></span> <span class='ocrx_word' id='word_1_583' title='bbox 509 4641 634 4730; x_wconf 84' lang='lat' dir='ltr'><strong>Fides,</strong></span> <span class='ocrx_word' id='word_1_584' title='bbox 665 4665 756 4736; x_wconf 90' lang='lat' dir='ltr'><strong>quae</strong></span> <span class='ocrx_word' id='word_1_585' title='bbox 785 4642 929 4735; x_wconf 87' lang='lat' dir='ltr'><strong>quidem</strong></span> <span class='ocrx_word' id='word_1_586' title='bbox 957 4644 995 4711; x_wconf 92' lang='lat' dir='ltr'><strong>in</strong></span> <span class='ocrx_word' id='word_1_587' title='bbox 1026 4643 1108 4712; x_wconf 87' lang='lat' dir='ltr'><strong>aliis</strong></span> <span class='ocrx_word' id='word_1_588' title='bbox 1156 4633 1255 4710; x_wconf 88' lang='lat' dir='ltr'><strong>falsis</strong></span> <span class='ocrx_word' id='word_1_589' title='bbox 1268 4652 1328 4711; x_wconf 91' lang='lat' dir='ltr'><strong>aut</strong></span> <span class='ocrx_word' id='word_1_590' title='bbox 1343 4640 1507 4727; x_wconf 89' lang='lat' dir='ltr'><strong>incertis,</strong></span> <span class='ocrx_word' id='word_1_591' title='bbox 1534 4666 1623 4735; x_wconf 91' lang='lat' dir='ltr'><strong>quae</strong></span> <span class='ocrx_word' id='word_1_592' title='bbox 1638 4657 1764 4733; x_wconf 89' lang='lat' dir='ltr'><strong>putant</strong></span> <span class='ocrx_word' id='word_1_593' title='bbox 1780 4667 1853 4715; x_wconf 86' lang='lat' dir='ltr'><strong>esse</strong></span> <span class='ocrx_word' id='word_1_594' title='bbox 1869 4669 1952 4716; x_wconf 91' lang='lat' dir='ltr'><strong>vera</strong></span> <span class='ocrx_word' id='word_1_595' title='bbox 1975 4659 2009 4716; x_wconf 90' lang='lat' dir='ltr'><strong>et</strong></span> <span class='ocrx_word' id='word_1_596' title='bbox 2031 4645 2145 4720; x_wconf 86' lang='lat' dir='ltr'><strong>firma.</strong></span> 
     </span>
     <span class='ocr_line' id='line_1_66' title="bbox 120 4737 2145 4821; baseline 0 -7"><span class='ocrx_word' id='word_1_597' title='bbox 120 4741 259 4814; x_wconf 87' lang='lat' dir='ltr'><strong>firmior</strong></span> <span class='ocrx_word' id='word_1_598' title='bbox 279 4753 341 4814; x_wconf 89' lang='lat' dir='ltr'><strong>est.</strong></span> <span class='ocrx_word' id='word_1_599' title='bbox 390 4742 463 4812; x_wconf 90' lang='lat' dir='ltr'><strong>Nec</strong></span> <span class='ocrx_word' id='word_1_600' title='bbox 484 4745 560 4815; x_wconf 87' lang='lat' dir='ltr'><strong>leve</strong></span> <span class='ocrx_word' id='word_1_601' title='bbox 581 4743 793 4817; x_wconf 88' lang='lat' dir='ltr'><strong>heneficium</strong></span> <span class='ocrx_word' id='word_1_602' title='bbox 812 4740 882 4813; x_wconf 89' lang='lat' dir='ltr'><strong>Dei</strong></span> <span class='ocrx_word' id='word_1_603' title='bbox 905 4765 977 4812; x_wconf 88' lang='lat' dir='ltr'><strong>esse</strong></span> <span class='ocrx_word' id='word_1_604' title='bbox 997 4745 1107 4815; x_wconf 88' lang='lat' dir='ltr'><strong>duca·</strong></span> <span class='ocrx_word' id='word_1_605' title='bbox 1158 4737 1226 4821; x_wconf 89' lang='lat' dir='ltr'><strong>Ut,</strong></span> <span class='ocrx_word' id='word_1_606' title='bbox 1251 4738 1433 4813; x_wconf 87' lang='lat' dir='ltr'><strong>Antonius</strong></span> <span class='ocrx_word' id='word_1_607' title='bbox 1447 4766 1488 4812; x_wconf 85' lang='lat' dir='ltr'><strong>ex</strong></span> <span class='ocrx_word' id='word_1_608' title='bbox 1505 4744 1617 4813; x_wconf 91' lang='lat' dir='ltr'><strong>causis</strong></span> <span class='ocrx_word' id='word_1_609' title='bbox 1632 4768 1707 4812; x_wconf 93' lang='lat' dir='ltr'><strong>non</strong></span> <span class='ocrx_word' id='word_1_610' title='bbox 1727 4745 1984 4819; x_wconf 86' lang='lat' dir='ltr'><strong>sufficientibus</strong></span> <span class='ocrx_word' id='word_1_611' title='bbox 2001 4746 2145 4818; x_wconf 89' lang='lat' dir='ltr'><strong>ratioci-</strong></span> 
     </span>
     <span class='ocr_line' id='line_1_67' title="bbox 116 4843 2145 4940; baseline 0.002 -29"><span class='ocrx_word' id='word_1_612' title='bbox 116 4863 221 4927; x_wconf 85' lang='lat' dir='ltr'><strong>mus,</strong></span> <span class='ocrx_word' id='word_1_613' title='bbox 247 4845 343 4936; x_wconf 90' lang='lat' dir='ltr'><strong>quod</strong></span> <span class='ocrx_word' id='word_1_614' title='bbox 361 4865 403 4911; x_wconf 84' lang='lat' dir='ltr'><strong>er</strong></span> <span class='ocrx_word' id='word_1_615' title='bbox 425 4843 487 4912; x_wconf 92' lang='lat' dir='ltr'><strong>illa</strong></span> <span class='ocrx_word' id='word_1_616' title='bbox 502 4866 564 4914; x_wconf 92' lang='lat' dir='ltr'><strong>sua</strong></span> <span class='ocrx_word' id='word_1_617' title='bbox 586 4868 714 4916; x_wconf 89' lang='lat' dir='ltr'><strong>arcana</strong></span> <span class='ocrx_word' id='word_1_618' title='bbox 736 4845 817 4914; x_wconf 89' lang='lat' dir='ltr'><strong>sede</strong></span> <span class='ocrx_word' id='word_1_619' title='bbox 840 4843 991 4934; x_wconf 90' lang='lat' dir='ltr'><strong>prodiit,</strong></span> <span class='ocrx_word' id='word_1_620' title='bbox 1015 4857 1050 4915; x_wconf 87' lang='lat' dir='ltr'><strong>ct</strong></span> <span class='ocrx_word' id='word_1_621' title='bbox 1070 4869 1108 4914; x_wconf 86' lang='lat' dir='ltr'><strong>se</strong></span> <span class='ocrx_word' id='word_1_622' title='bbox 1157 4854 1281 4927; x_wconf 89' lang='lat' dir='ltr'><strong>natur,</strong></span> <span class='ocrx_word' id='word_1_623' title='bbox 1304 4865 1340 4913; x_wconf 92' lang='lat' dir='ltr'><strong>se</strong></span> <span class='ocrx_word' id='word_1_624' title='bbox 1353 4867 1455 4935; x_wconf 88' lang='lat' dir='ltr'><strong>posse</strong></span> <span class='ocrx_word' id='word_1_625' title='bbox 1470 4856 1545 4916; x_wconf 89' lang='lat' dir='ltr'><strong>toto</strong></span> <span class='ocrx_word' id='word_1_626' title='bbox 1561 4844 1712 4932; x_wconf 92' lang='lat' dir='ltr'><strong>imperio</strong></span> <span class='ocrx_word' id='word_1_627' title='bbox 1732 4846 1857 4938; x_wconf 91' lang='lat' dir='ltr'><strong>potiri,</strong></span> <span class='ocrx_word' id='word_1_628' title='bbox 1882 4849 1967 4940; x_wconf 92' lang='lat' dir='ltr'><strong>quia</strong></span> <span class='ocrx_word' id='word_1_629' title='bbox 1982 4848 2028 4918; x_wconf 88' lang='lat' dir='ltr'><strong>sit</strong></span> <span class='ocrx_word' id='word_1_630' title='bbox 2046 4848 2145 4939; x_wconf 88' lang='lat' dir='ltr'><strong>peri-</strong></span> 
     </span>
     <span class='ocr_line' id='line_1_68' title="bbox 121 4941 2145 5038; baseline 0.003 -26"><span class='ocrx_word' id='word_1_631' title='bbox 121 4946 226 5013; x_wconf 87' lang='lat' dir='ltr'><strong>nobis</strong></span> <span class='ocrx_word' id='word_1_632' title='bbox 241 4944 416 5035; x_wconf 84' lang='lat' dir='ltr'><strong>patefecit,</strong></span> <span class='ocrx_word' id='word_1_633' title='bbox 442 4956 476 5013; x_wconf 89' lang='lat' dir='ltr'><strong>et</strong></span> <span class='ocrx_word' id='word_1_634' title='bbox 490 4967 529 5013; x_wconf 92' lang='lat' dir='ltr'><strong>ea</strong></span> <span class='ocrx_word' id='word_1_635' title='bbox 544 4947 775 5035; x_wconf 78' lang='lat' dir='ltr'><strong>patefactione</strong></span> <span class='ocrx_word' id='word_1_636' title='bbox 790 4956 935 5015; x_wconf 87' lang='lat' dir='ltr'><strong>testatus</strong></span> <span class='ocrx_word' id='word_1_637' title='bbox 950 4957 1014 5029; x_wconf 88' lang='lat' dir='ltr'><strong>est,</strong></span> <span class='ocrx_word' id='word_1_638' title='bbox 1038 4945 1106 5015; x_wconf 90' lang='lat' dir='ltr'><strong>sibi</strong></span> <span class='ocrx_word' id='word_1_639' title='bbox 1157 4943 1229 5013; x_wconf 93' lang='lat' dir='ltr'><strong>tior</strong></span> <span class='ocrx_word' id='word_1_640' title='bbox 1242 4943 1452 5035; x_wconf 88' lang='lat' dir='ltr'><strong>imperator,</strong></span> <span class='ocrx_word' id='word_1_641' title='bbox 1477 4968 1583 5038; x_wconf 90' lang='lat' dir='ltr'><strong>quam</strong></span> <span class='ocrx_word' id='word_1_642' title='bbox 1602 4941 1793 5033; x_wconf 88' lang='lat' dir='ltr'><strong>Octavius,</strong></span> <span class='ocrx_word' id='word_1_643' title='bbox 1816 4961 1851 5020; x_wconf 90' lang='lat' dir='ltr'><strong>et</strong></span> <span class='ocrx_word' id='word_1_644' title='bbox 1867 4944 1996 5020; x_wconf 88' lang='lat' dir='ltr'><strong>habeat</strong></span> <span class='ocrx_word' id='word_1_645' title='bbox 2010 4947 2145 5018; x_wconf 79' lang='lat' dir='ltr'><strong>exerci-</strong></span> 
     </span>
     <span class='ocr_line' id='line_1_69' title="bbox 122 5039 2146 5140; baseline 0.003 -28"><span class='ocrx_word' id='word_1_646' title='bbox 122 5069 202 5114; x_wconf 93' lang='lat' dir='ltr'><strong>vere</strong></span> <span class='ocrx_word' id='word_1_647' title='bbox 217 5069 326 5134; x_wconf 87' lang='lat' dir='ltr'><strong>genus</strong></span> <span class='ocrx_word' id='word_1_648' title='bbox 341 5039 539 5115; x_wconf 88' lang='lat' dir='ltr'><strong>humanum</strong></span> <span class='ocrx_word' id='word_1_649' title='bbox 555 5070 659 5116; x_wconf 89' lang='lat' dir='ltr'><strong>curae</strong></span> <span class='ocrx_word' id='word_1_650' title='bbox 674 5071 759 5121; x_wconf 89' lang='lat' dir='ltr'><strong>esse.</strong></span> <span class='ocrx_word' id='word_1_651' title='bbox 810 5044 866 5117; x_wconf 92' lang='lat' dir='ltr'><strong>Sit</strong></span> <span class='ocrx_word' id='word_1_652' title='bbox 881 5045 991 5133; x_wconf 89' lang='lat' dir='ltr'><strong>igitur</strong></span> <span class='ocrx_word' id='word_1_653' title='bbox 1008 5060 1107 5136; x_wconf 89' lang='lat' dir='ltr'><strong>pate·</strong></span> <span class='ocrx_word' id='word_1_654' title='bbox 1156 5057 1214 5115; x_wconf 88' lang='lat' dir='ltr'><strong>tus</strong></span> <span class='ocrx_word' id='word_1_655' title='bbox 1228 5045 1390 5116; x_wconf 88' lang='lat' dir='ltr'><strong>maiores.</strong></span> <span class='ocrx_word' id='word_1_656' title='bbox 1441 5045 1524 5116; x_wconf 90' lang='lat' dir='ltr'><strong>Non</strong></span> <span class='ocrx_word' id='word_1_657' title='bbox 1540 5047 1830 5140; x_wconf 86' lang='lat' dir='ltr'><strong>sequiturautem</strong></span> <span class='ocrx_word' id='word_1_658' title='bbox 1846 5051 2041 5120; x_wconf 88' lang='lat' dir='ltr'><strong>neccssaria</strong></span> <span class='ocrx_word' id='word_1_659' title='bbox 2057 5073 2146 5119; x_wconf 92' lang='lat' dir='ltr'><strong>con·</strong></span> 
     </span>
     <span class='ocr_line' id='line_1_70' title="bbox 120 5147 2174 5244; baseline 0.003 -28"><span class='ocrx_word' id='word_1_660' title='bbox 120 5147 225 5216; x_wconf 86' lang='lat' dir='ltr'><strong>factio</strong></span> <span class='ocrx_word' id='word_1_661' title='bbox 247 5147 308 5216; x_wconf 91' lang='lat' dir='ltr'><strong>illa</strong></span> <span class='ocrx_word' id='word_1_662' title='bbox 332 5147 561 5236; x_wconf 89' lang='lat' dir='ltr'><strong>praecipuum</strong></span> <span class='ocrx_word' id='word_1_663' title='bbox 589 5147 683 5217; x_wconf 89' lang='lat' dir='ltr'><strong>vitae</strong></span> <span class='ocrx_word' id='word_1_664' title='bbox 705 5149 847 5234; x_wconf 82' lang='lat' dir='ltr'><strong>lumen,</strong></span> <span class='ocrx_word' id='word_1_665' title='bbox 880 5163 915 5220; x_wconf 88' lang='lat' dir='ltr'><strong>et</strong></span> <span class='ocrx_word' id='word_1_666' title='bbox 934 5148 1106 5236; x_wconf 83' lang='lat' dir='ltr'><strong>gubernet</strong></span> <span class='ocrx_word' id='word_1_667' title='bbox 1156 5148 1350 5238; x_wconf 89' lang='lat' dir='ltr'><strong>sequentia,</strong></span> <span class='ocrx_word' id='word_1_668' title='bbox 1370 5147 1530 5219; x_wconf 88' lang='lat' dir='ltr'><strong>sutorum</strong></span> <span class='ocrx_word' id='word_1_669' title='bbox 1546 5170 1619 5217; x_wconf 87' lang='lat' dir='ltr'><strong>esse</strong></span> <span class='ocrx_word' id='word_1_670' title='bbox 1633 5149 1802 5221; x_wconf 89' lang='lat' dir='ltr'><strong>victorem</strong></span> <span class='ocrx_word' id='word_1_671' title='bbox 1816 5175 1910 5234; x_wconf 90' lang='lat' dir='ltr'><strong>eum,</strong></span> <span class='ocrx_word' id='word_1_672' title='bbox 1934 5152 1997 5244; x_wconf 90' lang='lat' dir='ltr'><strong>qui</strong></span> <span class='ocrx_word' id='word_1_673' title='bbox 2012 5164 2063 5221; x_wconf 88' lang='lat' dir='ltr'><strong>est</strong></span> <span class='ocrx_word' id='word_1_674' title='bbox 2079 5175 2144 5242; x_wconf 91' lang='lat' dir='ltr'><strong>pe·</strong></span> <span class='ocrx_word' id='word_1_675' title='bbox 2168 5204 2174 5211; x_wconf 80' lang='lat'>-</span> 
     </span>
     <span class='ocr_line' id='line_1_71' title="bbox 119 5243 2145 5345; baseline 0.001 -27"><span class='ocrx_word' id='word_1_676' title='bbox 119 5270 243 5319; x_wconf 92' lang='lat' dir='ltr'><strong>omnes</strong></span> <span class='ocrx_word' id='word_1_677' title='bbox 264 5246 420 5318; x_wconf 87' lang='lat' dir='ltr'><strong>actiones</strong></span> <span class='ocrx_word' id='word_1_678' title='bbox 445 5261 478 5335; x_wconf 83' lang='lat' dir='ltr'><strong>et</strong></span> <span class='ocrx_word' id='word_1_679' title='bbox 498 5245 618 5328; x_wconf 84' lang='lat' dir='ltr'><strong>omnia</strong></span> <span class='ocrx_word' id='word_1_680' title='bbox 647 5250 805 5324; x_wconf 86' lang='lat' dir='ltr'><strong>consilia.</strong></span> <span class='ocrx_word' id='word_1_681' title='bbox 856 5243 904 5320; x_wconf 87' lang='lat' dir='ltr'><strong>Et</strong></span> <span class='ocrx_word' id='word_1_682' title='bbox 924 5249 962 5317; x_wconf 91' lang='lat' dir='ltr'><strong>in</strong></span> <span class='ocrx_word' id='word_1_683' title='bbox 986 5248 1106 5341; x_wconf 92' lang='lat' dir='ltr'><strong>quoti·</strong></span> <span class='ocrx_word' id='word_1_684' title='bbox 1154 5247 1276 5333; x_wconf 90' lang='lat' dir='ltr'><strong>ritior,</strong></span> <span class='ocrx_word' id='word_1_685' title='bbox 1298 5261 1332 5318; x_wconf 89' lang='lat' dir='ltr'><strong>et</strong></span> <span class='ocrx_word' id='word_1_686' title='bbox 1346 5244 1454 5340; x_wconf 84' lang='lat' dir='ltr'><strong>hebet</strong></span> <span class='ocrx_word' id='word_1_687' title='bbox 1470 5249 1620 5318; x_wconf 90' lang='lat' dir='ltr'><strong>maiores</strong></span> <span class='ocrx_word' id='word_1_688' title='bbox 1635 5253 1823 5335; x_wconf 84' lang='lat' dir='ltr'><strong>exercitus,</strong></span> <span class='ocrx_word' id='word_1_689' title='bbox 1849 5253 1933 5345; x_wconf 90' lang='lat' dir='ltr'><strong>quia</strong></span> <span class='ocrx_word' id='word_1_690' title='bbox 1948 5252 2059 5321; x_wconf 88' lang='lat' dir='ltr'><strong>multa</strong></span> <span class='ocrx_word' id='word_1_691' title='bbox 2075 5253 2145 5320; x_wconf 89' lang='lat' dir='ltr'><strong>irn-</strong></span> 
     </span>
     <span class='ocr_line' id='line_1_72' title="bbox 118 5348 2145 5447; baseline 0.003 -29"><span class='ocrx_word' id='word_1_692' title='bbox 118 5350 222 5447; x_wconf 84' lang='lat' dir='ltr'><strong>diaoa</strong></span> <span class='ocrx_word' id='word_1_693' title='bbox 236 5348 459 5422; x_wconf 88' lang='lat' dir='ltr'><strong>invocatione</strong></span> <span class='ocrx_word' id='word_1_694' title='bbox 474 5348 665 5438; x_wconf 87' lang='lat' dir='ltr'><strong>cogitemus</strong></span> <span class='ocrx_word' id='word_1_695' title='bbox 682 5350 881 5421; x_wconf 90' lang='lat' dir='ltr'><strong>testimonia</strong></span> <span class='ocrx_word' id='word_1_696' title='bbox 896 5349 1104 5444; x_wconf 87' lang='lat' dir='ltr'><strong>patefactio·</strong></span> <span class='ocrx_word' id='word_1_697' title='bbox 1153 5349 1357 5441; x_wconf 90' lang='lat' dir='ltr'><strong>pedimenta</strong></span> <span class='ocrx_word' id='word_1_698' title='bbox 1381 5349 1488 5421; x_wconf 86' lang='lat' dir='ltr'><strong>etiam</strong></span> <span class='ocrx_word' id='word_1_699' title='bbox 1513 5364 1616 5424; x_wconf 91' lang='lat' dir='ltr'><strong>cauto</strong></span> <span class='ocrx_word' id='word_1_700' title='bbox 1640 5353 1725 5423; x_wconf 91' lang='lat' dir='ltr'><strong>duci</strong></span> <span class='ocrx_word' id='word_1_701' title='bbox 1746 5352 1856 5423; x_wconf 90' lang='lat' dir='ltr'><strong>obiici</strong></span> <span class='ocrx_word' id='word_1_702' title='bbox 1884 5367 2045 5446; x_wconf 88' lang='lat' dir='ltr'><strong>possunt.</strong></span> <span class='ocrx_word' id='word_1_703' title='bbox 2095 5348 2145 5423; x_wconf 89' lang='lat' dir='ltr'><strong>Et</strong></span> 
     </span>
    </p>
   </div>
   <div class='ocr_carea' id='block_1_11' title="bbox 0 0 2274 5751">
    <p class='ocr_par' dir='ltr' id='par_1_14' title="bbox 0 0 2274 5751">
     <span class='ocr_line' id='line_1_73' title="bbox 0 0 2274 5751; baseline 0 0"><span class='ocrx_word' id='word_1_704' title='bbox 0 0 2274 5751; x_wconf 95' lang='lat' dir='ltr'><strong> </strong></span> 
     </span>
    </p>
   </div>
  </div>
 </body>
</html>
