4538 5754
108 246 187 319 917

103 442 192 489 num
222 417 356 508 species
386 417 512 502 officii,
546 440 586 486 ac
616 419 821 507 praesertim
852 419 992 509 pietatis
1015 441 1095 508 erga

103 520 282 612 pupillos,
307 514 376 589 boc
392 521 497 590 titulo
513 532 698 589 veteranos
713 519 930 592 Macedonas
946 521 1017 591 sibi
1030 527 1093 591 ad·

104 622 221 693 iunxit
238 634 274 692 et
289 621 458 691 devinxit.

205 752 278 825 Sed
308 766 425 824 secuta
447 767 532 824 sunt
554 753 659 843 longe
680 754 813 824 maiora
841 769 875 825 et
896 755 1094 824 difficiliora

103 856 209 930 bella.
267 854 415 926 Mortuo
438 857 595 925 Aridaeo
625 857 756 944 singuli
785 858 892 927 duces
915 857 983 927 sibi
1008 881 1094 925 ven·

103 958 222 1029 dicare
249 957 451 1046 provincias
472 971 693 1047 opportunas
715 960 947 1030 conabantur.
1008 954 1093 1029 Cas·

102 1061 232 1129 sander
255 1059 349 1128 lilius
364 1055 567 1148 Antipatri,
595 1073 635 1129 ut
650 1059 819 1130 retineret
833 1058 1093 1140 Macedoniam,

102 1161 281 1232 interfecit
306 1163 396 1229 duos
418 1161 511 1231 filios
535 1157 731 1230 Alexandri
756 1159 900 1251 Magni,
925 1172 1093 1253 utsupra

100 1261 271 1346 narravi,
296 1263 420 1331 Asiam
443 1264 587 1333 tenebat
602 1263 806 1352 Antigonus
828 1287 908 1331 cum
933 1263 1007 1332 lilio
1021 1260 1093 1332 De-

100 1365 244 1437 metrio.
312 1361 536 1435 Ptolemaeus
568 1362 786 1458 Aegyptum,
827 1362 994 1435 Seleucus
1026 1363 1092 1457 Sy-

100 1466 192 1534 riam
224 1478 260 1535 et
290 1465 424 1534 vicinas
452 1465 655 1558 provincias
683 1467 727 1535 ad
760 1463 939 1535 Persidem
968 1489 1091 1558 usque.

101 1565 254 1639 Causam
285 1591 368 1635 vero
394 1568 480 1635 novi
504 1567 589 1635 belli
610 1568 704 1636 inter
725 1580 879 1637 caeteros
902 1565 1091 1637 Cassandri

99 1668 217 1739 furiae
241 1670 503 1759 praebuerunt,
530 1669 593 1761 qui
615 1682 655 1739 ut
676 1669 847 1737 scelerum
872 1691 1003 1759 poenas
1028 1671 1091 1737 da-

100 1782 174 1856 ret,
201 1770 337 1839 bellum
363 1771 476 1840 movit
493 1771 661 1839 adversus
678 1744 924 1857 Antigbnum,
950 1782 1092 1860 ereptu-¹

99 1895 162 1942 rus
186 1872 222 1940 ei
242 1873 413 1963 quasdam
436 1872 475 1940 in
491 1871 578 1939 Asia
601 1870 814 1962 provincias.
856 1868 1012 1941 ,Fecerat
1029 1896 1093 1940 au-

99 1988 173 2044 tem
190 1972 395 2043 societatem
413 1996 492 2042 cum
507 1966 737 2065 Lysimacho,
762 1971 963 2042 Ptolemaeo
978 1986 1010 2041 et
1027 1971 1093 2044 Se-

99 2076 225 2159 leuco,
260 2074 324 2167 qui
353 2087 567 2144 crescentem
588 2073 763 2162 Antigoni
794 2075 988 2166 potentiam
1019 2099 1090 2144 me·

98 2176 263 2248 tuebant.

205 2289 286 2363 Etsi
307 2289 510 2382 Antigonus
533 2292 696 2372 videbat,
717 2304 849 2385 quanta
873 2294 960 2363 belli
981 2294 1092 2362 moles

96 2398 345 2488 impenderet,
370 2409 490 2465 tamen
514 2418 588 2463 nou
613 2394 841 2483 frangebatur
864 2396 996 2468 animo.
1046 2392 1090 2464 Et

96 2497 214 2590 primi
241 2516 420 2566 successus
443 2499 611 2565 adversus
635 2493 873 2566 Cassandrum
897 2520 979 2566 eum
1005 2520 1089 2566 con-

95 2601 354 2671 firmaverunt:
399 2592 497 2666 hunc
526 2592 710 2667 iudicavit
728 2592 864 2666 hostem
890 2597 1092 2687 Antigonus

96 2714 251 2794 propter
274 2698 494 2767 interfectam
511 2693 746 2793 Olympiada,
773 2712 807 2768 et
824 2699 936 2790 coegit
954 2701 1092 2769 tradere

98 2804 210 2874 urbes
225 2813 261 2870 et
280 2800 451 2871 exereitus
466 2800 504 2867 in
525 2795 622 2872 Asia.

204 2918 333 2990 Postea
351 2915 537 2989 Seleucum
561 2932 596 2988 et
611 2917 852 2988 Ptolemaeum
868 2921 1014 2988 adortus
1029 2931 1091 3003 est,

96 3025 136 3095 id
172 3021 244 3092 fuit
274 3021 422 3109 longum
447 3033 482 3089 et
504 3019 649 3089 difficile
672 3019 821 3090 bellum.
891 3017 1092 3089 Demetrius

97 3121 281 3213 Antigoni
310 3122 404 3192 lilius
434 3120 588 3211 primum
613 3144 632 3188 a
657 3119 860 3191 Ptolemaeo
881 3123 926 3190 ad
954 3119 988 3191 'l'
987 3145 1091 3215 yrum

96 3226 180 3297 acie
207 3225 321 3325 yictus
342 3236 411 3306 est,
436 3222 501 3292 ubi
522 3246 601 3292 eum
627 3221 893 3293 tabernaculum
916 3221 1092 3292 Demetrii

96 3328 319 3397 instructum
352 3335 523 3415 apparatu
556 3322 652 3413 regio
684 3323 831 3415 cepisset
861 3321 1093 3408 Ptolemaeus,

96 3426 284 3517 integrum
309 3425 341 3493 ei
361 3437 568 3517 apparatum
584 3448 655 3495 una
670 3448 750 3493 cnm
768 3424 915 3515 captivis
929 3424 1094 3507 restituit,

96 3529 308 3623 significans
325 3551 362 3596 se
377 3529 421 3596 de
436 3525 568 3617 gloria,
595 3550 670 3596 non
686 3528 730 3603 de
748 3525 877 3616 opibus
893 3539 1036 3595 certare.

207 3647 404 3738 Aliquanto
433 3658 512 3735 post
535 3641 756 3728 Demetrius,
793 3667 873 3713 cum
899 3640 1092 3715 Ptolemaei

98 3755 234 3823 ducem
257 3745 375 3817 Cillen
407 3759 440 3815 et
472 3760 551 3816 octo
576 3747 690 3816 millia
714 3746 869 3815 militum
890 3745 1007 3815 subito
1029 3769 1093 3837 op-

98 3851 308 3945 pressisset,
341 3860 381 3917 ut
403 3849 479 3915 sine
501 3849 693 3918 certamine
715 3848 812 3918 fieret
833 3847 988 3930 deditio,
1021 3871 1093 3916 me-

98 3977 185 4024 mor
211 3950 345 4040 accepti
361 3949 541 4033 beneficii,
565 3950 741 4018 cumulate
755 3949 912 4019 reddidit
928 3951 1093 4037 gratiam:

98 4080 190 4127 nam
223 4067 258 4123 et
284 4053 411 4121 drreem
441 4051 868 4119 incolumen-exercitum
893 4050 1094 4119 Ptolemaeo

99 4155 262 4234 remisit,
288 4154 423 4224 iussum
439 4150 543 4244 Syria
566 4154 742 4221 excedere.
793 4148 845 4219 lta
862 4151 954 4220 inter
970 4175 1094 4237 senon

98 4260 224 4331 sultam
253 4256 383 4324 virtute
414 4255 452 4321 in
474 4254 573 4349 acie,
602 4252 793 4321 sedetiam
820 4246 1040 4323 humanitate
1064 4267 1095 4321 et

99 4357 355 4431 moderatione
370 4354 549 4448 principes
566 4354 620 4422 illi
638 4355 831 4427 certabant.

210 4474 269 4548 Ad
298 4488 491 4544 extremum
516 4473 560 4542 de
583 4496 721 4542 summa
742 4472 792 4542 rei
818 4472 1023 4541 dimicatum
1046 4487 1094 4540 est

103 4582 153 4651 ab
172 4578 343 4648 omnibus
360 4576 469 4663 regib.
486 4598 561 4642 non
575 4575 702 4665 procul
719 4576 763 4645 ab
775 4567 931 4664 Epheso.
983 4569 1097 4643 Erant

105 4682 148 4751 in
173 4681 294 4750 alteris
311 4678 436 4748 castris
452 4676 639 4755 Seleucus,
667 4676 760 4745 lilius
777 4670 999 4758 Antiochus,
1023 4673 1097 4767 Ly·
1199 4741 1208 4758 ‚
1782 4739 1791 4756 ‚
1874 4739 1882 4756 ⁸
2033 4743 2041 4758 .

769 4774 812 4844 yn
836 4777 955 4849 aperis
977 4777 1097 4845 castris
1147 4767 1209 4836 qur
1239 4767 1318 4810 cum
1348 4755 1438 4811 esset
1459 4743 1575 4827 ,frater
1600 4736 1793 4811 Ptolemaei
1814 4735 2043 4831 Philadelphi
2073 4767 2129 4814 re.

103 4768 306 4862 simachus,
340 4778 534 4849 Ptolemaei
559 4778 703 4848 auxilia.

107 4896 222 4955 erant.
239 4879 440 4970 Antigonus
463 4894 498 4949 et
520 4881 615 4950 lilius
638 4878 854 4951 Demetrius.

107 5009 199 5083 quae
221 4983 407 5075 praecessit
430 5005 604 5073 pugnam,
640 4982 735 5051 visus
761 4992 811 5049 est
834 5002 897 5072 per
918 4979 1096 5048 somnium

105 5086 314 5163 Alexander
338 5082 491 5173 Magnus
514 5079 696 5172 Antigono
723 5081 858 5165 dicere,
890 5104 926 5149 se
956 5082 1026 5149 iam
1053 5081 1097 5148 ad

106 5186 230 5261 hostes
255 5186 418 5259 transire.
483 5181 538 5255 Eo
564 5185 704 5254 somnio
729 5198 893 5253 eventum
921 5182 1098 5275 sequentis

106 5314 251 5387 pugnae
279 5286 483 5376 Antigonus
514 5286 705 5376 significari
733 5286 944 5369 arbitratus,
984 5284 1097 5362 filium

507 243 556 319 V.
605 244 658 319 IN
682 240 948 320 pantanum
974 239 1293 320 PROPHETAM
1316 239 1739 321 COMMENTARIUS.

1976 296 1991 317 ι
2061 250 2138 329 ets

1150 416 1220 497 lio,
1253 418 1340 486 dum
1369 410 1588 486 Antiochum
1619 412 1758 486 Seleuci
1786 412 1902 487 filium
1933 419 2136 512 Antigonus
2236 434 2241 447 '

1147 519 1293 589 effusius
1315 519 1534 610 insequitur,
1559 516 1819 589 circumventus
1837 520 1883 589 ab
1898 523 2055 615 equitatu
2068 524 2135 597 Se-

1147 621 1239 690 leuci
1264 619 1495 703 interbcitur,
1527 642 1607 687 cum
1632 617 1702 686 iam
1723 622 1975 710 octogesimum
1998 649 2133 696 annum

1146 722 1328 809 attigisset.
1368 719 1551 810 Dissipato
1572 720 1725 792 exercitu
1745 721 1840 792 filius
1857 725 2060 798 Demetrius
2074 730 2132 798 fu·

1145 824 1198 915 git
1220 819 1400 908 Athenas,
1432 837 1467 894 et
1479 823 1671 915 aliquanto
1695 836 1774 913 post
1795 826 1930 895 bellum
1955 828 2132 901 instaura-

1146 927 1215 1010 vit,
1248 927 1309 995 sed
1330 939 1493 1021 captus-a
1514 921 1662 993 Seleuco
1683 948 1758 993 non
1781 925 1844 997 diu
1868 944 2042 1019 superstes
2063 933 2131 1002 fuit
2231 1001 2236 1012 ,

1145 1027 1250 1120 patri.

1247 1158 1321 1230 lam
1340 1161 1519 1232 restabant
1533 1183 1574 1228 ex
1588 1159 1740 1230 ducibus
1748 1155 1944 1235 Alexandri
1960 1168 2032 1236 duo
2048 1182 2129 1242 tan·

1144 1276 1241 1348 tum,
1265 1262 1327 1356 qui
1351 1256 1522 1332 hactenus
1543 1261 1629 1330 socii
1649 1262 1789 1332 fuerant
1814 1261 1981 1340 Seleucus
2003 1283 2037 1339 et
2055 1270 2128 1364 Ly-

1144 1360 1321 1433 simachus
1338 1379 1463 1435 tenens
1481 1358 1671 1432 Thraciam
1689 1375 1723 1433 et
1737 1361 1968 1437 Macedoniae
1982 1384 2127 1459 partem.

1144 1464 1213 1534 Hie
1222 1460 1454 1559 Lysimachus
1468 1488 1548 1534 eum
1562 1464 1700 1533 satelles
1714 1479 1801 1535 esset
1809 1465 2022 1556 Alexandri,
2048 1497 2127 1543 curn
2202 1482 2209 1487 '

1144 1562 1354 1638 Callistheni
1374 1566 1496 1636 fuisset
1517 1564 1747 1650 familiarior,
1768 1567 1865 1636 leoni
1887 1569 2043 1643 obiectus
2065 1588 2127 1648 est.

1144 1666 1213 1738 Sed
1250 1692 1329 1738 curn
1366 1668 1548 1747 interfecto
1582 1666 1684 1736 leone
1714 1668 1898 1739 mansisset
1925 1672 2127 1759 incolumis,

1144 1782 1262 1859 postea
1279 1766 1479 1839 Alexandro
1496 1780 1640 1859 propter
1655 1767 1821 1838 virtutem
1837 1770 1952 1841 carior
1966 1775 2045 1849 fuit.

1245 1884 1294 1957 Ut
1334 1901 1451 1956 autem
1490 1888 1662 1980 reliquam
1699 1880 1881 1958 historiam
1922 1889 2126 1985 Lysimachi

1143 1986 1324 2069 omittam,
1364 1983 1432 2058 hoc
1460 2001 1598 2058 tantum
1623 1988 1801 2058 adiiciam:
1853 1988 1982 2061 Strabo
2004 1996 2127 2066 scribit

1143 2090 1277 2159 bellum
1307 2105 1485 2178 gerentem
1514 2114 1594 2158 cum
1625 2089 1751 2159 vicinis
1775 2086 1877 2160 Getis
1900 2093 1937 2165 in
1964 2097 2039 2163 acie
2068 2121 2125 2165 ca.

1144 2206 1245 2282 ptum
1270 2213 1364 2276 esse,
1390 2205 1423 2262 et
1446 2193 1590 2262 ductum
1606 2191 1643 2259 in
1660 2187 1839 2277 Geticam,
1863 2193 1924 2262 ubi
1947 2218 2007 2264 rex
2023 2193 2125 2267 Geti-

1143 2317 1224 2375 cus,
1251 2317 1330 2363 cum
1354 2293 1561 2362 ostendisset
1583 2292 1825 2386 quotidianam
1849 2294 1940 2362 vitae
1963 2310 1997 2365 et
2012 2299 2125 2387 gentis

1144 2395 1456 2479 consuetudinem,
1490 2418 1580 2487 qnae
1610 2393 1796 2462 durissime
1821 2393 1984 2473 victitans
2010 2412 2043 2468 et
2059 2423 2124 2469 ro-

1143 2499 1229 2565 bore
1261 2509 1457 2585 praestans,
1484 2495 1587 2565 facile
1617 2494 1760 2565 caeteris
1792 2497 1998 2568 nationibus
2022 2500 2060 2569 in
2087 2525 2126 2571 re

1144 2595 1288 2666 militari
1304 2597 1554 2679 antecellebat,
1580 2590 1851 2683 adhortatnscst
1865 2595 2126 2692 Lysimachum,
2222 2614 2225 2619 ’

1143 2714 1183 2769 ut
1201 2699 1287 2769 tales
1303 2698 1438 2768 vicinos
1451 2698 1568 2767 mallet
1586 2698 1717 2767 amicos
1732 2722 1837 2792 quam
1852 2692 1970 2772 hostes
1985 2696 2126 2790 habere,

1144 2814 1179 2870 et
1201 2796 1407 2871 habiturum
1430 2800 1578 2882 amicos,
1602 2798 1631 2866 si
1656 2798 1742 2888 ipsis
1763 2821 1859 2868 arma
1874 2824 1948 2871 non
1964 2803 2125 2875 inferret:

1144 2900 1274 2971 deinde
1297 2895 1490 2969 honorilice
1510 2900 1680 2968 donatum
1703 2899 1855 2985 dimisit,
1882 2896 1974 2971 nihil
1994 2917 2125 2994 pactus,

1145 3003 1213 3071 nisi
1232 3025 1361 3093 pacem.
1411 2998 1604 3070 Pausanias
1619 3000 1730 3070 filium
1747 3014 1869 3071 narrat
1882 3010 2022 3095 captum
2040 3029 2126 3093 esse,
2219 3060 2222 3067 .

1144 3106 1203 3173 sed
1222 3117 1301 3173 uter
1314 3103 1397 3188 fuit,
1422 3097 1625 3173 humanitas
1639 3102 1743 3170 laude
1757 3100 1864 3189 digna
1879 3117 1941 3188 est,
1967 3119 2002 3181 et
2015 3106 2125 3196 signi.

1143 3205 1223 3275 licat
1251 3206 1288 3274 in
1320 3229 1359 3274 ea
1385 3215 1505 3295 gente,
1537 3227 1642 3296 quam
1662 3202 1808 3300 quidem
1833 3200 1993 3275 Geticam
2017 3208 2125 3279 fuisse

1143 3319 1297 3388 constat,
1323 3306 1465 3401 virtutis
1479 3305 1696 3375 intellectum
1713 3318 1746 3376 et
1761 3303 1917 3374 studium
1932 3305 2051 3393 fuisse,

1245 3422 1316 3495 Sed
1333 3419 1393 3493 hic
1409 3445 1550 3516 quoquc
1564 3415 1798 3515 Lysimachus
1813 3420 1964 3493 libidine
1981 3425 2126 3497 virtutes

1145 3549 1225 3595 suas
1239 3525 1462 3608 deformavit,
1487 3524 1729 3593 sorores-duas
1742 3522 1854 3605 duxit,
1877 3538 1910 3596 et
1924 3548 1965 3594 ex
1977 3540 2127 3620 utraque

1146 3628 1275 3697 liberos
1290 3626 1450 3717 suscepit.
1486 3624 1556 3696 Sed
1571 3625 1678 3694 altera
1695 3625 1840 3694 alterius
1856 3625 1968 3695 lilium
1982 3627 2126 3705 interfe-

1144 3730 1202 3801 cit.
1253 3724 1376 3798 Postea
1392 3741 1504 3797 mater
1516 3726 1663 3815 profuga
1679 3725 1830 3796 latebras
1845 3728 2017 3819 qnaesivit
2032 3730 2127 3821 apud

1145 3841 1312 3917 cognatos
1334 3849 1444 3917 reges.
1501 3824 1597 3894 Hinc
1621 3850 1723 3897 causa
1747 3826 1833 3896 belli
1858 3842 1933 3897 orta
1959 3831 2127 3907 est.inter

1145 3930 1330 4002 Seleucum
1362 3942 1397 3998 et
1417 3921 1689 4020 Lysimachum,
1722 3952 1827 4022 quam
1851 3929 1972 4000 recitat
1994 3928 2127 4002 Pausa·

1146 4033 1233 4107 nias.
1286 4028 1398 4101 Periit
1418 4029 1526 4119 igitur
1545 4024 1774 4123 Lysimachus
1796 4030 1910 4101 vietus
1930 4029 2140 4123 aSeleuco,.

1130 4134 1208 4228 ¹qui
1231 4147 1353 4202 tenens
1375 4132 1445 4200 iam
1468 4130 1654 4199 maximam
1678 4126 1902 4200 monarchiae
1919 4147 2052 4222 partem
2069 4156 2127 4203 so-

1146 4237 1202 4306 lus
1224 4260 1265 4305 ex
1283 4235 1434 4304 ducibus
1450 4228 1644 4303 Alexandri
1663 4248 1830 4331 superest.
1882 4230 2005 4325 ltaque
2021 4235 2128 4304 tantis

1147 4339 1257 4407 elatus
1280 4334 1515 4418 successibus,
1541 4348 1657 4424 sperat
1677 4357 1713 4403 se
1728 4334 1832 4403 etiam
1847 4332 2078 4415 Macedoniae
2094 4352 2129 4407 et

1148 4437 1318 4509 Graeciae
1339 4436 1488 4526 imperio
1512 4435 1706 4526 potiturum
1728 4457 1809 4502 esse.
1869 4431 2028 4528 Cumque
2050 4439 2128 4508 bel-

1148 4541 1221 4608 lum
1236 4540 1402 4609 transfert
1418 4539 1455 4606 in
1472 4534 1652 4626 Europam
1672 4536 1821 4626 septimo
1837 4559 1954 4604 mense
1972 4552 2048 4627 post
2057 4538 2128 4634 Ly·
2240 4542 2242 4547 ’

1147 4635 1293 4710 simachi
1310 4654 1456 4710 mortem
1474 4637 1682 4709 interficitur
1699 4634 1930 4707 aPtolomaeo
1944 4634 2127 4735 κεραύνῳ,

912 4876 1023 4947 Nocte
1047 4900 1086 4945 ,a
1148 4845 1288 4934 gnantis
1309 4843 1378 4910 iam
1402 4843 1440 4911 in
1464 4837 1643 4934 Aegypto,
1669 4841 1852 4928 navigarat
1874 4842 1912 4911 in
1935 4838 2130 4935 Europam,

1089 4931 1098 4961 ’
1147 4959 1187 5015 ut
1208 4943 1456 5014 Macedoniam
1480 4954 1675 5032 occuparet.
1742 4941 1815 5012 Nec
1837 4945 1949 5014 multo
1973 4958 2050 5034 post
2071 4939 2130 5015 hic

1147 5043 1325 5137 κέραυνος
1355 5070 1375 5115 a
1398 5044 1543 5117 Brenno
1566 5046 1653 5114 duce
1674 5042 1808 5123 Celtico
1832 5059 1987 5120 vastante
2011 5044 2131 5124 Mace-

1148 5148 1293 5220 doniam
1309 5149 1348 5217 in
1363 5147 1435 5216 acie
1452 5146 1658 5217 interfectus
1675 5162 1737 5228 est,

1250 5279 1346 5351 Pene
1368 5281 1578 5371 defatigatus
1600 5302 1678 5349 sum
1701 5280 1881 5349 recitanda
1907 5274 2035 5350 borum
2048 5252 2133 5369 'gla-

106 5414 347 5469 meeessorem
359 5389 450 5460 dixit
463 5410 582 5459 eoram
598 5387 766 5498 exercitu.
804 5386 927 5459 Postea
940 5387 979 5458 in
995 5408 1099 5481 prae·
1148 5386 1329 5459 diatornm
1348 5384 1509 5470 laniena,
1534 5380 1574 5450 in
1596 5373 1665 5475 qna
1687 5381 1812 5474 siquis
1827 5376 1983 5451 humano
2000 5382 2133 5454 iudicio

1525 5476 1602 5555 68*
