<?xml version="1.0" encoding="UTF-8"?>
<!DOCTYPE html PUBLIC "-//W3C//DTD XHTML 1.0 Transitional//EN"
    "http://www.w3.org/TR/xhtml1/DTD/xhtml1-transitional.dtd">
<html xmlns="http://www.w3.org/1999/xhtml" xml:lang="en" lang="en">
 <head>
  <title>
</title>
<meta http-equiv="Content-Type" content="text/html;charset=utf-8" />
  <meta name='ocr-system' content='tesseract 3.04.00' />
  <meta name='ocr-capabilities' content='ocr_page ocr_carea ocr_par ocr_line ocrx_word'/>
</head>
<body>
  <div class='ocr_page' id='page_1' title='image "./corpusreformato11melagoog_0040.png"; bbox 0 0 4538 5754; ppageno 0'>
   <div class='ocr_carea' id='block_1_1' title="bbox 66 239 2150 341">
    <p class='ocr_par' dir='ltr' id='par_1_1' title="bbox 66 239 2150 341">
     <span class='ocr_line' id='line_1_1' title="bbox 66 239 2150 341; baseline -0.011 -9"><span class='ocrx_word' id='word_1_1' title='bbox 66 257 105 332; x_wconf 84' lang='lat' dir='ltr'><strong>u</strong></span> <span class='ocrx_word' id='word_1_2' title='bbox 600 245 604 253; x_wconf 79' lang='grc'><em>’</em></span> <span class='ocrx_word' id='word_1_3' title='bbox 809 251 858 328; x_wconf 87' lang='lat' dir='ltr'><strong>u.</strong></span> <span class='ocrx_word' id='word_1_4' title='bbox 890 243 1337 326; x_wconf 69' lang='lat' dir='ltr'><strong>sternerentur.</strong></span> <span class='ocrx_word' id='word_1_5' title='bbox 1958 330 1969 341; x_wconf 24' lang='lat'><strong><em>⁶</em></strong></span> <span class='ocrx_word' id='word_1_6' title='bbox 2043 239 2094 311; x_wconf 78' lang='lat'><strong>42</strong></span> <span class='ocrx_word' id='word_1_7' title='bbox 2146 279 2150 286; x_wconf 87' lang='lat'>-</span> 
     </span>
    </p>
   </div>
   <div class='ocr_carea' id='block_1_2' title="bbox 59 405 2084 721">
    <p class='ocr_par' dir='ltr' id='par_1_2' title="bbox 59 405 2084 721">
     <span class='ocr_line' id='line_1_2' title="bbox 62 405 2084 514; baseline -0.012 -17"><span class='ocrx_word' id='word_1_8' title='bbox 62 427 136 498; x_wconf 85' lang='lat' dir='ltr'><strong>uiat</strong></span> <span class='ocrx_word' id='word_1_9' title='bbox 160 448 272 497; x_wconf 79' lang='lat' dir='ltr'><strong>venas</strong></span> <span class='ocrx_word' id='word_1_10' title='bbox 299 427 516 496; x_wconf 82' lang='lat' dir='ltr'><strong>mesaraicas.</strong></span> <span class='ocrx_word' id='word_1_11' title='bbox 576 421 671 494; x_wconf 85' lang='lat' dir='ltr'>Huic</span> <span class='ocrx_word' id='word_1_12' title='bbox 700 426 798 494; x_wconf 90' lang='lat' dir='ltr'><strong>carn-i</strong></span> <span class='ocrx_word' id='word_1_13' title='bbox 822 423 1051 514; x_wconf 77' lang='lat' dir='ltr'><strong>glandulosae</strong></span> <span class='ocrx_word' id='word_1_14' title='bbox 1099 442 1208 489; x_wconf 90' lang='lat' dir='ltr'><strong>uuam</strong></span> <span class='ocrx_word' id='word_1_15' title='bbox 1227 418 1304 487; x_wconf 90' lang='lat' dir='ltr'><strong>eius</strong></span> <span class='ocrx_word' id='word_1_16' title='bbox 1320 437 1392 485; x_wconf 88' lang='lat' dir='ltr'><strong>esse</strong></span> <span class='ocrx_word' id='word_1_17' title='bbox 1408 413 1597 483; x_wconf 88' lang='lat' dir='ltr'><strong>sectionem</strong></span> <span class='ocrx_word' id='word_1_18' title='bbox 1617 411 1722 483; x_wconf 89' lang='lat' dir='ltr'><strong>initio</strong></span> <span class='ocrx_word' id='word_1_19' title='bbox 1738 405 2084 498; x_wconf 86' lang='lat' dir='ltr'><strong>circasuperiusori-</strong></span> 
     </span>
     <span class='ocr_line' id='line_1_3' title="bbox 59 509 2083 624; baseline -0.011 -25"><span class='ocrx_word' id='word_1_20' title='bbox 59 551 193 599; x_wconf 86' lang='lat' dir='ltr'><strong>nomeu</strong></span> <span class='ocrx_word' id='word_1_21' title='bbox 212 529 390 618; x_wconf 87' lang='lat' dir='ltr'><strong>peculiare</strong></span> <span class='ocrx_word' id='word_1_22' title='bbox 406 528 615 599; x_wconf 88' lang='lat' dir='ltr'><strong>attributum</strong></span> <span class='ocrx_word' id='word_1_23' title='bbox 632 540 681 595; x_wconf 89' lang='lat' dir='ltr'><strong>est</strong></span> <span class='ocrx_word' id='word_1_24' title='bbox 697 521 1052 624; x_wconf 77' lang='grc' dir='ltr'>πάγκρεαςεειικαλ-</span> <span class='ocrx_word' id='word_1_25' title='bbox 1099 521 1218 589; x_wconf 85' lang='lat' dir='ltr'><strong>licium</strong></span> <span class='ocrx_word' id='word_1_26' title='bbox 1249 516 1448 589; x_wconf 87' lang='lat' dir='ltr'><strong>ventriculi.</strong></span> <span class='ocrx_word' id='word_1_27' title='bbox 1516 513 1591 584; x_wconf 84' lang='lat' dir='ltr'><strong>Hos</strong></span> <span class='ocrx_word' id='word_1_28' title='bbox 1622 525 1800 584; x_wconf 81' lang='lat' dir='ltr'><strong>accuratas</strong></span> <span class='ocrx_word' id='word_1_29' title='bbox 1830 509 2083 599; x_wconf 72' lang='lat' dir='ltr'><strong>descriptiones</strong></span> 
     </span>
     <span class='ocr_line' id='line_1_4' title="bbox 59 609 2080 721; baseline -0.012 -22"><span class='ocrx_word' id='word_1_30' title='bbox 59 626 219 721; x_wconf 75' lang='grc' dir='ltr'><strong>λίκρεας.</strong></span> <span class='ocrx_word' id='word_1_31' title='bbox 280 628 416 699; x_wconf 81' lang='lat' dir='ltr'><strong>Arabes</strong></span> <span class='ocrx_word' id='word_1_32' title='bbox 447 627 639 699; x_wconf 88' lang='lat' dir='ltr'><strong>nominant</strong></span> <span class='ocrx_word' id='word_1_33' title='bbox 660 624 859 711; x_wconf 79' lang='lat' dir='ltr'><strong>Eurorum,</strong></span> <span class='ocrx_word' id='word_1_34' title='bbox 889 624 1050 695; x_wconf 82' lang='lat' dir='ltr'><strong>fortassis</strong></span> <span class='ocrx_word' id='word_1_35' title='bbox 1100 621 1337 688; x_wconf 88' lang='lat' dir='ltr'><strong>reiicimusad</strong></span> <span class='ocrx_word' id='word_1_36' title='bbox 1354 618 1628 708; x_wconf 81' lang='lat' dir='ltr'><strong>inspectionem,</strong></span> <span class='ocrx_word' id='word_1_37' title='bbox 1654 611 1712 682; x_wconf 90' lang='lat' dir='ltr'><strong>hic</strong></span> <span class='ocrx_word' id='word_1_38' title='bbox 1731 613 1826 681; x_wconf 90' lang='lat' dir='ltr'><strong>enim</strong></span> <span class='ocrx_word' id='word_1_39' title='bbox 1850 611 1952 679; x_wconf 88' lang='lat' dir='ltr'><strong>initia</strong></span> <span class='ocrx_word' id='word_1_40' title='bbox 1977 609 2080 677; x_wconf 88' lang='lat' dir='ltr'><strong>rudi-</strong></span> 
     </span>
    </p>
   </div>
   <div class='ocr_carea' id='block_1_3' title="bbox 59 724 866 825">
    <p class='ocr_par' dir='ltr' id='par_1_3' title="bbox 59 724 866 825">
     <span class='ocr_line' id='line_1_5' title="bbox 59 724 866 825; baseline 0.004 -27"><span class='ocrx_word' id='word_1_41' title='bbox 59 734 254 819; x_wconf 85' lang='lat' dir='ltr'><strong>depravato</strong></span> <span class='ocrx_word' id='word_1_42' title='bbox 272 731 436 817; x_wconf 90' lang='lat' dir='ltr'><strong>nomine,</strong></span> <span class='ocrx_word' id='word_1_43' title='bbox 461 751 618 818; x_wconf 88' lang='lat' dir='ltr'><strong>agraeco</strong></span> <span class='ocrx_word' id='word_1_44' title='bbox 639 724 866 825; x_wconf 77' lang='grc' dir='ltr'><strong>καλλίκρεας.</strong></span> 
     </span>
    </p>
   </div>
   <div class='ocr_carea' id='block_1_4' title="bbox 418 948 695 1036">
    <p class='ocr_par' dir='ltr' id='par_1_4' title="bbox 418 948 695 1036">
     <span class='ocr_line' id='line_1_6' title="bbox 418 948 695 1036; baseline -0.014 -22"><span class='ocrx_word' id='word_1_45' title='bbox 418 948 530 1036; x_wconf 82' lang='lat' dir='ltr'><strong>Epor.</strong></span> <span class='ocrx_word' id='word_1_46' title='bbox 576 948 695 1015; x_wconf 81' lang='lat' dir='ltr'><strong><em>Iecur.</em></strong></span> 
     </span>
    </p>
   </div>
   <div class='ocr_carea' id='block_1_5' title="bbox 60 1072 1049 2676">
    <p class='ocr_par' dir='ltr' id='par_1_5' title="bbox 61 1072 1048 1370">
     <span class='ocr_line' id='line_1_7' title="bbox 164 1072 1048 1167; baseline -0.01 -21"><span class='ocrx_word' id='word_1_47' title='bbox 164 1073 392 1146; x_wconf 89' lang='lat' dir='ltr'><strong>Generosum</strong></span> <span class='ocrx_word' id='word_1_48' title='bbox 406 1078 604 1146; x_wconf 84' lang='lat' dir='ltr'><strong>membrum</strong></span> <span class='ocrx_word' id='word_1_49' title='bbox 622 1092 672 1146; x_wconf 87' lang='lat' dir='ltr'><strong>est</strong></span> <span class='ocrx_word' id='word_1_50' title='bbox 689 1072 801 1167; x_wconf 79' lang='lat' dir='ltr'><strong>Epar,</strong></span> <span class='ocrx_word' id='word_1_51' title='bbox 827 1089 861 1145; x_wconf 89' lang='lat' dir='ltr'><strong>et</strong></span> <span class='ocrx_word' id='word_1_52' title='bbox 878 1073 971 1141; x_wconf 89' lang='lat' dir='ltr'><strong>iuter</strong></span> <span class='ocrx_word' id='word_1_53' title='bbox 987 1092 1048 1138; x_wconf 89' lang='lat' dir='ltr'><strong>or-</strong></span> 
     </span>
     <span class='ocr_line' id='line_1_8' title="bbox 61 1175 1047 1268; baseline -0.01 -22"><span class='ocrx_word' id='word_1_54' title='bbox 61 1200 151 1267; x_wconf 85' lang='lat' dir='ltr'><strong>gana</strong></span> <span class='ocrx_word' id='word_1_55' title='bbox 174 1178 368 1247; x_wconf 75' lang='lat' dir='ltr'><strong>nutritivae</strong></span> <span class='ocrx_word' id='word_1_56' title='bbox 384 1179 563 1267; x_wconf 85' lang='lat' dir='ltr'><strong>potentiue</strong></span> <span class='ocrx_word' id='word_1_57' title='bbox 579 1179 785 1248; x_wconf 90' lang='lat' dir='ltr'><strong>nominatur</strong></span> <span class='ocrx_word' id='word_1_58' title='bbox 807 1175 1047 1268; x_wconf 86' lang='lat' dir='ltr'><strong>praecipuum,</strong></span> 
     </span>
     <span class='ocr_line' id='line_1_9' title="bbox 61 1278 591 1370; baseline 0.011 -24"><span class='ocrx_word' id='word_1_59' title='bbox 61 1280 146 1370; x_wconf 84' lang='lat' dir='ltr'><strong>quia</strong></span> <span class='ocrx_word' id='word_1_60' title='bbox 165 1291 220 1347; x_wconf 85' lang='lat' dir='ltr'><strong>est</strong></span> <span class='ocrx_word' id='word_1_61' title='bbox 235 1278 376 1346; x_wconf 86' lang='lat' dir='ltr'><strong>officina</strong></span> <span class='ocrx_word' id='word_1_62' title='bbox 399 1279 591 1367; x_wconf 82' lang='lat' dir='ltr'><strong>sanguinis.</strong></span> 
     </span>
    </p>

    <p class='ocr_par' dir='ltr' id='par_1_6' title="bbox 60 1374 1049 2676">
     <span class='ocr_line' id='line_1_10' title="bbox 162 1374 1046 1463; baseline -0.007 -16"><span class='ocrx_word' id='word_1_63' title='bbox 162 1374 233 1448; x_wconf 88' lang='lat' dir='ltr'><strong>Est</strong></span> <span class='ocrx_word' id='word_1_64' title='bbox 248 1391 365 1448; x_wconf 86' lang='lat' dir='ltr'><strong>autem</strong></span> <span class='ocrx_word' id='word_1_65' title='bbox 389 1380 581 1448; x_wconf 83' lang='lat' dir='ltr'><strong>substantia</strong></span> <span class='ocrx_word' id='word_1_66' title='bbox 607 1378 681 1448; x_wconf 90' lang='lat' dir='ltr'><strong>eius</strong></span> <span class='ocrx_word' id='word_1_67' title='bbox 705 1402 786 1448; x_wconf 92' lang='lat' dir='ltr'><strong>caro</strong></span> <span class='ocrx_word' id='word_1_68' title='bbox 811 1378 937 1460; x_wconf 85' lang='lat' dir='ltr'><strong>rubra,</strong></span> <span class='ocrx_word' id='word_1_69' title='bbox 962 1397 1046 1463; x_wconf 92' lang='lat' dir='ltr'><strong>pro-</strong></span> 
     </span>
     <span class='ocr_line' id='line_1_11' title="bbox 60 1480 1045 1570; baseline -0.003 -25"><span class='ocrx_word' id='word_1_70' title='bbox 60 1481 257 1570; x_wconf 89' lang='lat' dir='ltr'><strong>pemodum</strong></span> <span class='ocrx_word' id='word_1_71' title='bbox 278 1493 318 1549; x_wconf 91' lang='lat' dir='ltr'><strong>ut</strong></span> <span class='ocrx_word' id='word_1_72' title='bbox 348 1481 550 1569; x_wconf 86' lang='lat' dir='ltr'><strong>coagulatus</strong></span> <span class='ocrx_word' id='word_1_73' title='bbox 581 1480 741 1569; x_wconf 85' lang='lat' dir='ltr'><strong>sanguis,</strong></span> <span class='ocrx_word' id='word_1_74' title='bbox 767 1480 826 1546; x_wconf 89' lang='lat' dir='ltr'><strong>sed</strong></span> <span class='ocrx_word' id='word_1_75' title='bbox 851 1493 967 1548; x_wconf 78' lang='lat' dir='ltr'><strong>tarueu</strong></span> <span class='ocrx_word' id='word_1_76' title='bbox 984 1496 1045 1543; x_wconf 91' lang='lat' dir='ltr'><strong>sua</strong></span> 
     </span>
     <span class='ocr_line' id='line_1_12' title="bbox 60 1578 1045 1673; baseline -0.005 -26"><span class='ocrx_word' id='word_1_77' title='bbox 60 1593 190 1649; x_wconf 84' lang='lat' dir='ltr'><strong>natura</strong></span> <span class='ocrx_word' id='word_1_78' title='bbox 209 1580 379 1673; x_wconf 87' lang='lat' dir='ltr'><strong>quiddam</strong></span> <span class='ocrx_word' id='word_1_79' title='bbox 397 1583 601 1671; x_wconf 84' lang='lat' dir='ltr'><strong>perfectum.</strong></span> <span class='ocrx_word' id='word_1_80' title='bbox 628 1581 734 1648; x_wconf 81' lang='lat' dir='ltr'><strong>Acin</strong></span> <span class='ocrx_word' id='word_1_81' title='bbox 751 1593 861 1649; x_wconf 87' lang='lat' dir='ltr'><strong>totam</strong></span> <span class='ocrx_word' id='word_1_82' title='bbox 878 1578 952 1646; x_wconf 89' lang='lat' dir='ltr'><strong>eius</strong></span> <span class='ocrx_word' id='word_1_83' title='bbox 968 1598 1045 1644; x_wconf 89' lang='lat' dir='ltr'><strong>car-</strong></span> 
     </span>
     <span class='ocr_line' id='line_1_13' title="bbox 60 1681 1045 1773; baseline -0.005 -24"><span class='ocrx_word' id='word_1_84' title='bbox 60 1705 145 1749; x_wconf 89' lang='lat' dir='ltr'><strong>nem</strong></span> <span class='ocrx_word' id='word_1_85' title='bbox 168 1704 235 1750; x_wconf 87' lang='lat' dir='ltr'><strong>ceu</strong></span> <span class='ocrx_word' id='word_1_86' title='bbox 256 1694 329 1751; x_wconf 89' lang='lat' dir='ltr'><strong>rete</strong></span> <span class='ocrx_word' id='word_1_87' title='bbox 349 1683 547 1773; x_wconf 89' lang='lat' dir='ltr'><strong>quoddam,</strong></span> <span class='ocrx_word' id='word_1_88' title='bbox 579 1681 753 1771; x_wconf 85' lang='lat' dir='ltr'><strong>plurimae</strong></span> <span class='ocrx_word' id='word_1_89' title='bbox 777 1705 886 1747; x_wconf 86' lang='lat' dir='ltr'><strong>venue</strong></span> <span class='ocrx_word' id='word_1_90' title='bbox 908 1697 1045 1766; x_wconf 85' lang='lat' dir='ltr'><strong>sparsae</strong></span> 
     </span>
     <span class='ocr_line' id='line_1_14' title="bbox 61 1775 1045 1874; baseline -0.006 -25"><span class='ocrx_word' id='word_1_91' title='bbox 61 1795 160 1864; x_wconf 86' lang='lat' dir='ltr'><strong>snut,</strong></span> <span class='ocrx_word' id='word_1_92' title='bbox 185 1805 339 1874; x_wconf 87' lang='lat' dir='ltr'><strong>quarum</strong></span> <span class='ocrx_word' id='word_1_93' title='bbox 356 1782 445 1850; x_wconf 89' lang='lat' dir='ltr'><strong>aliae</strong></span> <span class='ocrx_word' id='word_1_94' title='bbox 461 1785 611 1853; x_wconf 85' lang='lat' dir='ltr'><strong>tondunt</strong></span> <span class='ocrx_word' id='word_1_95' title='bbox 626 1785 668 1851; x_wconf 90' lang='lat' dir='ltr'><strong>ad</strong></span> <span class='ocrx_word' id='word_1_96' title='bbox 686 1783 792 1850; x_wconf 87' lang='lat' dir='ltr'><strong>imam</strong></span> <span class='ocrx_word' id='word_1_97' title='bbox 807 1794 956 1872; x_wconf 89' lang='lat' dir='ltr'><strong>partem,</strong></span> <span class='ocrx_word' id='word_1_98' title='bbox 982 1775 1045 1846; x_wconf 88' lang='lat' dir='ltr'><strong>nbi</strong></span> 
     </span>
     <span class='ocr_line' id='line_1_15' title="bbox 60 1879 1045 1976; baseline -0.001 -27"><span class='ocrx_word' id='word_1_99' title='bbox 60 1895 202 1952; x_wconf 84' lang='lat' dir='ltr'><strong>meatus</strong></span> <span class='ocrx_word' id='word_1_100' title='bbox 215 1896 267 1953; x_wconf 89' lang='lat' dir='ltr'><strong>est</strong></span> <span class='ocrx_word' id='word_1_101' title='bbox 283 1881 458 1973; x_wconf 88' lang='lat' dir='ltr'><strong>accipiens</strong></span> <span class='ocrx_word' id='word_1_102' title='bbox 475 1879 637 1976; x_wconf 85' lang='lat' dir='ltr'><strong>clrylum,</strong></span> <span class='ocrx_word' id='word_1_103' title='bbox 661 1884 700 1950; x_wconf 89' lang='lat' dir='ltr'><strong>in</strong></span> <span class='ocrx_word' id='word_1_104' title='bbox 723 1907 794 1976; x_wconf 89' lang='lat' dir='ltr'><strong>quo</strong></span> <span class='ocrx_word' id='word_1_105' title='bbox 819 1895 937 1951; x_wconf 87' lang='lat' dir='ltr'><strong>meatu</strong></span> <span class='ocrx_word' id='word_1_106' title='bbox 958 1901 1045 1948; x_wconf 87' lang='lat' dir='ltr'><strong>vena</strong></span> 
     </span>
     <span class='ocr_line' id='line_1_16' title="bbox 61 1975 1045 2074; baseline -0.007 -22"><span class='ocrx_word' id='word_1_107' title='bbox 61 1997 115 2052; x_wconf 75' lang='lat' dir='ltr'><strong>aet</strong></span> <span class='ocrx_word' id='word_1_108' title='bbox 129 1984 303 2073; x_wconf 84' lang='lat' dir='ltr'><strong>amplior,</strong></span> <span class='ocrx_word' id='word_1_109' title='bbox 329 1983 387 2051; x_wconf 86' lang='lat' dir='ltr'><strong>cui</strong></span> <span class='ocrx_word' id='word_1_110' title='bbox 412 2007 543 2051; x_wconf 89' lang='lat' dir='ltr'><strong>nornen</strong></span> <span class='ocrx_word' id='word_1_111' title='bbox 567 1999 618 2054; x_wconf 87' lang='lat' dir='ltr'><strong>est</strong></span> <span class='ocrx_word' id='word_1_112' title='bbox 638 2007 726 2052; x_wconf 88' lang='lat' dir='ltr'><strong>vena</strong></span> <span class='ocrx_word' id='word_1_113' title='bbox 751 1996 871 2074; x_wconf 86' lang='lat' dir='ltr'><strong>portae</strong></span> <span class='ocrx_word' id='word_1_114' title='bbox 894 1982 931 2048; x_wconf 90' lang='lat' dir='ltr'><strong>in</strong></span> <span class='ocrx_word' id='word_1_115' title='bbox 954 1975 1045 2048; x_wconf 89' lang='lat' dir='ltr'><strong>hauc</strong></span> 
     </span>
     <span class='ocr_line' id='line_1_17' title="bbox 60 2083 1044 2175; baseline -0.003 -23"><span class='ocrx_word' id='word_1_116' title='bbox 60 2106 195 2174; x_wconf 82' lang='lat' dir='ltr'><strong>parvae</strong></span> <span class='ocrx_word' id='word_1_117' title='bbox 211 2083 293 2151; x_wconf 88' lang='lat' dir='ltr'><strong>illae</strong></span> <span class='ocrx_word' id='word_1_118' title='bbox 309 2084 518 2173; x_wconf 81' lang='lat' dir='ltr'><strong>propagines</strong></span> <span class='ocrx_word' id='word_1_119' title='bbox 534 2109 575 2153; x_wconf 85' lang='lat' dir='ltr'><strong>ex</strong></span> <span class='ocrx_word' id='word_1_120' title='bbox 601 2106 747 2175; x_wconf 87' lang='lat' dir='ltr'><strong>corpore</strong></span> <span class='ocrx_word' id='word_1_121' title='bbox 773 2085 883 2173; x_wconf 86' lang='lat' dir='ltr'><strong>epatis</strong></span> <span class='ocrx_word' id='word_1_122' title='bbox 905 2086 1044 2150; x_wconf 76' lang='lat' dir='ltr'><strong>coiinnt.</strong></span> 
     </span>
     <span class='ocr_line' id='line_1_18' title="bbox 63 2178 1045 2276; baseline -0.005 -24"><span class='ocrx_word' id='word_1_123' title='bbox 63 2187 115 2253; x_wconf 77' lang='lat' dir='ltr'><strong>Ac</strong></span> <span class='ocrx_word' id='word_1_124' title='bbox 138 2207 274 2252; x_wconf 88' lang='lat' dir='ltr'><strong>nomen</strong></span> <span class='ocrx_word' id='word_1_125' title='bbox 300 2196 350 2252; x_wconf 89' lang='lat' dir='ltr'><strong>est</strong></span> <span class='ocrx_word' id='word_1_126' title='bbox 368 2181 495 2254; x_wconf 91' lang='lat' dir='ltr'><strong>Portae</strong></span> <span class='ocrx_word' id='word_1_127' title='bbox 517 2178 601 2254; x_wconf 90' lang='lat' dir='ltr'><strong>huie</strong></span> <span class='ocrx_word' id='word_1_128' title='bbox 625 2209 754 2265; x_wconf 87' lang='lat' dir='ltr'><strong>venne,</strong></span> <span class='ocrx_word' id='word_1_129' title='bbox 781 2185 864 2276; x_wconf 87' lang='lat' dir='ltr'><strong>quia</strong></span> <span class='ocrx_word' id='word_1_130' title='bbox 886 2204 1045 2273; x_wconf 89' lang='lat' dir='ltr'><strong>peream</strong></span> 
     </span>
     <span class='ocr_line' id='line_1_19' title="bbox 63 2279 1047 2377; baseline -0.001 -24"><span class='ocrx_word' id='word_1_131' title='bbox 63 2280 250 2353; x_wconf 84' lang='lat' dir='ltr'><strong>invehitur</strong></span> <span class='ocrx_word' id='word_1_132' title='bbox 265 2279 391 2375; x_wconf 82' lang='lat' dir='ltr'><strong>chylus</strong></span> <span class='ocrx_word' id='word_1_133' title='bbox 407 2284 445 2352; x_wconf 93' lang='lat' dir='ltr'><strong>in</strong></span> <span class='ocrx_word' id='word_1_134' title='bbox 471 2308 568 2377; x_wconf 88' lang='lat' dir='ltr'><strong>epar.</strong></span> <span class='ocrx_word' id='word_1_135' title='bbox 620 2282 721 2354; x_wconf 83' lang='lat' dir='ltr'><strong>Aliae</strong></span> <span class='ocrx_word' id='word_1_136' title='bbox 738 2307 876 2354; x_wconf 87' lang='lat' dir='ltr'><strong>sursum</strong></span> <span class='ocrx_word' id='word_1_137' title='bbox 896 2285 1047 2352; x_wconf 89' lang='lat' dir='ltr'><strong>tendunt</strong></span> 
     </span>
     <span class='ocr_line' id='line_1_20' title="bbox 63 2384 1047 2477; baseline -0.004 -24"><span class='ocrx_word' id='word_1_138' title='bbox 63 2386 100 2453; x_wconf 93' lang='lat' dir='ltr'><strong>in</strong></span> <span class='ocrx_word' id='word_1_139' title='bbox 115 2386 267 2472; x_wconf 85' lang='lat' dir='ltr'><strong>gibbum</strong></span> <span class='ocrx_word' id='word_1_140' title='bbox 292 2384 421 2473; x_wconf 88' lang='lat' dir='ltr'><strong>epatis,</strong></span> <span class='ocrx_word' id='word_1_141' title='bbox 451 2400 484 2455; x_wconf 91' lang='lat' dir='ltr'><strong>et</strong></span> <span class='ocrx_word' id='word_1_142' title='bbox 508 2393 639 2456; x_wconf 73' lang='lat' dir='ltr'><strong>rodunt</strong></span> <span class='ocrx_word' id='word_1_143' title='bbox 667 2387 705 2453; x_wconf 91' lang='lat' dir='ltr'><strong>in</strong></span> <span class='ocrx_word' id='word_1_144' title='bbox 730 2385 883 2477; x_wconf 89' lang='lat' dir='ltr'><strong>amplam</strong></span> <span class='ocrx_word' id='word_1_145' title='bbox 907 2406 1047 2467; x_wconf 87' lang='lat' dir='ltr'><strong>venam,</strong></span> 
     </span>
     <span class='ocr_line' id='line_1_21' title="bbox 65 2480 1049 2578; baseline -0.002 -24"><span class='ocrx_word' id='word_1_146' title='bbox 65 2511 155 2578; x_wconf 84' lang='lat' dir='ltr'><strong>quae</strong></span> <span class='ocrx_word' id='word_1_147' title='bbox 180 2485 392 2553; x_wconf 87' lang='lat' dir='ltr'><strong>nominatur</strong></span> <span class='ocrx_word' id='word_1_148' title='bbox 413 2508 502 2554; x_wconf 86' lang='lat' dir='ltr'><strong>vena</strong></span> <span class='ocrx_word' id='word_1_149' title='bbox 526 2511 634 2570; x_wconf 82' lang='lat' dir='ltr'><strong>cavo,</strong></span> <span class='ocrx_word' id='word_1_150' title='bbox 665 2508 785 2575; x_wconf 83' lang='lat' dir='ltr'><strong>graece</strong></span> <span class='ocrx_word' id='word_1_151' title='bbox 808 2480 932 2578; x_wconf 77' lang='grc' dir='ltr'><strong><em>κοιλὴ,</em></strong></span> <span class='ocrx_word' id='word_1_152' title='bbox 959 2508 1049 2576; x_wconf 89' lang='lat' dir='ltr'><strong>qnae</strong></span> 
     </span>
     <span class='ocr_line' id='line_1_22' title="bbox 62 2580 1048 2676; baseline 0.001 -23"><span class='ocrx_word' id='word_1_153' title='bbox 62 2587 275 2674; x_wconf 81' lang='lat' dir='ltr'><strong>sanguinem</strong></span> <span class='ocrx_word' id='word_1_154' title='bbox 292 2580 388 2655; x_wconf 88' lang='lat' dir='ltr'><strong>vehit</strong></span> <span class='ocrx_word' id='word_1_155' title='bbox 402 2588 447 2654; x_wconf 86' lang='lat' dir='ltr'><strong>ad</strong></span> <span class='ocrx_word' id='word_1_156' title='bbox 467 2609 549 2671; x_wconf 87' lang='lat' dir='ltr'><strong>cor,</strong></span> <span class='ocrx_word' id='word_1_157' title='bbox 576 2600 614 2655; x_wconf 88' lang='lat' dir='ltr'><strong>ut</strong></span> <span class='ocrx_word' id='word_1_158' title='bbox 629 2603 746 2676; x_wconf 84' lang='lat' dir='ltr'><strong>postea</strong></span> <span class='ocrx_word' id='word_1_159' title='bbox 762 2587 910 2657; x_wconf 86' lang='lat' dir='ltr'><strong>dicetur.</strong></span> <span class='ocrx_word' id='word_1_160' title='bbox 946 2584 1048 2654; x_wconf 83' lang='lat' dir='ltr'><strong>Hanc</strong></span> 
     </span>
    </p>
   </div>
   <div class='ocr_carea' id='block_1_6' title="bbox 1096 710 2080 2723">
    <p class='ocr_par' dir='ltr' id='par_1_7' title="bbox 1096 710 2080 2200">
     <span class='ocr_line' id='line_1_23' title="bbox 1099 710 2080 808; baseline -0.015 -18"><span class='ocrx_word' id='word_1_161' title='bbox 1099 723 1166 790; x_wconf 90' lang='lat' dir='ltr'><strong>bus</strong></span> <span class='ocrx_word' id='word_1_162' title='bbox 1181 724 1388 804; x_wconf 88' lang='lat' dir='ltr'><strong>traduntur,</strong></span> <span class='ocrx_word' id='word_1_163' title='bbox 1415 741 1460 784; x_wconf 90' lang='lat' dir='ltr'><strong>ue</strong></span> <span class='ocrx_word' id='word_1_164' title='bbox 1479 737 1622 808; x_wconf 87' lang='lat' dir='ltr'><strong>prorsus</strong></span> <span class='ocrx_word' id='word_1_165' title='bbox 1642 717 1760 805; x_wconf 90' lang='lat' dir='ltr'><strong>ignota</strong></span> <span class='ocrx_word' id='word_1_166' title='bbox 1779 713 1849 780; x_wconf 85' lang='lat' dir='ltr'><strong>sint</strong></span> <span class='ocrx_word' id='word_1_167' title='bbox 1871 710 2080 802; x_wconf 83' lang='lat' dir='ltr'><strong>praecipua·</strong></span> 
     </span>
     <span class='ocr_line' id='line_1_24' title="bbox 1098 808 2080 896; baseline -0.014 -6"><span class='ocrx_word' id='word_1_168' title='bbox 1098 846 1178 890; x_wconf 89' lang='lat' dir='ltr'><strong>rum</strong></span> <span class='ocrx_word' id='word_1_169' title='bbox 1194 823 1373 891; x_wconf 89' lang='lat' dir='ltr'><strong>actionum</strong></span> <span class='ocrx_word' id='word_1_170' title='bbox 1396 819 1576 888; x_wconf 88' lang='lat' dir='ltr'><strong>domicilia</strong></span> <span class='ocrx_word' id='word_1_171' title='bbox 1593 830 1627 886; x_wconf 89' lang='lat' dir='ltr'><strong>et</strong></span> <span class='ocrx_word' id='word_1_172' title='bbox 1644 818 1742 885; x_wconf 87' lang='lat' dir='ltr'><strong>sedes</strong></span> <span class='ocrx_word' id='word_1_173' title='bbox 1759 814 1795 882; x_wconf 90' lang='lat' dir='ltr'><strong>in</strong></span> <span class='ocrx_word' id='word_1_174' title='bbox 1815 808 1970 883; x_wconf 86' lang='lat' dir='ltr'><strong>homine.</strong></span> <span class='ocrx_word' id='word_1_175' title='bbox 2006 808 2080 896; x_wconf 81' lang='lat' dir='ltr'><strong>Qui</strong></span> 
     </span>
     <span class='ocr_line' id='line_1_25' title="bbox 1099 909 2079 1010; baseline -0.01 -21"><span class='ocrx_word' id='word_1_176' title='bbox 1099 946 1183 991; x_wconf 85' lang='lat' dir='ltr'><strong>vero</strong></span> <span class='ocrx_word' id='word_1_177' title='bbox 1199 923 1387 1006; x_wconf 89' lang='lat' dir='ltr'><strong>dixerunt,</strong></span> <span class='ocrx_word' id='word_1_178' title='bbox 1412 920 1539 1010; x_wconf 86' lang='lat' dir='ltr'><strong>pinnas</strong></span> <span class='ocrx_word' id='word_1_179' title='bbox 1555 941 1614 987; x_wconf 88' lang='lat' dir='ltr'><strong>seu</strong></span> <span class='ocrx_word' id='word_1_180' title='bbox 1632 911 1767 1010; x_wconf 77' lang='grc' dir='ltr'><em>λόβους</em></span> <span class='ocrx_word' id='word_1_181' title='bbox 1796 913 1907 1002; x_wconf 86' lang='lat' dir='ltr'><strong>epotis</strong></span> <span class='ocrx_word' id='word_1_182' title='bbox 1920 909 2079 1003; x_wconf 83' lang='lat' dir='ltr'><strong>quinque</strong></span> 
     </span>
     <span class='ocr_line' id='line_1_26' title="bbox 1098 1012 2078 1116; baseline -0.017 -23"><span class='ocrx_word' id='word_1_183' title='bbox 1098 1047 1160 1093; x_wconf 89' lang='lat' dir='ltr'><strong>seu</strong></span> <span class='ocrx_word' id='word_1_184' title='bbox 1175 1038 1325 1116; x_wconf 88' lang='lat' dir='ltr'><strong>quatuor</strong></span> <span class='ocrx_word' id='word_1_185' title='bbox 1343 1044 1435 1104; x_wconf 89' lang='lat' dir='ltr'><strong>esse,</strong></span> <span class='ocrx_word' id='word_1_186' title='bbox 1460 1019 1606 1088; x_wconf 86' lang='lat' dir='ltr'><strong>nomina</strong></span> <span class='ocrx_word' id='word_1_187' title='bbox 1622 1019 1728 1088; x_wconf 89' lang='lat' dir='ltr'><strong>etiam</strong></span> <span class='ocrx_word' id='word_1_188' title='bbox 1743 1014 1890 1101; x_wconf 90' lang='lat' dir='ltr'><strong>singulis</strong></span> <span class='ocrx_word' id='word_1_189' title='bbox 1904 1012 2078 1080; x_wconf 87' lang='lat' dir='ltr'><strong>attribue·</strong></span> 
     </span>
     <span class='ocr_line' id='line_1_27' title="bbox 1099 1113 2076 1210; baseline -0.017 -17"><span class='ocrx_word' id='word_1_190' title='bbox 1099 1139 1194 1194; x_wconf 85' lang='lat' dir='ltr'><strong>rnut.</strong></span> <span class='ocrx_word' id='word_1_191' title='bbox 1247 1122 1387 1191; x_wconf 87' lang='lat' dir='ltr'><strong>Primae</strong></span> <span class='ocrx_word' id='word_1_192' title='bbox 1404 1123 1533 1210; x_wconf 87' lang='lat' dir='ltr'><strong>pinuae</strong></span> <span class='ocrx_word' id='word_1_193' title='bbox 1548 1118 1736 1208; x_wconf 88' lang='lat' dir='ltr'><strong>adpellatio</strong></span> <span class='ocrx_word' id='word_1_194' title='bbox 1751 1116 1842 1204; x_wconf 90' lang='lat' dir='ltr'><strong>apud</strong></span> <span class='ocrx_word' id='word_1_195' title='bbox 1861 1113 1941 1180; x_wconf 90' lang='lat' dir='ltr'><strong>illos</strong></span> <span class='ocrx_word' id='word_1_196' title='bbox 1955 1125 2004 1179; x_wconf 90' lang='lat' dir='ltr'><strong>est</strong></span> <span class='ocrx_word' id='word_1_197' title='bbox 2022 1113 2076 1176; x_wconf 87' lang='lat' dir='ltr'><strong>su-</strong></span> 
     </span>
     <span class='ocr_line' id='line_1_28' title="bbox 1098 1213 2075 1317; baseline -0.017 -24"><span class='ocrx_word' id='word_1_198' title='bbox 1098 1249 1177 1309; x_wconf 88' lang='lat' dir='ltr'><strong>cus,</strong></span> <span class='ocrx_word' id='word_1_199' title='bbox 1204 1226 1297 1317; x_wconf 92' lang='lat' dir='ltr'><strong>quod</strong></span> <span class='ocrx_word' id='word_1_200' title='bbox 1317 1223 1366 1293; x_wconf 88' lang='lat' dir='ltr'><strong>ibi</strong></span> <span class='ocrx_word' id='word_1_201' title='bbox 1384 1223 1525 1291; x_wconf 87' lang='lat' dir='ltr'><strong>initium</strong></span> <span class='ocrx_word' id='word_1_202' title='bbox 1544 1221 1603 1288; x_wconf 80' lang='lat' dir='ltr'><strong>siat</strong></span> <span class='ocrx_word' id='word_1_203' title='bbox 1617 1216 1798 1288; x_wconf 85' lang='lat' dir='ltr'><strong>coctionis.</strong></span> <span class='ocrx_word' id='word_1_204' title='bbox 1839 1213 2001 1283; x_wconf 87' lang='lat' dir='ltr'><strong>Secunda</strong></span> <span class='ocrx_word' id='word_1_205' title='bbox 2018 1213 2075 1277; x_wconf 94' lang='lat' dir='ltr'><strong>di-</strong></span> 
     </span>
     <span class='ocr_line' id='line_1_29' title="bbox 1097 1313 2075 1413; baseline -0.017 -19"><span class='ocrx_word' id='word_1_206' title='bbox 1097 1326 1190 1394; x_wconf 84' lang='lat' dir='ltr'><strong>eitur</strong></span> <span class='ocrx_word' id='word_1_207' title='bbox 1211 1348 1351 1409; x_wconf 89' lang='lat' dir='ltr'><strong>mensa,</strong></span> <span class='ocrx_word' id='word_1_208' title='bbox 1378 1323 1559 1413; x_wconf 88' lang='lat' dir='ltr'><strong>quodiam</strong></span> <span class='ocrx_word' id='word_1_209' title='bbox 1579 1320 1725 1410; x_wconf 89' lang='lat' dir='ltr'><strong>incipiat</strong></span> <span class='ocrx_word' id='word_1_210' title='bbox 1740 1317 1789 1386; x_wconf 87' lang='lat' dir='ltr'><strong>ibi</strong></span> <span class='ocrx_word' id='word_1_211' title='bbox 1809 1313 1985 1382; x_wconf 87' lang='lat' dir='ltr'><strong>cunllucre</strong></span> <span class='ocrx_word' id='word_1_212' title='bbox 2006 1334 2075 1378; x_wconf 91' lang='lat' dir='ltr'><strong>nu-</strong></span> 
     </span>
     <span class='ocr_line' id='line_1_30' title="bbox 1096 1414 2077 1512; baseline -0.017 -17"><span class='ocrx_word' id='word_1_213' title='bbox 1096 1427 1313 1496; x_wconf 89' lang='lat' dir='ltr'><strong>trimentum.</strong></span> <span class='ocrx_word' id='word_1_214' title='bbox 1371 1422 1493 1493; x_wconf 88' lang='lat' dir='ltr'><strong>Tertia</strong></span> <span class='ocrx_word' id='word_1_215' title='bbox 1515 1423 1646 1504; x_wconf 87' lang='lat' dir='ltr'><strong>culter,</strong></span> <span class='ocrx_word' id='word_1_216' title='bbox 1677 1419 1772 1512; x_wconf 92' lang='lat' dir='ltr'><strong>quod</strong></span> <span class='ocrx_word' id='word_1_217' title='bbox 1798 1416 1848 1484; x_wconf 91' lang='lat' dir='ltr'><strong>ibi</strong></span> <span class='ocrx_word' id='word_1_218' title='bbox 1869 1414 2077 1482; x_wconf 80' lang='lat' dir='ltr'><strong>dividantur</strong></span> 
     </span>
     <span class='ocr_line' id='line_1_31' title="bbox 1098 1520 2074 1613; baseline -0.017 -19"><span class='ocrx_word' id='word_1_219' title='bbox 1098 1522 1275 1596; x_wconf 83' lang='lat' dir='ltr'><strong>humores.</strong></span> <span class='ocrx_word' id='word_1_220' title='bbox 1326 1523 1461 1612; x_wconf 88' lang='lat' dir='ltr'><strong>Quarta</strong></span> <span class='ocrx_word' id='word_1_221' title='bbox 1478 1523 1617 1610; x_wconf 84' lang='lat' dir='ltr'><strong>auriga,</strong></span> <span class='ocrx_word' id='word_1_222' title='bbox 1646 1521 1727 1613; x_wconf 93' lang='lat' dir='ltr'><strong>quia</strong></span> <span class='ocrx_word' id='word_1_223' title='bbox 1746 1520 1789 1586; x_wconf 88' lang='lat' dir='ltr'><strong>ad</strong></span> <span class='ocrx_word' id='word_1_224' title='bbox 1805 1539 1929 1583; x_wconf 87' lang='lat' dir='ltr'><strong>venam</strong></span> <span class='ocrx_word' id='word_1_225' title='bbox 1954 1533 2074 1582; x_wconf 89' lang='lat' dir='ltr'><strong>cavam</strong></span> 
     </span>
     <span class='ocr_line' id='line_1_32' title="bbox 1097 1614 2075 1706; baseline -0.02 -8"><span class='ocrx_word' id='word_1_226' title='bbox 1097 1627 1308 1698; x_wconf 87' lang='lat' dir='ltr'><strong>transvectio</strong></span> <span class='ocrx_word' id='word_1_227' title='bbox 1328 1626 1377 1695; x_wconf 90' lang='lat' dir='ltr'><strong>ibi</strong></span> <span class='ocrx_word' id='word_1_228' title='bbox 1394 1626 1463 1694; x_wconf 89' lang='lat' dir='ltr'><strong>liat.</strong></span> <span class='ocrx_word' id='word_1_229' title='bbox 1490 1620 1568 1694; x_wconf 85' lang='lat' dir='ltr'><strong>Etsi</strong></span> <span class='ocrx_word' id='word_1_230' title='bbox 1583 1635 1699 1692; x_wconf 88' lang='lat' dir='ltr'><strong>autem</strong></span> <span class='ocrx_word' id='word_1_231' title='bbox 1716 1614 1781 1688; x_wconf 86' lang='lat' dir='ltr'><strong>hae</strong></span> <span class='ocrx_word' id='word_1_232' title='bbox 1798 1615 1967 1706; x_wconf 87' lang='lat' dir='ltr'><strong>pinnulae</strong></span> <span class='ocrx_word' id='word_1_233' title='bbox 1977 1635 2075 1680; x_wconf 88' lang='lat' dir='ltr'><strong>com-</strong></span> 
     </span>
     <span class='ocr_line' id='line_1_33' title="bbox 1097 1712 2076 1808; baseline -0.018 -12"><span class='ocrx_word' id='word_1_234' title='bbox 1097 1728 1281 1796; x_wconf 87' lang='lat' dir='ltr'><strong>meuticiae</strong></span> <span class='ocrx_word' id='word_1_235' title='bbox 1311 1749 1383 1795; x_wconf 88' lang='lat' dir='ltr'><strong>esse</strong></span> <span class='ocrx_word' id='word_1_236' title='bbox 1411 1726 1596 1808; x_wconf 90' lang='lat' dir='ltr'><strong>dicuntur,</strong></span> <span class='ocrx_word' id='word_1_237' title='bbox 1629 1736 1747 1792; x_wconf 89' lang='lat' dir='ltr'><strong>tamen</strong></span> <span class='ocrx_word' id='word_1_238' title='bbox 1777 1712 1840 1786; x_wconf 82' lang='lat' dir='ltr'><strong>ltus</strong></span> <span class='ocrx_word' id='word_1_239' title='bbox 1867 1713 2076 1805; x_wconf 90' lang='lat' dir='ltr'><strong>adpellatio·</strong></span> 
     </span>
     <span class='ocr_line' id='line_1_34' title="bbox 1096 1810 2073 1908; baseline -0.019 -11"><span class='ocrx_word' id='word_1_240' title='bbox 1096 1853 1158 1897; x_wconf 91' lang='lat' dir='ltr'><strong>nes</strong></span> <span class='ocrx_word' id='word_1_241' title='bbox 1173 1829 1389 1896; x_wconf 89' lang='lat' dir='ltr'><strong>diversarum</strong></span> <span class='ocrx_word' id='word_1_242' title='bbox 1405 1826 1629 1895; x_wconf 81' lang='lat' dir='ltr'><strong>functionum</strong></span> <span class='ocrx_word' id='word_1_243' title='bbox 1644 1819 1810 1903; x_wconf 85' lang='lat' dir='ltr'><strong>recitavi,</strong></span> <span class='ocrx_word' id='word_1_244' title='bbox 1836 1817 1918 1908; x_wconf 84' lang='lat' dir='ltr'><strong>quia</strong></span> <span class='ocrx_word' id='word_1_245' title='bbox 1937 1810 1987 1898; x_wconf 87' lang='lat' dir='ltr'><strong>bi,</strong></span> <span class='ocrx_word' id='word_1_246' title='bbox 2009 1812 2073 1903; x_wconf 91' lang='lat' dir='ltr'><strong>qui</strong></span> 
     </span>
     <span class='ocr_line' id='line_1_35' title="bbox 1097 1917 2076 2006; baseline -0.022 -7"><span class='ocrx_word' id='word_1_247' title='bbox 1097 1952 1154 1999; x_wconf 90' lang='lat' dir='ltr'><strong>eas</strong></span> <span class='ocrx_word' id='word_1_248' title='bbox 1182 1928 1426 2006; x_wconf 77' lang='lat' dir='ltr'><strong>tradiderunt,</strong></span> <span class='ocrx_word' id='word_1_249' title='bbox 1465 1926 1627 1994; x_wconf 85' lang='lat' dir='ltr'><strong>ordinem</strong></span> <span class='ocrx_word' id='word_1_250' title='bbox 1660 1923 1839 1993; x_wconf 88' lang='lat' dir='ltr'><strong>actionum</strong></span> <span class='ocrx_word' id='word_1_251' title='bbox 1867 1917 2076 2004; x_wconf 77' lang='lat' dir='ltr'><strong>cogitarunt,</strong></span> 
     </span>
     <span class='ocr_line' id='line_1_36' title="bbox 1097 2017 2073 2118; baseline -0.02 -20"><span class='ocrx_word' id='word_1_252' title='bbox 1097 2029 1233 2100; x_wconf 83' lang='lat' dir='ltr'><strong>etiamsi</strong></span> <span class='ocrx_word' id='word_1_253' title='bbox 1256 2027 1365 2118; x_wconf 84' lang='lat' dir='ltr'><strong>epatis</strong></span> <span class='ocrx_word' id='word_1_254' title='bbox 1379 2028 1489 2115; x_wconf 85' lang='lat' dir='ltr'><strong>ligura</strong></span> <span class='ocrx_word' id='word_1_255' title='bbox 1506 2026 1628 2095; x_wconf 86' lang='lat' dir='ltr'><strong>scissas</strong></span> <span class='ocrx_word' id='word_1_256' title='bbox 1645 2017 1714 2091; x_wconf 91' lang='lat' dir='ltr'><strong>hoc</strong></span> <span class='ocrx_word' id='word_1_257' title='bbox 1736 2019 1844 2089; x_wconf 89' lang='lat' dir='ltr'><strong>modo</strong></span> <span class='ocrx_word' id='word_1_258' title='bbox 1861 2031 1976 2106; x_wconf 86' lang='lat' dir='ltr'><strong>partes</strong></span> <span class='ocrx_word' id='word_1_259' title='bbox 1998 2036 2073 2080; x_wconf 90' lang='lat' dir='ltr'><strong>nou</strong></span> 
     </span>
     <span class='ocr_line' id='line_1_37' title="bbox 1097 2126 1254 2200; baseline -0.006 0"><span class='ocrx_word' id='word_1_260' title='bbox 1097 2126 1254 2200; x_wconf 84' lang='lat' dir='ltr'><strong>haberet.</strong></span> 
     </span>
    </p>

    <p class='ocr_par' dir='ltr' id='par_1_8' title="bbox 1097 2208 2077 2723">
     <span class='ocr_line' id='line_1_38' title="bbox 1199 2208 2074 2316; baseline -0.03 -15"><span class='ocrx_word' id='word_1_261' title='bbox 1199 2227 1340 2300; x_wconf 88' lang='lat' dir='ltr'><strong>Omitto</strong></span> <span class='ocrx_word' id='word_1_262' title='bbox 1355 2229 1459 2299; x_wconf 88' lang='lat' dir='ltr'><strong>etiam</strong></span> <span class='ocrx_word' id='word_1_263' title='bbox 1474 2219 1745 2316; x_wconf 87' lang='lat' dir='ltr'><strong>disputationem</strong></span> <span class='ocrx_word' id='word_1_264' title='bbox 1761 2221 1805 2288; x_wconf 93' lang='lat' dir='ltr'><strong>de</strong></span> <span class='ocrx_word' id='word_1_265' title='bbox 1818 2236 1988 2285; x_wconf 87' lang='lat' dir='ltr'><strong>venarum</strong></span> <span class='ocrx_word' id='word_1_266' title='bbox 2000 2208 2074 2278; x_wconf 89' lang='lat' dir='ltr'><strong>ori·</strong></span> 
     </span>
     <span class='ocr_line' id='line_1_39' title="bbox 1099 2309 2077 2424; baseline -0.022 -25"><span class='ocrx_word' id='word_1_267' title='bbox 1099 2333 1191 2422; x_wconf 82' lang='lat' dir='ltr'><strong>gine,</strong></span> <span class='ocrx_word' id='word_1_268' title='bbox 1220 2355 1369 2424; x_wconf 89' lang='lat' dir='ltr'><strong>quarum</strong></span> <span class='ocrx_word' id='word_1_269' title='bbox 1385 2352 1457 2398; x_wconf 86' lang='lat' dir='ltr'><strong>esse</strong></span> <span class='ocrx_word' id='word_1_270' title='bbox 1473 2327 1628 2409; x_wconf 91' lang='lat' dir='ltr'><strong>initium,</strong></span> <span class='ocrx_word' id='word_1_271' title='bbox 1654 2335 1688 2392; x_wconf 88' lang='lat' dir='ltr'><strong>et</strong></span> <span class='ocrx_word' id='word_1_272' title='bbox 1700 2320 1809 2390; x_wconf 80' lang='lat' dir='ltr'><strong>veluti</strong></span> <span class='ocrx_word' id='word_1_273' title='bbox 1825 2330 1988 2386; x_wconf 82' lang='lat' dir='ltr'><strong>truncum</strong></span> <span class='ocrx_word' id='word_1_274' title='bbox 2001 2309 2077 2379; x_wconf 87' lang='lat' dir='ltr'><strong>Ga-</strong></span> 
     </span>
     <span class='ocr_line' id='line_1_40' title="bbox 1097 2416 2074 2514; baseline -0.027 -12"><span class='ocrx_word' id='word_1_275' title='bbox 1097 2436 1200 2502; x_wconf 90' lang='lat' dir='ltr'><strong>lenus</strong></span> <span class='ocrx_word' id='word_1_276' title='bbox 1216 2432 1390 2501; x_wconf 87' lang='lat' dir='ltr'><strong>existimat</strong></span> <span class='ocrx_word' id='word_1_277' title='bbox 1406 2453 1525 2498; x_wconf 89' lang='lat' dir='ltr'><strong>cavam</strong></span> <span class='ocrx_word' id='word_1_278' title='bbox 1542 2447 1687 2507; x_wconf 87' lang='lat' dir='ltr'><strong>venam,</strong></span> <span class='ocrx_word' id='word_1_279' title='bbox 1711 2443 1800 2514; x_wconf 89' lang='lat' dir='ltr'><strong>quae</strong></span> <span class='ocrx_word' id='word_1_280' title='bbox 1825 2430 1876 2486; x_wconf 87' lang='lat' dir='ltr'><strong>est</strong></span> <span class='ocrx_word' id='word_1_281' title='bbox 1903 2416 1939 2481; x_wconf 93' lang='lat' dir='ltr'><strong>in</strong></span> <span class='ocrx_word' id='word_1_282' title='bbox 1963 2430 2074 2500; x_wconf 88' lang='lat' dir='ltr'><strong>supe-</strong></span> 
     </span>
     <span class='ocr_line' id='line_1_41' title="bbox 1098 2507 2076 2623; baseline -0.028 -20"><span class='ocrx_word' id='word_1_283' title='bbox 1098 2535 1193 2604; x_wconf 94' lang='lat' dir='ltr'><strong>riore</strong></span> <span class='ocrx_word' id='word_1_284' title='bbox 1216 2547 1314 2623; x_wconf 91' lang='lat' dir='ltr'><strong>parte</strong></span> <span class='ocrx_word' id='word_1_285' title='bbox 1346 2531 1466 2622; x_wconf 85' lang='lat' dir='ltr'><strong>epatis.</strong></span> <span class='ocrx_word' id='word_1_286' title='bbox 1523 2527 1602 2598; x_wconf 88' lang='lat' dir='ltr'><strong>Hoc</strong></span> <span class='ocrx_word' id='word_1_287' title='bbox 1623 2548 1707 2594; x_wconf 91' lang='lat' dir='ltr'><strong>vero</strong></span> <span class='ocrx_word' id='word_1_288' title='bbox 1732 2534 1865 2591; x_wconf 89' lang='lat' dir='ltr'><strong>certum</strong></span> <span class='ocrx_word' id='word_1_289' title='bbox 1890 2528 1957 2598; x_wconf 83' lang='lat' dir='ltr'><strong>est,</strong></span> <span class='ocrx_word' id='word_1_290' title='bbox 1982 2507 2076 2579; x_wconf 86' lang='lat' dir='ltr'><strong>hane</strong></span> 
     </span>
     <span class='ocr_line' id='line_1_42' title="bbox 1099 2611 2075 2723; baseline -0.028 -19"><span class='ocrx_word' id='word_1_291' title='bbox 1099 2659 1171 2705; x_wconf 89' lang='lat' dir='ltr'><strong>esse</strong></span> <span class='ocrx_word' id='word_1_292' title='bbox 1201 2634 1374 2714; x_wconf 85' lang='lat' dir='ltr'><strong>canalem,</strong></span> <span class='ocrx_word' id='word_1_293' title='bbox 1407 2655 1477 2723; x_wconf 87' lang='lat' dir='ltr'><strong>qno</strong></span> <span class='ocrx_word' id='word_1_294' title='bbox 1501 2627 1640 2716; x_wconf 87' lang='lat' dir='ltr'><strong>sangnis</strong></span> <span class='ocrx_word' id='word_1_295' title='bbox 1660 2624 1813 2715; x_wconf 91' lang='lat' dir='ltr'><strong>primum</strong></span> <span class='ocrx_word' id='word_1_296' title='bbox 1838 2612 1998 2685; x_wconf 86' lang='lat' dir='ltr'><strong>evehitur</strong></span> <span class='ocrx_word' id='word_1_297' title='bbox 2029 2611 2075 2679; x_wconf 89' lang='lat' dir='ltr'><strong>ad</strong></span> 
     </span>
    </p>
   </div>
   <div class='ocr_carea' id='block_1_7' title="bbox 63 2680 1048 2780">
    <p class='ocr_par' dir='ltr' id='par_1_9' title="bbox 63 2680 1048 2780">
     <span class='ocr_line' id='line_1_43' title="bbox 63 2680 1048 2780; baseline 0.003 -29"><span class='ocrx_word' id='word_1_298' title='bbox 63 2711 192 2755; x_wconf 85' lang='lat' dir='ltr'><strong>venam</strong></span> <span class='ocrx_word' id='word_1_299' title='bbox 219 2680 347 2778; x_wconf 77' lang='grc' dir='ltr'><strong><em>κοιλὴν</em></strong></span> <span class='ocrx_word' id='word_1_300' title='bbox 374 2684 534 2756; x_wconf 84' lang='lat' dir='ltr'><strong>Galenus</strong></span> <span class='ocrx_word' id='word_1_301' title='bbox 563 2689 737 2761; x_wconf 82' lang='lat' dir='ltr'><strong>existimat</strong></span> <span class='ocrx_word' id='word_1_302' title='bbox 761 2689 916 2780; x_wconf 83' lang='lat' dir='ltr'><strong>primurn</strong></span> <span class='ocrx_word' id='word_1_303' title='bbox 939 2710 1048 2756; x_wconf 88' lang='lat' dir='ltr'><strong>vena·</strong></span> 
     </span>
    </p>
   </div>
   <div class='ocr_carea' id='block_1_8' title="bbox 66 2720 2076 2860">
    <p class='ocr_par' dir='ltr' id='par_1_10' title="bbox 66 2720 2076 2860">
     <span class='ocr_line' id='line_1_44' title="bbox 126 2720 2076 2811; baseline -0.028 22"><span class='ocrx_word' id='word_1_304' title='bbox 126 2803 131 2811; x_wconf 90' lang='lat'>·</span> <span class='ocrx_word' id='word_1_305' title='bbox 166 2789 174 2803; x_wconf 91' lang='lat'><strong>·</strong></span> <span class='ocrx_word' id='word_1_306' title='bbox 208 2787 246 2803; x_wconf 92' lang='lat'><strong>··</strong></span> <span class='ocrx_word' id='word_1_307' title='bbox 1098 2735 1287 2806; x_wconf 83' lang='lat' dir='ltr'><strong>nutrienda</strong></span> <span class='ocrx_word' id='word_1_308' title='bbox 1303 2745 1439 2802; x_wconf 87' lang='lat' dir='ltr'><strong>coetera</strong></span> <span class='ocrx_word' id='word_1_309' title='bbox 1453 2730 1621 2798; x_wconf 88' lang='lat' dir='ltr'><strong>membra.</strong></span> <span class='ocrx_word' id='word_1_310' title='bbox 1661 2720 1831 2794; x_wconf 84' lang='lat' dir='ltr'><strong>Ascendit</strong></span> <span class='ocrx_word' id='word_1_311' title='bbox 1857 2730 2076 2785; x_wconf 81' lang='lat' dir='ltr'><strong>antemcava</strong></span> 
     </span>
     <span class='ocr_line' id='line_1_45' title="bbox 66 2801 414 2860; baseline -0.009 -3"><span class='ocrx_word' id='word_1_312' title='bbox 66 2812 146 2856; x_wconf 84' lang='lat' dir='ltr'><strong>rum</strong></span> <span class='ocrx_word' id='word_1_313' title='bbox 163 2801 310 2855; x_wconf 82' lang='lat' dir='ltr'><strong>uultum</strong></span> <span class='ocrx_word' id='word_1_314' title='bbox 328 2809 414 2860; x_wconf 83' lang='lat' dir='ltr'><strong>esse.</strong></span> 
     </span>
    </p>
   </div>
   <div class='ocr_carea' id='block_1_9' title="bbox 167 2815 2076 3019">
    <p class='ocr_par' dir='ltr' id='par_1_11' title="bbox 167 2815 2076 3019">
     <span class='ocr_line' id='line_1_46' title="bbox 167 2815 2073 2972; baseline -0.039 -20"><span class='ocrx_word' id='word_1_315' title='bbox 167 2902 278 2972; x_wconf 59' lang='lat' dir='ltr'><strong>pereo</strong></span> <span class='ocrx_word' id='word_1_316' title='bbox 332 2903 341 2922; x_wconf 93' lang='lat'><strong>·</strong></span> <span class='ocrx_word' id='word_1_317' title='bbox 687 2906 696 2924; x_wconf 89' lang='lat'><strong>.</strong></span> <span class='ocrx_word' id='word_1_318' title='bbox 765 2906 774 2923; x_wconf 89' lang='lat'><strong>.</strong></span> <span class='ocrx_word' id='word_1_319' title='bbox 880 2903 900 2948; x_wconf 72' lang='lat'><strong>‚·</strong></span> <span class='ocrx_word' id='word_1_320' title='bbox 1098 2860 1188 2905; x_wconf 88' lang='lat' dir='ltr'><strong>vena</strong></span> <span class='ocrx_word' id='word_1_321' title='bbox 1209 2859 1273 2927; x_wconf 88' lang='lat' dir='ltr'><strong>per</strong></span> <span class='ocrx_word' id='word_1_322' title='bbox 1295 2828 1536 2948; x_wconf 79' lang='lat' dir='ltr'><strong>diaphragma.</strong></span> <span class='ocrx_word' id='word_1_323' title='bbox 1594 2823 1730 2917; x_wconf 84' lang='lat' dir='ltr'><strong>Estque</strong></span> <span class='ocrx_word' id='word_1_324' title='bbox 1761 2820 1929 2890; x_wconf 89' lang='lat' dir='ltr'><strong>continua</strong></span> <span class='ocrx_word' id='word_1_325' title='bbox 1951 2815 2073 2927; x_wconf 77' lang='lat' dir='ltr'><strong>dextro</strong></span> 
     </span>
     <span class='ocr_line' id='line_1_47' title="bbox 282 2901 2076 3019; baseline -0.04 31"><span class='ocrx_word' id='word_1_326' title='bbox 282 2918 404 2995; x_wconf 53' lang='lat' dir='ltr'><strong>quum</strong></span> <span class='ocrx_word' id='word_1_327' title='bbox 417 2917 532 2974; x_wconf 62' lang='lat' dir='ltr'>amem</span> <span class='ocrx_word' id='word_1_328' title='bbox 548 2901 672 2999; x_wconf 55' lang='lat' dir='ltr'><strong>thyias</strong></span> <span class='ocrx_word' id='word_1_329' title='bbox 686 2932 723 2974; x_wconf 72' lang='lat'><strong>¹¹¹</strong></span> <span class='ocrx_word' id='word_1_330' title='bbox 737 2902 919 2995; x_wconf 50' lang='lat' dir='ltr'><strong>impitus</strong></span> <span class='ocrx_word' id='word_1_331' title='bbox 937 2925 1049 3019; x_wconf 77' lang='lat' dir='ltr'><strong>venu-</strong></span> <span class='ocrx_word' id='word_1_332' title='bbox 1098 2936 1295 3007; x_wconf 89' lang='lat' dir='ltr'><strong>ventriculo</strong></span> <span class='ocrx_word' id='word_1_333' title='bbox 1312 2935 1448 3014; x_wconf 87' lang='lat' dir='ltr'><strong>cordis,</strong></span> <span class='ocrx_word' id='word_1_334' title='bbox 1473 2932 1557 2999; x_wconf 88' lang='lat' dir='ltr'><strong>rude</strong></span> <span class='ocrx_word' id='word_1_335' title='bbox 1581 2949 1718 2997; x_wconf 91' lang='lat' dir='ltr'><strong>sursum</strong></span> <span class='ocrx_word' id='word_1_336' title='bbox 1735 2936 1769 2991; x_wconf 88' lang='lat' dir='ltr'><strong>et</strong></span> <span class='ocrx_word' id='word_1_337' title='bbox 1796 2925 1960 2990; x_wconf 89' lang='lat' dir='ltr'><strong>deorsum</strong></span> <span class='ocrx_word' id='word_1_338' title='bbox 1984 2936 2076 2982; x_wconf 89' lang='lat' dir='ltr'><strong>ramr</strong></span> 
     </span>
    </p>
   </div>
   <div class='ocr_carea' id='block_1_10' title="bbox 64 3006 2075 3631">
    <p class='ocr_par' dir='ltr' id='par_1_12' title="bbox 64 3006 2075 3631">
     <span class='ocr_line' id='line_1_48' title="bbox 65 3006 2075 3130; baseline 0 -56"><span class='ocrx_word' id='word_1_339' title='bbox 65 3007 164 3074; x_wconf 89' lang='lat' dir='ltr'><strong>lisin</strong></span> <span class='ocrx_word' id='word_1_340' title='bbox 196 3028 344 3092; x_wconf 89' lang='lat' dir='ltr'><strong>corpore</strong></span> <span class='ocrx_word' id='word_1_341' title='bbox 374 3006 503 3094; x_wconf 87' lang='lat' dir='ltr'><strong>epatis,</strong></span> <span class='ocrx_word' id='word_1_342' title='bbox 529 3019 563 3076; x_wconf 86' lang='lat' dir='ltr'><strong>et</strong></span> <span class='ocrx_word' id='word_1_343' title='bbox 585 3008 623 3075; x_wconf 91' lang='lat' dir='ltr'><strong>in</strong></span> <span class='ocrx_word' id='word_1_344' title='bbox 644 3007 851 3096; x_wconf 84' lang='lat' dir='ltr'><strong>sauguinem</strong></span> <span class='ocrx_word' id='word_1_345' title='bbox 874 3016 1049 3072; x_wconf 82' lang='lat' dir='ltr'><strong>converti·</strong></span> <span class='ocrx_word' id='word_1_346' title='bbox 1097 3047 1351 3130; x_wconf 52' lang='lat' dir='ltr'><strong>propagamur·</strong></span> <span class='ocrx_word' id='word_1_347' title='bbox 1402 3031 1544 3125; x_wconf 44' lang='grc' dir='ltr'><strong>[ΜΒ</strong></span> <span class='ocrx_word' id='word_1_348' title='bbox 1564 3027 1699 3119; x_wconf 55' lang='lat' dir='ltr'><strong>inquit,</strong></span> <span class='ocrx_word' id='word_1_349' title='bbox 1723 3046 1759 3093; x_wconf 62' lang='lat' dir='ltr'><strong>,e</strong></span> <span class='ocrx_word' id='word_1_350' title='bbox 1775 3021 2002 3098; x_wconf 67' lang='lat' dir='ltr'><strong>deliberasse,</strong></span> <span class='ocrx_word' id='word_1_351' title='bbox 2026 3035 2075 3094; x_wconf 73' lang='lat' dir='ltr'><strong>an</strong></span> 
     </span>
     <span class='ocr_line' id='line_1_49' title="bbox 65 3102 2075 3230; baseline 0.001 -55"><span class='ocrx_word' id='word_1_352' title='bbox 65 3120 135 3176; x_wconf 88' lang='lat' dir='ltr'><strong>tur.</strong></span> <span class='ocrx_word' id='word_1_353' title='bbox 169 3104 224 3174; x_wconf 85' lang='lat' dir='ltr'><strong>Ac</strong></span> <span class='ocrx_word' id='word_1_354' title='bbox 239 3106 380 3194; x_wconf 86' lang='lat' dir='ltr'><strong>propria</strong></span> <span class='ocrx_word' id='word_1_355' title='bbox 401 3130 503 3175; x_wconf 89' lang='lat' dir='ltr'><strong>causa</strong></span> <span class='ocrx_word' id='word_1_356' title='bbox 520 3122 728 3178; x_wconf 87' lang='lat' dir='ltr'><strong>convertens</strong></span> <span class='ocrx_word' id='word_1_357' title='bbox 750 3102 892 3200; x_wconf 88' lang='lat' dir='ltr'><strong>chylum</strong></span> <span class='ocrx_word' id='word_1_358' title='bbox 911 3118 962 3173; x_wconf 86' lang='lat' dir='ltr'><strong>est</strong></span> <span class='ocrx_word' id='word_1_359' title='bbox 976 3104 1050 3194; x_wconf 81' lang='lat' dir='ltr'><strong>ipse</strong></span> <span class='ocrx_word' id='word_1_360' title='bbox 1098 3166 1136 3210; x_wconf 59' lang='lat' dir='ltr'><strong>ea</strong></span> <span class='ocrx_word' id='word_1_361' title='bbox 1154 3152 1250 3230; x_wconf 55' lang='lat' dir='ltr'><strong>pam</strong></span> <span class='ocrx_word' id='word_1_362' title='bbox 1273 3127 1697 3223; x_wconf 58' lang='lat' dir='ltr'><strong>confoderetcyclopem‚</strong></span> <span class='ocrx_word' id='word_1_363' title='bbox 1720 3123 1784 3194; x_wconf 74' lang='lat' dir='ltr'><strong>ubi</strong></span> <span class='ocrx_word' id='word_1_364' title='bbox 1808 3142 1892 3210; x_wconf 67' lang='lat' dir='ltr'><strong>epar</strong></span> <span class='ocrx_word' id='word_1_365' title='bbox 1913 3117 2075 3184; x_wconf 82' lang='lat' dir='ltr'><strong>iunctum</strong></span> 
     </span>
     <span class='ocr_line' id='line_1_50' title="bbox 64 3208 2074 3332; baseline -0 -55"><span class='ocrx_word' id='word_1_366' title='bbox 64 3208 175 3297; x_wconf 83' lang='lat' dir='ltr'><strong>epatis</strong></span> <span class='ocrx_word' id='word_1_367' title='bbox 213 3229 325 3321; x_wconf 28' lang='lat' dir='ltr'><strong>cam,-</strong></span> <span class='ocrx_word' id='word_1_368' title='bbox 349 3230 439 3297; x_wconf 86' lang='lat' dir='ltr'><strong>quae</strong></span> <span class='ocrx_word' id='word_1_369' title='bbox 462 3229 524 3275; x_wconf 87' lang='lat' dir='ltr'><strong>sna</strong></span> <span class='ocrx_word' id='word_1_370' title='bbox 545 3209 703 3298; x_wconf 86' lang='lat' dir='ltr'><strong>specifica</strong></span> <span class='ocrx_word' id='word_1_371' title='bbox 725 3208 855 3277; x_wconf 87' lang='lat' dir='ltr'><strong>virtute</strong></span> <span class='ocrx_word' id='word_1_372' title='bbox 876 3227 1049 3292; x_wconf 88' lang='lat' dir='ltr'><strong>organum</strong></span> <span class='ocrx_word' id='word_1_373' title='bbox 1098 3255 1149 3310; x_wconf 56' lang='lat' dir='ltr'><strong>est</strong></span> <span class='ocrx_word' id='word_1_374' title='bbox 1164 3234 1378 3332; x_wconf 55' lang='lat' dir='ltr'><strong>phrenibus,</strong></span> <span class='ocrx_word' id='word_1_375' title='bbox 1407 3229 1474 3302; x_wconf 66' lang='lat' dir='ltr'><strong>hoc</strong></span> <span class='ocrx_word' id='word_1_376' title='bbox 1491 3242 1562 3319; x_wconf 59' lang='lat' dir='ltr'><strong>m,</strong></span> <span class='ocrx_word' id='word_1_377' title='bbox 1589 3219 1868 3316; x_wconf 36' lang='lat' dir='ltr'><strong>diaphragma&amp;</strong></span> <span class='ocrx_word' id='word_1_378' title='bbox 1893 3215 1977 3310; x_wconf 81' lang='lat' dir='ltr'><strong>quia</strong></span> <span class='ocrx_word' id='word_1_379' title='bbox 1992 3235 2074 3305; x_wconf 84' lang='lat' dir='ltr'><strong>peo-</strong></span> 
     </span>
     <span class='ocr_line' id='line_1_51' title="bbox 65 3307 2075 3417; baseline 0 -42"><span class='ocrx_word' id='word_1_380' title='bbox 65 3323 114 3376; x_wconf 82' lang='lat' dir='ltr'><strong>est</strong></span> <span class='ocrx_word' id='word_1_381' title='bbox 131 3308 325 3397; x_wconf 76' lang='lat' dir='ltr'><strong>generandi</strong></span> <span class='ocrx_word' id='word_1_382' title='bbox 342 3307 541 3397; x_wconf 86' lang='lat' dir='ltr'><strong>sanguinis,</strong></span> <span class='ocrx_word' id='word_1_383' title='bbox 572 3334 643 3398; x_wconf 94' lang='lat' dir='ltr'><strong>qno</strong></span> <span class='ocrx_word' id='word_1_384' title='bbox 667 3331 795 3398; x_wconf 88' lang='lat' dir='ltr'><strong>corpus</strong></span> <span class='ocrx_word' id='word_1_385' title='bbox 814 3307 1046 3377; x_wconf 90' lang='lat' dir='ltr'><strong>nutriendum</strong></span> <span class='ocrx_word' id='word_1_386' title='bbox 1098 3344 1189 3412; x_wconf 63' lang='lat' dir='ltr'><strong>som</strong></span> <span class='ocrx_word' id='word_1_387' title='bbox 1214 3361 1303 3409; x_wconf 60' lang='lat' dir='ltr'>vena</span> <span class='ocrx_word' id='word_1_388' title='bbox 1333 3359 1437 3417; x_wconf 52' lang='lat' dir='ltr'><strong>cm,</strong></span> <span class='ocrx_word' id='word_1_389' title='bbox 1468 3331 1585 3402; x_wconf 50' lang='lat' dir='ltr'><strong>,mim</strong></span> <span class='ocrx_word' id='word_1_390' title='bbox 1610 3326 1783 3397; x_wconf 51' lang='lat' dir='ltr'><strong>extinctus</strong></span> <span class='ocrx_word' id='word_1_391' title='bbox 1805 3332 1893 3389; x_wconf 68' lang='lat' dir='ltr'><strong>esset</strong></span> <span class='ocrx_word' id='word_1_392' title='bbox 1914 3314 2075 3408; x_wconf 82' lang='lat' dir='ltr'><strong>Cyclops,</strong></span> 
     </span>
     <span class='ocr_line' id='line_1_52' title="bbox 64 3405 2074 3513; baseline -0.013 -5"><span class='ocrx_word' id='word_1_393' title='bbox 64 3423 125 3479; x_wconf 67' lang='lat'><strong>⁹⁵¹·</strong></span> <span class='ocrx_word' id='word_1_394' title='bbox 180 3405 429 3475; x_wconf 54' lang='lat' dir='ltr'><strong>Tran⁵f⁰m¹²¹t</strong></span> <span class='ocrx_word' id='word_1_395' title='bbox 444 3409 553 3495; x_wconf 52' lang='lat' dir='ltr'><strong>igitur</strong></span> <span class='ocrx_word' id='word_1_396' title='bbox 568 3405 724 3503; x_wconf 65' lang='lat' dir='ltr'><strong>‘hylum’</strong></span> <span class='ocrx_word' id='word_1_397' title='bbox 750 3422 785 3478; x_wconf 49' lang='grc' dir='ltr'><strong>εἰ</strong></span> <span class='ocrx_word' id='word_1_398' title='bbox 798 3421 964 3499; x_wconf 86' lang='lat' dir='ltr'><strong>tanquam</strong></span> <span class='ocrx_word' id='word_1_399' title='bbox 981 3405 1049 3474; x_wconf 44' lang='lat' dir='ltr'><strong>fibi</strong></span> <span class='ocrx_word' id='word_1_400' title='bbox 1097 3419 1257 3513; x_wconf 80' lang='lat' dir='ltr'><strong>desiisset</strong></span> <span class='ocrx_word' id='word_1_401' title='bbox 1271 3436 1365 3507; x_wconf 91' lang='lat' dir='ltr'><strong>enim</strong></span> <span class='ocrx_word' id='word_1_402' title='bbox 1383 3436 1431 3504; x_wconf 85' lang='lat' dir='ltr'><strong>ali</strong></span> <span class='ocrx_word' id='word_1_403' title='bbox 1449 3432 1619 3502; x_wconf 82' lang='lat' dir='ltr'><strong>beneficio</strong></span> <span class='ocrx_word' id='word_1_404' title='bbox 1636 3449 1739 3498; x_wconf 89' lang='lat' dir='ltr'><strong>cavae</strong></span> <span class='ocrx_word' id='word_1_405' title='bbox 1756 3445 1883 3503; x_wconf 88' lang='lat' dir='ltr'><strong>venae,</strong></span> <span class='ocrx_word' id='word_1_406' title='bbox 1909 3430 1943 3485; x_wconf 93' lang='lat' dir='ltr'><strong>et</strong></span> <span class='ocrx_word' id='word_1_407' title='bbox 1958 3431 2074 3485; x_wconf 89' lang='lat' dir='ltr'><strong>stran-</strong></span> 
     </span>
     <span class='ocr_line' id='line_1_53' title="bbox 64 3506 2074 3631; baseline -0.011 -23"><span class='ocrx_word' id='word_1_408' title='bbox 64 3506 266 3578; x_wconf 58' lang='lat'><strong>²⁸⁵3¹¹¹5¹³¹¹⁸</strong></span> <span class='ocrx_word' id='word_1_409' title='bbox 286 3507 437 3576; x_wconf 58' lang='lat' dir='ltr'>rubrum</span> <span class='ocrx_word' id='word_1_410' title='bbox 461 3508 578 3579; x_wconf 46' lang='grc' dir='ltr'><strong>ὥρῃ·</strong></span> <span class='ocrx_word' id='word_1_411' title='bbox 637 3506 771 3603; x_wconf 72' lang='lat' dir='ltr'><strong>E⁵¹q¹¹⁰</strong></span> <span class='ocrx_word' id='word_1_412' title='bbox 793 3523 1050 3624; x_wconf 56' lang='lat' dir='ltr'><strong>&#39;empefmn&#39;</strong></span> <span class='ocrx_word' id='word_1_413' title='bbox 1098 3544 1237 3631; x_wconf 88' lang='lat' dir='ltr'><strong>gulatus</strong></span> <span class='ocrx_word' id='word_1_414' title='bbox 1253 3552 1342 3609; x_wconf 85' lang='lat' dir='ltr'><strong>esset</strong></span> <span class='ocrx_word' id='word_1_415' title='bbox 1365 3534 1536 3624; x_wconf 89' lang='lat' dir='ltr'><strong>sanguine</strong></span> <span class='ocrx_word' id='word_1_416' title='bbox 1563 3531 1673 3600; x_wconf 83' lang='lat' dir='ltr'><strong>effuso</strong></span> <span class='ocrx_word' id='word_1_417' title='bbox 1699 3539 1795 3596; x_wconf 81' lang='lat' dir='ltr'><strong>extra</strong></span> <span class='ocrx_word' id='word_1_418' title='bbox 1817 3544 1899 3591; x_wconf 89' lang='lat' dir='ltr'><strong>snos</strong></span> <span class='ocrx_word' id='word_1_419' title='bbox 1923 3515 2074 3599; x_wconf 78' lang='lat' dir='ltr'><strong>canales.</strong></span> 
     </span>
    </p>
   </div>
   <div class='ocr_carea' id='block_1_11' title="bbox 66 3604 2179 3723">
    <p class='ocr_par' dir='ltr' id='par_1_13' title="bbox 66 3604 2179 3723">
     <span class='ocr_line' id='line_1_54' title="bbox 66 3604 2179 3723; baseline 0.002 -44"><span class='ocrx_word' id='word_1_420' title='bbox 66 3624 140 3679; x_wconf 90' lang='lat' dir='ltr'><strong>tum</strong></span> <span class='ocrx_word' id='word_1_421' title='bbox 161 3608 276 3697; x_wconf 89' lang='lat' dir='ltr'><strong>epatis</strong></span> <span class='ocrx_word' id='word_1_422' title='bbox 299 3607 455 3678; x_wconf 85' lang='lat' dir='ltr'><strong>calidum</strong></span> <span class='ocrx_word' id='word_1_423' title='bbox 478 3620 512 3676; x_wconf 91' lang='lat' dir='ltr'><strong>et</strong></span> <span class='ocrx_word' id='word_1_424' title='bbox 538 3604 744 3692; x_wconf 90' lang='lat' dir='ltr'><strong>humidum,</strong></span> <span class='ocrx_word' id='word_1_425' title='bbox 777 3630 992 3679; x_wconf 77' lang='lat' dir='ltr'><strong>conveniens</strong></span> <span class='ocrx_word' id='word_1_426' title='bbox 1016 3619 1050 3677; x_wconf 88' lang='lat' dir='ltr'><strong>et</strong></span> <span class='ocrx_word' id='word_1_427' title='bbox 1097 3643 1229 3713; x_wconf 57' lang='lat' dir='ltr'>Versus</span> <span class='ocrx_word' id='word_1_428' title='bbox 1256 3653 1307 3709; x_wconf 63' lang='lat' dir='ltr'><strong>,st</strong></span> <span class='ocrx_word' id='word_1_429' title='bbox 1330 3639 1368 3706; x_wconf 64' lang='lat' dir='ltr'><strong>in</strong></span> <span class='ocrx_word' id='word_1_430' title='bbox 1391 3635 1496 3706; x_wconf 70' lang='lat' dir='ltr'>Nono</span> <span class='ocrx_word' id='word_1_431' title='bbox 1518 3630 1717 3723; x_wconf 49' lang='lat' dir='ltr'><strong>odysseam</strong></span> <span class='ocrx_word' id='word_1_432' title='bbox 1751 3616 1953 3715; x_wconf 62' lang='grc' dir='ltr'>οὐτάμεναι</span> <span class='ocrx_word' id='word_1_433' title='bbox 1983 3609 2075 3708; x_wconf 81' lang='grc' dir='ltr'><strong><em>πρὸς</em></strong></span> <span class='ocrx_word' id='word_1_434' title='bbox 2173 3703 2179 3711; x_wconf 84' lang='lat'>.</span> 
     </span>
    </p>
   </div>
   <div class='ocr_carea' id='block_1_12' title="bbox 65 3708 2073 4026">
    <p class='ocr_par' dir='ltr' id='par_1_14' title="bbox 65 3708 2073 4026">
     <span class='ocr_line' id='line_1_55' title="bbox 66 3708 1748 3837; baseline 0.001 -59"><span class='ocrx_word' id='word_1_435' title='bbox 66 3709 271 3790; x_wconf 79' lang='lat' dir='ltr'><strong>elixationi,</strong></span> <span class='ocrx_word' id='word_1_436' title='bbox 303 3722 337 3824; x_wconf 75' lang='lat' dir='ltr'><strong>et</strong></span> <span class='ocrx_word' id='word_1_437' title='bbox 360 3708 429 3826; x_wconf 86' lang='lat' dir='ltr'><strong>ipsi</strong></span> <span class='ocrx_word' id='word_1_438' title='bbox 451 3709 627 3798; x_wconf 85' lang='lat' dir='ltr'><strong>sanguini.</strong></span> <span class='ocrx_word' id='word_1_439' title='bbox 689 3708 851 3803; x_wconf 87' lang='lat' dir='ltr'><strong>Suntque</strong></span> <span class='ocrx_word' id='word_1_440' title='bbox 880 3711 1050 3777; x_wconf 88' lang='lat' dir='ltr'><strong>deductae</strong></span> <span class='ocrx_word' id='word_1_441' title='bbox 1098 3743 1236 3837; x_wconf 61' lang='grc' dir='ltr'><strong><em>στῆθος</em></strong></span> <span class='ocrx_word' id='word_1_442' title='bbox 1251 3738 1317 3812; x_wconf 64' lang='lat'><strong>33,</strong></span> <span class='ocrx_word' id='word_1_443' title='bbox 1330 3725 1571 3833; x_wconf 60' lang='lat' dir='ltr'><strong>‹ppivfstissatl</strong></span> <span class='ocrx_word' id='word_1_444' title='bbox 1585 3730 1748 3823; x_wconf 51' lang='grc' dir='ltr'><strong>ἔχουσιν,</strong></span> 
     </span>
     <span class='ocr_line' id='line_1_56' title="bbox 65 3809 2073 3928; baseline -0.008 -50"><span class='ocrx_word' id='word_1_445' title='bbox 65 3834 196 3902; x_wconf 86' lang='lat' dir='ltr'><strong>parvae</strong></span> <span class='ocrx_word' id='word_1_446' title='bbox 214 3822 363 3877; x_wconf 83' lang='lat' dir='ltr'><strong>arteriae</strong></span> <span class='ocrx_word' id='word_1_447' title='bbox 381 3833 526 3925; x_wconf 33' lang='lat' dir='ltr'><strong>rnoepar</strong></span> <span class='ocrx_word' id='word_1_448' title='bbox 548 3812 593 3879; x_wconf 88' lang='lat' dir='ltr'><strong>ab</strong></span> <span class='ocrx_word' id='word_1_449' title='bbox 611 3809 740 3928; x_wconf 79' lang='lat' dir='ltr'><strong>Aprta,</strong></span> <span class='ocrx_word' id='word_1_450' title='bbox 767 3825 808 3881; x_wconf 88' lang='lat' dir='ltr'><strong>ut</strong></span> <span class='ocrx_word' id='word_1_451' title='bbox 828 3810 971 3901; x_wconf 90' lang='lat' dir='ltr'><strong>spiritus</strong></span> <span class='ocrx_word' id='word_1_452' title='bbox 995 3809 1050 3875; x_wconf 90' lang='lat' dir='ltr'><strong>vi·</strong></span> <span class='ocrx_word' id='word_1_453' title='bbox 1198 3841 1312 3911; x_wconf 54' lang='lat' dir='ltr'><strong>pitin</strong></span> <span class='ocrx_word' id='word_1_454' title='bbox 1332 3850 1408 3908; x_wconf 53' lang='lat' dir='ltr'><strong>toto</strong></span> <span class='ocrx_word' id='word_1_455' title='bbox 1432 3856 1579 3925; x_wconf 56' lang='lat' dir='ltr'><strong>corpore</strong></span> <span class='ocrx_word' id='word_1_456' title='bbox 1611 3831 1722 3921; x_wconf 55' lang='lat' dir='ltr'><strong>epau,</strong></span> <span class='ocrx_word' id='word_1_457' title='bbox 1742 3827 1781 3895; x_wconf 61' lang='lat' dir='ltr'><strong>qn</strong></span> <span class='ocrx_word' id='word_1_458' title='bbox 1803 3819 1943 3891; x_wconf 59' lang='lat' dir='ltr'><strong>venulis</strong></span> <span class='ocrx_word' id='word_1_459' title='bbox 1965 3833 2073 3904; x_wconf 64' lang='lat' dir='ltr'>gene.</span> 
     </span>
     <span class='ocr_line' id='line_1_57' title="bbox 66 3908 2073 4026; baseline 0 -47"><span class='ocrx_word' id='word_1_460' title='bbox 66 3912 152 3980; x_wconf 80' lang='lat' dir='ltr'><strong>tales</strong></span> <span class='ocrx_word' id='word_1_461' title='bbox 166 3923 202 3979; x_wconf 92' lang='lat' dir='ltr'><strong>et</strong></span> <span class='ocrx_word' id='word_1_462' title='bbox 225 3909 379 3978; x_wconf 90' lang='lat' dir='ltr'><strong>calorem</strong></span> <span class='ocrx_word' id='word_1_463' title='bbox 403 3911 544 3979; x_wconf 75' lang='lat' dir='ltr'><strong>vitalem</strong></span> <span class='ocrx_word' id='word_1_464' title='bbox 571 3926 662 4001; x_wconf 87' lang='lat' dir='ltr'><strong>epatr</strong></span> <span class='ocrx_word' id='word_1_465' title='bbox 695 3915 876 3994; x_wconf 81' lang='lat' dir='ltr'><strong>adierant,</strong></span> <span class='ocrx_word' id='word_1_466' title='bbox 900 3923 939 3980; x_wconf 89' lang='lat' dir='ltr'><strong>ut</strong></span> <span class='ocrx_word' id='word_1_467' title='bbox 964 3932 1049 3978; x_wconf 88' lang='lat' dir='ltr'><strong>con·</strong></span> <span class='ocrx_word' id='word_1_468' title='bbox 1096 3944 1188 4015; x_wconf 53' lang='lat'><strong>“450</strong></span> <span class='ocrx_word' id='word_1_469' title='bbox 1202 3965 1334 4012; x_wconf 52' lang='lat' dir='ltr'>massae</span> <span class='ocrx_word' id='word_1_470' title='bbox 1348 3937 1579 4026; x_wconf 52' lang='lat' dir='ltr'>sanguineae,</span> <span class='ocrx_word' id='word_1_471' title='bbox 1603 3932 1642 3999; x_wconf 58' lang='grc' dir='ltr'><strong>ᾗ,</strong></span> <span class='ocrx_word' id='word_1_472' title='bbox 1663 3952 1732 4023; x_wconf 56' lang='grc' dir='ltr'><strong>φη</strong></span> <span class='ocrx_word' id='word_1_473' title='bbox 1756 3938 1798 3996; x_wconf 68' lang='lat' dir='ltr'><strong>ut</strong></span> <span class='ocrx_word' id='word_1_474' title='bbox 1812 3934 1931 4014; x_wconf 65' lang='lat' dir='ltr'><strong>postea</strong></span> <span class='ocrx_word' id='word_1_475' title='bbox 1947 3919 1991 3986; x_wconf 84' lang='lat' dir='ltr'><strong>de</strong></span> <span class='ocrx_word' id='word_1_476' title='bbox 2006 3908 2073 3982; x_wconf 87' lang='lat' dir='ltr'><strong>hn-</strong></span> 
     </span>
    </p>
   </div>
   <div class='ocr_carea' id='block_1_13' title="bbox 67 4010 2076 4131">
    <p class='ocr_par' dir='ltr' id='par_1_15' title="bbox 67 4010 2076 4131">
     <span class='ocr_line' id='line_1_58' title="bbox 67 4010 2076 4131; baseline -0.018 -17"><span class='ocrx_word' id='word_1_477' title='bbox 67 4012 182 4081; x_wconf 54' lang='lat'>”¹⁸5⁰</span> <span class='ocrx_word' id='word_1_478' title='bbox 199 4011 330 4079; x_wconf 50' lang='lat' dir='ltr'><strong>&#39;&#39;mut“</strong></span> <span class='ocrx_word' id='word_1_479' title='bbox 345 4010 480 4093; x_wconf 42' lang='grc' dir='ltr'><strong>πῖθ’</strong></span> <span class='ocrx_word' id='word_1_480' title='bbox 505 4011 695 4100; x_wconf 59' lang='lat' dir='ltr'><strong>⁵pi¹i¹¹¹⁰⁰¹</strong></span> <span class='ocrx_word' id='word_1_481' title='bbox 711 4027 745 4081; x_wconf 61' lang='lat' dir='ltr'><strong>‘t</strong></span> <span class='ocrx_word' id='word_1_482' title='bbox 761 4013 886 4083; x_wconf 63' lang='lat' dir='ltr'><strong>⁰³¹⁰‘is</strong></span> <span class='ocrx_word' id='word_1_483' title='bbox 902 4012 1048 4080; x_wconf 56' lang='lat' dir='ltr'><strong>adime·</strong></span> <span class='ocrx_word' id='word_1_484' title='bbox 1096 4045 1257 4115; x_wconf 88' lang='lat' dir='ltr'><strong>moribus</strong></span> <span class='ocrx_word' id='word_1_485' title='bbox 1280 4041 1352 4111; x_wconf 88' lang='lat' dir='ltr'><strong>dici</strong></span> <span class='ocrx_word' id='word_1_486' title='bbox 1366 4036 1539 4131; x_wconf 79' lang='lat' dir='ltr'><strong>prolixius</strong></span> <span class='ocrx_word' id='word_1_487' title='bbox 1552 4053 1690 4102; x_wconf 86' lang='lat' dir='ltr'><strong>necesse</strong></span> <span class='ocrx_word' id='word_1_488' title='bbox 1711 4029 1794 4112; x_wconf 91' lang='lat' dir='ltr'><strong>erit,</strong></span> <span class='ocrx_word' id='word_1_489' title='bbox 1817 4035 1902 4094; x_wconf 82' lang='lat' dir='ltr'><strong>sunt</strong></span> <span class='ocrx_word' id='word_1_490' title='bbox 1917 4013 2076 4089; x_wconf 86' lang='lat' dir='ltr'><strong>dissimi-</strong></span> 
     </span>
    </p>
   </div>
   <div class='ocr_carea' id='block_1_14' title="bbox 66 4109 2077 4232">
    <p class='ocr_par' dir='ltr' id='par_1_16' title="bbox 66 4109 2077 4232">
     <span class='ocr_line' id='line_1_59' title="bbox 66 4109 2077 4232; baseline -0.001 -50"><span class='ocrx_word' id='word_1_491' title='bbox 66 4127 133 4183; x_wconf 82' lang='lat' dir='ltr'><strong>tor.</strong></span> <span class='ocrx_word' id='word_1_492' title='bbox 187 4109 275 4180; x_wconf 89' lang='lat' dir='ltr'><strong>ldeo</strong></span> <span class='ocrx_word' id='word_1_493' title='bbox 293 4124 669 4202; x_wconf 86' lang='lat' dir='ltr'><strong>autemparvaesnnt,</strong></span> <span class='ocrx_word' id='word_1_494' title='bbox 690 4114 863 4204; x_wconf 89' lang='lat' dir='ltr'><strong>quianon</strong></span> <span class='ocrx_word' id='word_1_495' title='bbox 880 4109 1050 4181; x_wconf 86' lang='lat' dir='ltr'><strong>hauriunt</strong></span> <span class='ocrx_word' id='word_1_496' title='bbox 1097 4149 1147 4216; x_wconf 51' lang='lat' dir='ltr'><strong>les</strong></span> <span class='ocrx_word' id='word_1_497' title='bbox 1169 4140 1335 4215; x_wconf 63' lang='lat' dir='ltr'><strong>humum</strong></span> <span class='ocrx_word' id='word_1_498' title='bbox 1365 4152 1534 4232; x_wconf 58' lang='lat' dir='ltr'><strong>quatuor,</strong></span> <span class='ocrx_word' id='word_1_499' title='bbox 1571 4134 1667 4228; x_wconf 71' lang='lat' dir='ltr'><strong>quod</strong></span> <span class='ocrx_word' id='word_1_500' title='bbox 1694 4128 1854 4201; x_wconf 54' lang='lat' dir='ltr'><strong>Galenus</strong></span> <span class='ocrx_word' id='word_1_501' title='bbox 1874 4116 2077 4191; x_wconf 75' lang='lat' dir='ltr'><strong>describens</strong></span> 
     </span>
    </p>
   </div>
   <div class='ocr_carea' id='block_1_15' title="bbox 60 4205 2077 4417">
    <p class='ocr_par' dir='ltr' id='par_1_17' title="bbox 60 4205 2077 4417">
     <span class='ocr_line' id='line_1_60' title="bbox 66 4205 2077 4317; baseline -0.015 -2"><span class='ocrx_word' id='word_1_502' title='bbox 66 4215 115 4282; x_wconf 61' lang='lat' dir='ltr'><strong>ibi</strong></span> <span class='ocrx_word' id='word_1_503' title='bbox 134 4210 371 4300; x_wconf 49' lang='lat' dir='ltr'><strong>unguium</strong></span> <span class='ocrx_word' id='word_1_504' title='bbox 402 4212 460 4280; x_wconf 60' lang='lat' dir='ltr'><strong>‘ed</strong></span> <span class='ocrx_word' id='word_1_505' title='bbox 484 4205 664 4282; x_wconf 59' lang='lat' dir='ltr'>advehum</span> <span class='ocrx_word' id='word_1_506' title='bbox 683 4214 865 4303; x_wconf 57' lang='lat' dir='ltr'><strong>⁸Pifiium’</strong></span> <span class='ocrx_word' id='word_1_507' title='bbox 891 4226 926 4281; x_wconf 53' lang='grc' dir='ltr'><strong>εὶ</strong></span> <span class='ocrx_word' id='word_1_508' title='bbox 948 4236 1051 4302; x_wconf 57' lang='lat'><strong>9³³⁰·</strong></span> <span class='ocrx_word' id='word_1_509' title='bbox 1097 4244 1343 4317; x_wconf 86' lang='lat' dir='ltr'><strong>venustissima</strong></span> <span class='ocrx_word' id='word_1_510' title='bbox 1358 4237 1593 4310; x_wconf 83' lang='lat' dir='ltr'><strong>similitudine</strong></span> <span class='ocrx_word' id='word_1_511' title='bbox 1615 4232 1723 4305; x_wconf 86' lang='lat' dir='ltr'><strong>musti</strong></span> <span class='ocrx_word' id='word_1_512' title='bbox 1744 4248 1830 4299; x_wconf 78' lang='lat' dir='ltr'><strong>usus</strong></span> <span class='ocrx_word' id='word_1_513' title='bbox 1850 4235 1912 4291; x_wconf 89' lang='lat' dir='ltr'><strong>est.</strong></span> <span class='ocrx_word' id='word_1_514' title='bbox 1964 4215 2014 4287; x_wconf 89' lang='lat' dir='ltr'><strong>Ut</strong></span> <span class='ocrx_word' id='word_1_515' title='bbox 2036 4214 2077 4282; x_wconf 90' lang='lat' dir='ltr'><strong>iu</strong></span> 
     </span>
     <span class='ocr_line' id='line_1_61' title="bbox 60 4307 2075 4417; baseline 0.003 -34"><span class='ocrx_word' id='word_1_516' title='bbox 60 4315 150 4384; x_wconf 85' lang='lat' dir='ltr'><strong>bent</strong></span> <span class='ocrx_word' id='word_1_517' title='bbox 167 4313 267 4381; x_wconf 90' lang='lat' dir='ltr'><strong>viam</strong></span> <span class='ocrx_word' id='word_1_518' title='bbox 288 4312 491 4381; x_wconf 88' lang='lat' dir='ltr'><strong>emittendis</strong></span> <span class='ocrx_word' id='word_1_519' title='bbox 516 4307 705 4397; x_wconf 81' lang='lat' dir='ltr'><strong>halitihus,</strong></span> <span class='ocrx_word' id='word_1_520' title='bbox 730 4339 791 4383; x_wconf 89' lang='lat' dir='ltr'><strong>seu</strong></span> <span class='ocrx_word' id='word_1_521' title='bbox 813 4316 856 4383; x_wconf 89' lang='lat' dir='ltr'><strong>ad</strong></span> <span class='ocrx_word' id='word_1_522' title='bbox 878 4327 1050 4383; x_wconf 86' lang='lat' dir='ltr'><strong>eventan-</strong></span> <span class='ocrx_word' id='word_1_523' title='bbox 1098 4348 1224 4417; x_wconf 51' lang='lat' dir='ltr'><strong>mustis</strong></span> <span class='ocrx_word' id='word_1_524' title='bbox 1240 4339 1546 4415; x_wconf 52' lang='lat' dir='ltr'>effervescentibus</span> <span class='ocrx_word' id='word_1_525' title='bbox 1561 4335 1709 4406; x_wconf 65' lang='lat' dir='ltr'><strong>ebullire</strong></span> <span class='ocrx_word' id='word_1_526' title='bbox 1723 4331 1883 4399; x_wconf 73' lang='lat' dir='ltr'><strong>videmus</strong></span> <span class='ocrx_word' id='word_1_527' title='bbox 1896 4321 1952 4402; x_wconf 90' lang='lat' dir='ltr'><strong>id,</strong></span> <span class='ocrx_word' id='word_1_528' title='bbox 1978 4316 2075 4409; x_wconf 78' lang='lat' dir='ltr'><strong>quod</strong></span> 
     </span>
    </p>
   </div>
   <div class='ocr_carea' id='block_1_16' title="bbox 64 4409 2080 4731">
    <p class='ocr_par' dir='ltr' id='par_1_18' title="bbox 64 4409 2080 4731">
     <span class='ocr_line' id='line_1_62' title="bbox 64 4409 2080 4532; baseline -0 -47"><span class='ocrx_word' id='word_1_529' title='bbox 64 4419 163 4532; x_wconf 79' lang='lat' dir='ltr'><strong>dum.</strong></span> <span class='ocrx_word' id='word_1_530' title='bbox 220 4409 483 4529; x_wconf 64' lang='lat' dir='ltr'><strong>inserunturet</strong></span> <span class='ocrx_word' id='word_1_531' title='bbox 503 4414 576 4482; x_wconf 92' lang='lat' dir='ltr'><strong>duo</strong></span> <span class='ocrx_word' id='word_1_532' title='bbox 591 4415 692 4485; x_wconf 90' lang='lat' dir='ltr'><strong>nervi</strong></span> <span class='ocrx_word' id='word_1_533' title='bbox 719 4413 760 4486; x_wconf 92' lang='lat' dir='ltr'><strong>in</strong></span> <span class='ocrx_word' id='word_1_534' title='bbox 789 4415 945 4485; x_wconf 88' lang='lat' dir='ltr'><strong>tunicam</strong></span> <span class='ocrx_word' id='word_1_535' title='bbox 966 4438 1050 4504; x_wconf 83' lang='lat' dir='ltr'><strong>epa·</strong></span> <span class='ocrx_word' id='word_1_536' title='bbox 1098 4449 1241 4519; x_wconf 86' lang='lat' dir='ltr'><strong>tenuius</strong></span> <span class='ocrx_word' id='word_1_537' title='bbox 1255 4459 1324 4528; x_wconf 46' lang='grc' dir='ltr'><strong>εει,</strong></span> <span class='ocrx_word' id='word_1_538' title='bbox 1347 4454 1382 4512; x_wconf 56' lang='lat' dir='ltr'><strong>et</strong></span> <span class='ocrx_word' id='word_1_539' title='bbox 1396 4461 1542 4532; x_wconf 62' lang='lat' dir='ltr'><strong>,pum</strong></span> <span class='ocrx_word' id='word_1_540' title='bbox 1558 4436 1691 4517; x_wconf 55' lang='lat' dir='ltr'><strong>,pmfle’</strong></span> <span class='ocrx_word' id='word_1_541' title='bbox 1714 4426 1810 4522; x_wconf 75' lang='lat' dir='ltr'><strong>quod</strong></span> <span class='ocrx_word' id='word_1_542' title='bbox 1824 4425 1898 4515; x_wconf 81' lang='lat' dir='ltr'><strong>ipse</strong></span> <span class='ocrx_word' id='word_1_543' title='bbox 1914 4418 2080 4490; x_wconf 82' lang='lat' dir='ltr'><strong>nominat</strong></span> 
     </span>
     <span class='ocr_line' id='line_1_63' title="bbox 65 4512 2077 4636; baseline -0.005 -50"><span class='ocrx_word' id='word_1_544' title='bbox 65 4530 127 4601; x_wconf 82' lang='lat' dir='ltr'><strong>tu,</strong></span> <span class='ocrx_word' id='word_1_545' title='bbox 160 4536 256 4583; x_wconf 83' lang='lat' dir='ltr'><strong>rarrs</strong></span> <span class='ocrx_word' id='word_1_546' title='bbox 288 4537 328 4631; x_wconf 69' lang='lat' dir='ltr'><strong>aq</strong></span> <span class='ocrx_word' id='word_1_547' title='bbox 350 4512 688 4631; x_wconf 63' lang='lat' dir='ltr'><strong>ruodrcrssurculis,</strong></span> <span class='ocrx_word' id='word_1_548' title='bbox 721 4540 872 4609; x_wconf 91' lang='lat' dir='ltr'><strong>quorum</strong></span> <span class='ocrx_word' id='word_1_549' title='bbox 896 4516 1050 4634; x_wconf 33' lang='lat' dir='ltr'><strong>alter-in</strong></span> <span class='ocrx_word' id='word_1_550' title='bbox 1099 4548 1241 4635; x_wconf 54' lang='grc' dir='ltr'><em>ἄνθος,</em></span> <span class='ocrx_word' id='word_1_551' title='bbox 1266 4544 1395 4615; x_wconf 56' lang='lat' dir='ltr'><strong>deind,</strong></span> <span class='ocrx_word' id='word_1_552' title='bbox 1421 4541 1592 4636; x_wconf 58' lang='lat' dir='ltr'><strong>quiddam</strong></span> <span class='ocrx_word' id='word_1_553' title='bbox 1612 4537 1724 4603; x_wconf 57' lang='lat' dir='ltr'><strong>inem</strong></span> <span class='ocrx_word' id='word_1_554' title='bbox 1744 4546 1935 4619; x_wconf 49' lang='lat' dir='ltr'><strong>aquosum,</strong></span> <span class='ocrx_word' id='word_1_555' title='bbox 1959 4519 2077 4588; x_wconf 62' lang='lat' dir='ltr'><strong>subet.</strong></span> 
     </span>
     <span class='ocr_line' id='line_1_64' title="bbox 64 4620 2076 4731; baseline 0.001 -47"><span class='ocrx_word' id='word_1_556' title='bbox 64 4635 198 4706; x_wconf 80' lang='lat' dir='ltr'><strong>eorpus</strong></span> <span class='ocrx_word' id='word_1_557' title='bbox 232 4627 345 4705; x_wconf 79' lang='lat' dir='ltr'><strong>epatis</strong></span> <span class='ocrx_word' id='word_1_558' title='bbox 370 4626 638 4702; x_wconf 78' lang='lat' dir='ltr'><strong>transmittitur,</strong></span> <span class='ocrx_word' id='word_1_559' title='bbox 669 4639 715 4685; x_wconf 90' lang='lat' dir='ltr'><strong>ue</strong></span> <span class='ocrx_word' id='word_1_560' title='bbox 741 4638 886 4707; x_wconf 87' lang='lat' dir='ltr'><strong>prorsus</strong></span> <span class='ocrx_word' id='word_1_561' title='bbox 909 4628 955 4686; x_wconf 86' lang='lat' dir='ltr'><strong>su</strong></span> <span class='ocrx_word' id='word_1_562' title='bbox 975 4639 1052 4687; x_wconf 80' lang='lat' dir='ltr'><strong>sine</strong></span> <span class='ocrx_word' id='word_1_563' title='bbox 1100 4653 1183 4720; x_wconf 62' lang='lat' dir='ltr'><strong>dm</strong></span> <span class='ocrx_word' id='word_1_564' title='bbox 1197 4649 1303 4718; x_wconf 58' lang='lat' dir='ltr'><strong>etiam</strong></span> <span class='ocrx_word' id='word_1_565' title='bbox 1317 4647 1426 4721; x_wconf 56' lang='lat' dir='ltr'><strong>feces,</strong></span> <span class='ocrx_word' id='word_1_566' title='bbox 1452 4649 1639 4731; x_wconf 42' lang='grc' dir='ltr'><strong>ἥρωες,</strong></span> <span class='ocrx_word' id='word_1_567' title='bbox 1658 4627 1744 4700; x_wconf 66' lang='lat' dir='ltr'><strong>hm</strong></span> <span class='ocrx_word' id='word_1_568' title='bbox 1764 4626 1841 4698; x_wconf 77' lang='lat' dir='ltr'><strong>vini</strong></span> <span class='ocrx_word' id='word_1_569' title='bbox 1868 4620 2076 4694; x_wconf 76' lang='lat' dir='ltr'><strong>sustantiam</strong></span> 
     </span>
    </p>
   </div>
   <div class='ocr_carea' id='block_1_17' title="bbox 63 4717 2081 5147">
    <p class='ocr_par' dir='ltr' id='par_1_19' title="bbox 64 4717 2079 4840">
     <span class='ocr_line' id='line_1_65' title="bbox 64 4717 2079 4840; baseline -0.035 17"><span class='ocrx_word' id='word_1_570' title='bbox 64 4738 186 4788; x_wconf 40' lang='grc' dir='ltr'><strong>ΕΜ</strong></span> <span class='ocrx_word' id='word_1_571' title='bbox 1100 4773 1174 4821; x_wconf 83' lang='lat' dir='ltr'><strong>esse</strong></span> <span class='ocrx_word' id='word_1_572' title='bbox 1187 4750 1312 4840; x_wconf 83' lang='lat' dir='ltr'><strong>purius</strong></span> <span class='ocrx_word' id='word_1_573' title='bbox 1325 4743 1513 4838; x_wconf 89' lang='lat' dir='ltr'><strong>quiddam,</strong></span> <span class='ocrx_word' id='word_1_574' title='bbox 1537 4751 1571 4807; x_wconf 87' lang='lat' dir='ltr'><strong>et</strong></span> <span class='ocrx_word' id='word_1_575' title='bbox 1583 4734 1710 4804; x_wconf 87' lang='lat' dir='ltr'><strong>melius</strong></span> <span class='ocrx_word' id='word_1_576' title='bbox 1726 4739 1970 4820; x_wconf 88' lang='lat' dir='ltr'><strong>temperatum.</strong></span> <span class='ocrx_word' id='word_1_577' title='bbox 2024 4717 2079 4789; x_wconf 83' lang='lat' dir='ltr'><strong>lta</strong></span> 
     </span>
    </p>

    <p class='ocr_par' dir='ltr' id='par_1_20' title="bbox 63 4820 2081 5147">
     <span class='ocr_line' id='line_1_66' title="bbox 164 4820 2081 4934; baseline -0.023 -4"><span class='ocrx_word' id='word_1_578' title='bbox 164 4825 237 4901; x_wconf 58' lang='lat' dir='ltr'><strong>Est</strong></span> <span class='ocrx_word' id='word_1_579' title='bbox 257 4841 372 4900; x_wconf 59' lang='lat' dir='ltr'><strong>mem</strong></span> <span class='ocrx_word' id='word_1_580' title='bbox 398 4831 509 4921; x_wconf 61' lang='lat' dir='ltr'><strong>fidum</strong></span> <span class='ocrx_word' id='word_1_581' title='bbox 532 4831 764 4919; x_wconf 57' lang='lat' dir='ltr'><strong>“mitilenus</strong></span> <span class='ocrx_word' id='word_1_582' title='bbox 790 4857 851 4904; x_wconf 68' lang='lat'><strong>³0¹¹</strong></span> <span class='ocrx_word' id='word_1_583' title='bbox 869 4838 965 4906; x_wconf 58' lang='lat' dir='ltr'><strong>“³¹¹¹ss</strong></span> <span class='ocrx_word' id='word_1_584' title='bbox 977 4834 1053 4906; x_wconf 69' lang='lat'>1¹1¹·</span> <span class='ocrx_word' id='word_1_585' title='bbox 1101 4853 1140 4921; x_wconf 90' lang='lat' dir='ltr'><strong>in</strong></span> <span class='ocrx_word' id='word_1_586' title='bbox 1155 4870 1267 4919; x_wconf 87' lang='lat' dir='ltr'><strong>massa</strong></span> <span class='ocrx_word' id='word_1_587' title='bbox 1282 4845 1474 4934; x_wconf 87' lang='lat' dir='ltr'><strong>sanguinea</strong></span> <span class='ocrx_word' id='word_1_588' title='bbox 1488 4839 1634 4909; x_wconf 86' lang='lat' dir='ltr'><strong>totidem</strong></span> <span class='ocrx_word' id='word_1_589' title='bbox 1649 4844 1732 4905; x_wconf 87' lang='lat' dir='ltr'><strong>sunt</strong></span> <span class='ocrx_word' id='word_1_590' title='bbox 1746 4826 1937 4901; x_wconf 86' lang='lat' dir='ltr'><strong>humorum</strong></span> <span class='ocrx_word' id='word_1_591' title='bbox 1954 4820 2081 4891; x_wconf 83' lang='lat' dir='ltr'><strong>discri-</strong></span> 
     </span>
     <span class='ocr_line' id='line_1_67' title="bbox 63 4922 2080 5035; baseline -0.019 -8"><span class='ocrx_word' id='word_1_592' title='bbox 63 4931 686 5024; x_wconf 61' lang='lat' dir='ltr'><strong>¹¹²²Pf⁰d²¹¹¹¹¹i⁸²⁶⁰¹¹l¹¹¹¹⁶¹l⁰¹¹⁶⁵</strong></span> <span class='ocrx_word' id='word_1_593' title='bbox 712 4938 837 5007; x_wconf 61' lang='lat'><strong>‘1⁸⁸¹’</strong></span> <span class='ocrx_word' id='word_1_594' title='bbox 862 4934 1054 5029; x_wconf 59' lang='lat' dir='ltr'><strong>diaphfflg·</strong></span> <span class='ocrx_word' id='word_1_595' title='bbox 1101 4952 1212 5025; x_wconf 87' lang='lat' dir='ltr'><strong>mina.</strong></span> <span class='ocrx_word' id='word_1_596' title='bbox 1261 4947 1392 5018; x_wconf 88' lang='lat' dir='ltr'><strong>Levior</strong></span> <span class='ocrx_word' id='word_1_597' title='bbox 1406 4963 1527 5035; x_wconf 87' lang='lat' dir='ltr'><strong>spuma</strong></span> <span class='ocrx_word' id='word_1_598' title='bbox 1545 4949 1597 5007; x_wconf 86' lang='lat' dir='ltr'><strong>est</strong></span> <span class='ocrx_word' id='word_1_599' title='bbox 1609 4932 1804 5007; x_wconf 83' lang='lat' dir='ltr'><strong>bilisflava.</strong></span> <span class='ocrx_word' id='word_1_600' title='bbox 1839 4922 2080 4997; x_wconf 85' lang='lat' dir='ltr'><strong>Humorsnb-</strong></span> 
     </span>
     <span class='ocr_line' id='line_1_68' title="bbox 63 5027 2078 5147; baseline -0.029 0"><span class='ocrx_word' id='word_1_601' title='bbox 63 5050 158 5107; x_wconf 65' lang='lat'>“¹³²⁸</span> <span class='ocrx_word' id='word_1_602' title='bbox 175 5033 287 5102; x_wconf 65' lang='lat' dir='ltr'><strong>‘imm</strong></span> <span class='ocrx_word' id='word_1_603' title='bbox 302 5042 354 5102; x_wconf 63' lang='lat'><strong>²⁸⁸</strong></span> <span class='ocrx_word' id='word_1_604' title='bbox 377 5032 416 5100; x_wconf 61' lang='lat'><strong>5¹¹</strong></span> <span class='ocrx_word' id='word_1_605' title='bbox 435 5034 559 5104; x_wconf 59' lang='lat' dir='ltr'><strong>dmm</strong></span> <span class='ocrx_word' id='word_1_606' title='bbox 577 5029 863 5128; x_wconf 62' lang='lat' dir='ltr'><strong>hyP⁰⁰h⁰¹¹dliffl</strong></span> <span class='ocrx_word' id='word_1_607' title='bbox 1101 5072 1254 5147; x_wconf 84' lang='lat' dir='ltr'><strong>aquosus</strong></span> <span class='ocrx_word' id='word_1_608' title='bbox 1283 5048 1487 5117; x_wconf 89' lang='lat' dir='ltr'><strong>nominatur</strong></span> <span class='ocrx_word' id='word_1_609' title='bbox 1514 5034 1688 5129; x_wconf 80' lang='lat' dir='ltr'><strong>phlegma.</strong></span> <span class='ocrx_word' id='word_1_610' title='bbox 1746 5032 1852 5102; x_wconf 84' lang='lat' dir='ltr'><strong>Feres</strong></span> <span class='ocrx_word' id='word_1_611' title='bbox 1876 5027 1960 5096; x_wconf 90' lang='lat' dir='ltr'><strong>bilis</strong></span> <span class='ocrx_word' id='word_1_612' title='bbox 1988 5035 2078 5098; x_wconf 86' lang='lat' dir='ltr'><strong>atra.</strong></span> 
     </span>
    </p>
   </div>
   <div class='ocr_carea' id='block_1_18' title="bbox 64 5125 2080 5449">
    <p class='ocr_par' dir='ltr' id='par_1_21' title="bbox 64 5125 2080 5449">
     <span class='ocr_line' id='line_1_69' title="bbox 166 5125 2080 5245; baseline -0.016 -25"><span class='ocrx_word' id='word_1_613' title='bbox 166 5144 381 5220; x_wconf 79' lang='lat' dir='ltr'><strong>Ostendent</strong></span> <span class='ocrx_word' id='word_1_614' title='bbox 408 5160 526 5219; x_wconf 80' lang='lat' dir='ltr'><strong>eutem</strong></span> <span class='ocrx_word' id='word_1_615' title='bbox 566 5152 684 5236; x_wconf 90' lang='lat' dir='ltr'><strong>oculi,</strong></span> <span class='ocrx_word' id='word_1_616' title='bbox 734 5177 819 5244; x_wconf 88' lang='lat' dir='ltr'><strong>epar</strong></span> <span class='ocrx_word' id='word_1_617' title='bbox 862 5152 1050 5245; x_wconf 86' lang='lat' dir='ltr'><strong>porcinum</strong></span> <span class='ocrx_word' id='word_1_618' title='bbox 1102 5146 1255 5243; x_wconf 86' lang='lat' dir='ltr'><strong>Sanguis</strong></span> <span class='ocrx_word' id='word_1_619' title='bbox 1275 5172 1378 5227; x_wconf 87' lang='lat' dir='ltr'><strong>vero,</strong></span> <span class='ocrx_word' id='word_1_620' title='bbox 1410 5166 1492 5235; x_wconf 85' lang='lat' dir='ltr'><strong>pars</strong></span> <span class='ocrx_word' id='word_1_621' title='bbox 1514 5141 1666 5232; x_wconf 88' lang='lat' dir='ltr'><strong>optima,</strong></span> <span class='ocrx_word' id='word_1_622' title='bbox 1697 5142 1888 5224; x_wconf 86' lang='lat' dir='ltr'><strong>temperate</strong></span> <span class='ocrx_word' id='word_1_623' title='bbox 1909 5125 2022 5245; x_wconf 78' lang='lat' dir='ltr'><strong>calida</strong></span> <span class='ocrx_word' id='word_1_624' title='bbox 2045 5136 2080 5239; x_wconf 75' lang='lat' dir='ltr'><strong>et</strong></span> 
     </span>
     <span class='ocr_line' id='line_1_70' title="bbox 66 5237 2077 5345; baseline -0.015 -24"><span class='ocrx_word' id='word_1_625' title='bbox 66 5251 183 5321; x_wconf 76' lang='lat' dir='ltr'><strong>scindi</strong></span> <span class='ocrx_word' id='word_1_626' title='bbox 199 5248 531 5340; x_wconf 67' lang='lat' dir='ltr'><strong>inplorespiouas</strong></span> <span class='ocrx_word' id='word_1_627' title='bbox 566 5249 638 5322; x_wconf 85' lang='lat' dir='ltr'><strong>Sed</strong></span> <span class='ocrx_word' id='word_1_628' title='bbox 654 5249 849 5325; x_wconf 85' lang='lat' dir='ltr'><strong>humanum</strong></span> <span class='ocrx_word' id='word_1_629' title='bbox 868 5278 951 5345; x_wconf 88' lang='lat' dir='ltr'><strong>epar</strong></span> <span class='ocrx_word' id='word_1_630' title='bbox 965 5259 1053 5324; x_wconf 86' lang='lat' dir='ltr'><strong>seri·</strong></span> <span class='ocrx_word' id='word_1_631' title='bbox 1102 5252 1268 5336; x_wconf 89' lang='lat' dir='ltr'><strong>humida,</strong></span> <span class='ocrx_word' id='word_1_632' title='bbox 1300 5247 1431 5328; x_wconf 84' lang='lat' dir='ltr'><strong>dulcis,</strong></span> <span class='ocrx_word' id='word_1_633' title='bbox 1461 5257 1496 5314; x_wconf 86' lang='lat' dir='ltr'><strong>et</strong></span> <span class='ocrx_word' id='word_1_634' title='bbox 1524 5241 1710 5333; x_wconf 87' lang='lat' dir='ltr'><strong>praecipua</strong></span> <span class='ocrx_word' id='word_1_635' title='bbox 1743 5255 1825 5326; x_wconf 88' lang='lat' dir='ltr'><strong>pars</strong></span> <span class='ocrx_word' id='word_1_636' title='bbox 1853 5237 2077 5298; x_wconf 80' lang='lat' dir='ltr'><strong>nutrimenti.</strong></span> 
     </span>
     <span class='ocr_line' id='line_1_71' title="bbox 64 5327 2079 5449; baseline -0.016 -26"><span class='ocrx_word' id='word_1_637' title='bbox 64 5351 320 5437; x_wconf 75' lang='lat' dir='ltr'><strong>tuWesattu·</strong></span> <span class='ocrx_word' id='word_1_638' title='bbox 329 5372 406 5429; x_wconf 77' lang='lat' dir='ltr'><strong>nen</strong></span> <span class='ocrx_word' id='word_1_639' title='bbox 420 5372 567 5442; x_wconf 78' lang='lat' dir='ltr'><strong>prorsus</strong></span> <span class='ocrx_word' id='word_1_640' title='bbox 582 5352 700 5424; x_wconf 84' lang='lat' dir='ltr'><strong>simile</strong></span> <span class='ocrx_word' id='word_1_641' title='bbox 713 5378 789 5428; x_wconf 81' lang='lat' dir='ltr'><strong>esse</strong></span> <span class='ocrx_word' id='word_1_642' title='bbox 802 5355 965 5449; x_wconf 88' lang='lat' dir='ltr'><strong>porcino,</strong></span> <span class='ocrx_word' id='word_1_643' title='bbox 989 5359 1051 5428; x_wconf 79' lang='lat' dir='ltr'><strong>red</strong></span> <span class='ocrx_word' id='word_1_644' title='bbox 1100 5353 1180 5428; x_wconf 87' lang='lat' dir='ltr'><strong>Etsi</strong></span> <span class='ocrx_word' id='word_1_645' title='bbox 1194 5366 1311 5426; x_wconf 87' lang='lat' dir='ltr'><strong>autem</strong></span> <span class='ocrx_word' id='word_1_646' title='bbox 1330 5370 1371 5418; x_wconf 80' lang='lat' dir='ltr'><strong>ex</strong></span> <span class='ocrx_word' id='word_1_647' title='bbox 1393 5344 1541 5437; x_wconf 81' lang='lat' dir='ltr'><strong>siugulis</strong></span> <span class='ocrx_word' id='word_1_648' title='bbox 1557 5341 1718 5436; x_wconf 78' lang='lat' dir='ltr'><strong>partibus</strong></span> <span class='ocrx_word' id='word_1_649' title='bbox 1740 5332 1854 5428; x_wconf 85' lang='lat' dir='ltr'><strong>aliqui</strong></span> <span class='ocrx_word' id='word_1_650' title='bbox 1876 5327 2079 5420; x_wconf 69' lang='lat' dir='ltr'><strong>rivolium</strong></span> 
     </span>
    </p>
   </div>
   <div class='ocr_carea' id='block_1_19' title="bbox 2226 2498 2241 2529">
    <p class='ocr_par' dir='ltr' id='par_1_22' title="bbox 2226 2498 2241 2529">
     <span class='ocr_line' id='line_1_72' title="bbox 2226 2498 2241 2529; baseline 0 0"><span class='ocrx_word' id='word_1_651' title='bbox 2226 2498 2241 2529; x_wconf 65' lang='grc' dir='ltr'><em>θ</em></span> 
     </span>
    </p>
   </div>
   <div class='ocr_carea' id='block_1_20' title="bbox 0 0 2276 5748">
    <p class='ocr_par' dir='ltr' id='par_1_23' title="bbox 0 0 2276 5748">
     <span class='ocr_line' id='line_1_73' title="bbox 0 0 2276 5748; baseline 0 0"><span class='ocrx_word' id='word_1_652' title='bbox 0 0 2276 5748; x_wconf 95' lang='lat' dir='ltr'><strong> </strong></span> 
     </span>
    </p>
   </div>
  </div>
 </body>
</html>
