4538 5754
69 229 171 315 rara
672 205 736 306 ur.
790 224 1239 342 conuunmnum
1271 220 1515 300 vsanuos.
2010 232 2107 309 urs

136 442 139 447 ·
169 405 330 478 Primum
348 406 445 476 enim
462 415 556 474 certa
571 411 695 480 ettuna
712 403 874 473 doctrina
891 415 961 486 est,
987 414 1061 471 tra·
1113 396 1234 468 ludaei
1242 444 1264 480 ,.
1278 390 1550 468 Malrometistae
1566 411 1600 468 et
1613 400 1817 472 defensores
1833 428 1993 475 errorum
2012 432 2102 498 pon-

66 509 143 580 dita
162 533 224 599 per
239 507 372 579 Filium
389 506 474 591 Dei,
501 505 677 594 patribus,
704 501 896 594 Prophetis
912 517 947 573 et
960 500 1060 583 Aoo·
1111 501 1315 571 tiliciornna.
1977 570 1980 575 ,

66 612 189 691 stolis,
216 612 308 683 sicut
336 611 386 681 ait
419 608 587 679 loannes:
611 606 734 698 ,Filius
758 606 821 701 qui
844 620 895 675 est
917 606 955 673 in
977 605 1059 673 sinu
1199 599 1387 671 Caeterum
1405 602 1468 671 ubi
1485 625 1608 671 verum
1629 605 1900 678 tundamentum
1917 610 2100 696 retinetur,

65 713 198 804 patris,
232 715 309 804 ipse
327 710 508 781 enarravit
529 708 646 780 nobis.
706 708 752 779 Et
773 721 936 777 aeternus
959 720 1060 798 pater
1110 703 1141 772 si
1157 702 1196 772 in
1210 703 1363 773 externis
1387 704 1536 773 noribus
1550 700 1708 774 Ecclesia
1735 701 2001 805 babetaliquas
2025 728 2098 785 tra-

65 814 161 883 elara
178 838 262 884 voce
280 816 324 883 de
340 814 439 883 coelo
455 811 659 894 mandavit,
685 806 781 880 hunc
798 810 910 880 filium
927 809 1059 893 audiri,
1110 806 1283 889 ditiones,
1310 801 1375 874 hae
1390 829 1463 875 non
1479 821 1676 897 aequentur
1691 808 1935 897 fundamento,
1959 838 2024 884 nec
2039 818 2099 885 di-

65 911 292 989 Matth.17.:
319 914 387 985 Hic
411 913 577 983 estfilius
600 936 698 982 meus
722 912 890 989 dilectus,
924 912 962 978 in
986 934 1071 1002 quo.
1111 922 1236 977 cantur
1258 931 1331 976 esse
1356 931 1411 976 res
1437 911 1670 992 necessariae,
1696 913 1757 979 sed
1781 909 2012 1004 adiaplrorae,
2040 920 2097 987 iu-

65 1017 317 1116 complacitum
341 1030 393 1086 est
414 1011 524 1098 mihi,
557 1008 655 1083 hunc
680 1015 812 1084 audite.
871 1010 940 1082 Hic
963 1012 1057 1081 filins
1112 1010 1254 1078 stitutae
1278 1023 1422 1099 propter
1446 1009 1630 1100 politicum
1658 1013 1838 1097 ordinem,
1875 1029 1915 1085 ut
1938 1022 2096 1089 suntse-

65 1133 165 1188 certo
183 1118 347 1209 patefacit
360 1119 579 1187 voluntatem
602 1115 670 1183 Dei
695 1118 738 1185 dc
759 1115 1060 1197 reconciliatione,
1110 1111 1183 1179 riae
1201 1125 1235 1180 et
1249 1123 1363 1180 certae
1385 1111 1560 1183 lectiones.
1611 1110 1739 1183 Nullae
1761 1115 1848 1184 tales
1873 1141 1928 1186 res
1951 1139 2097 1210 possunt

66 1221 111 1289 de
133 1221 297 1290 tollendo
321 1234 461 1311 peccato
489 1231 523 1286 et
554 1226 688 1300 morte,
715 1232 749 1288 et
773 1217 817 1284 de
839 1217 956 1284 danda
983 1216 1055 1287 vita
1110 1236 1182 1282 esse
1210 1214 1482 1282 fundamentum
1511 1225 1571 1281 aut
1602 1212 1691 1304 lapis
1723 1217 1902 1305 angularis
1936 1227 2112 1314 perpetui,

66 1337 225 1393 aeterna.
276 1319 371 1390 Huic
388 1322 461 1389 lilio
480 1320 557 1388 vult
571 1320 686 1400 credi,
713 1333 749 1388 et
765 1318 1058 1389 vultdoetrinam
1110 1314 1280 1394 aedilicii,
1309 1315 1405 1407 quod
1421 1316 1578 1383 manebit
1596 1313 1632 1382 in
1654 1315 1724 1386 vita
1742 1332 1896 1393 aeterna.

68 1424 144 1493 eius
168 1425 336 1496 anteferri
369 1423 477 1493 totius
513 1423 639 1493 mundi
663 1420 824 1499 iudiciis,
859 1434 893 1489 et
915 1419 1053 1510 opinio-

67 1526 200 1597 nibus(
239 1583 242 1592 .
803 1584 807 1591 .

170 1624 219 1698 Et
237 1624 393 1699 Ecclesia
420 1627 538 1696 unitas
563 1624 723 1695 consistit
748 1625 787 1693 in
808 1622 972 1694 societate
989 1618 1058 1692 hu·

68 1730 125 1797 ius
148 1731 257 1799 canius
278 1730 460 1800 doctrinae
476 1723 669 1816 Evangelii·
685 1726 768 1795 inde
792 1730 904 1817 usque
921 1751 939 1793 a
955 1724 1057 1812 prin-

67 1831 163 1921 cipio
179 1836 221 1901 ad
239 1832 354 1900 finem.
407 1827 451 1898 In
473 1823 539 1898 hac
555 1853 648 1914 ⁵voce
664 1824 866 1916 Evangelii,
894 1827 1058 1896 videlicet

67 1932 107 2000 in
121 1935 356 2024 promissione
370 1929 540 2016 Messiae,
566 1930 759 1999 consociati
776 1930 924 1999 fuerunt
942 1943 1055 2016 patres

66 2049 151 2104 ante
176 2034 498 2116 circumcisionem,
529 2046 564 2102 et
584 2032 714 2101 deiude
736 2030 921 2121 posteritas
937 2028 1055 2101 Abra·

65 2127 163 2221 hae,
179 2162 260 2207 cum
283 2136 404 2206 multis
420 2135 482 2226 qui
506 2134 732 2204 crediderunt
754 2133 991 2222 exgentibus,
1016 2143 1056 2201 ut

55 2233 252 2308 'Nabaman
297 2238 427 2332 Syrus,
477 2234 762 2324 Nahugdonosor
804 2248 840 2303 et
880 2234 961 2314 alii,
1015 2257 1055 2301 ac

47 2350 249 2430 'postremo
278 2337 435 2408 Ecclesia
462 2339 606 2408 collecta
633 2360 695 2426 per
720 2332 912 2426 Apostolos
935 2348 969 2404 et
993 2333 1055 2404 lu-

65 2445 167 2514 daeis
189 2456 224 2512 et
241 2439 431 2515 Gentibus.
945 2448 948 2454 '

132 2596 135 2601 -
170 2544 251 2614 Non
268 2544 363 2612 enirn
379 2554 492 2633 potest
507 2539 606 2611 Deus
620 2541 722 2611 aliter
736 2543 804 2612 coli
826 2556 888 2612 ant
909 2544 1053 2610 invoca-

61 2650 118 2728 ri,
145 2647 215 2715 nisi
240 2646 473 2735 Evangelinm
497 2645 541 2711 de
564 2640 695 2711 Messia
717 2644 986 2733 amplectamur,
1020 2655 1054 2711 et

61 2754 102 2819 in
120 2744 190 2818 hoc
207 2746 285 2840 ipso
304 2748 412 2816 verbo
436 2767 665 2834 agnoscamus
679 2745 959 2814 misericordiam
976 2739 1054 2828 Dei,

58 2866 97 2923 et
115 2862 312 2921 statuamus
326 2872 389 2916 nos
407 2847 565 2915 exaudiri
589 2859 624 2914 et
638 2846 778 2920 salvari.
831 2846 914 2915 ldeo
929 2846 1052 2914 clami-

58 2965 142 3025 tant
165 2950 329 3043 Apostoli
360 2949 487 3019 Petrus
509 2961 544 3017 et
568 2945 713 3016 Paulus.
770 2944 900 3038 Ephes.
918 2954 953 3020 2.
980 2944 1051 3016 Ec-

58 3054 207 3126 clesiam
221 3053 438 3122 aedilitatem
454 3072 526 3118 esse
541 3072 644 3138 supra
660 3044 756 3118 hrrnc
770 3049 923 3139 lapidem
939 3074 1052 3137 angu-

57 3160 186 3228 larem.
239 3154 335 3223 ldem
353 3156 455 3223 docet
473 3153 504 3224 1.
520 3146 684 3222 Corinth.
702 3153 736 3223 8.
756 3152 934 3244 inquiens:
953 3150 1051 3221 Fuu-

58 3262 271 3330 damentum
292 3257 389 3325 aliud
413 3278 517 3324 nemo
541 3265 655 3342 potest
677 3278 824 3343 ponere,
850 3270 988 3344 praeter
1013 3255 1050 3321 id

57 3362 163 3456 quod
180 3360 334 3450 positum
351 3370 420 3441 est,
436 3357 530 3450 quod
548 3369 599 3423 est
611 3352 892 3426 lesusChristus.
930 3355 1054 3445 Quare

57 3476 164 3534 extra
179 3457 248 3532 hoc
263 3460 513 3536 ministerium,
534 3460 630 3549 quod
648 3457 963 3546 praedicatFilium
973 3456 1050 3541 Dei,

55 3590 140 3636 non
171 3578 222 3635 est
244 3556 423 3645 Ecclesia,
459 3584 523 3628 nec
553 3560 721 3647 salvatio,
756 3560 845 3630 sicut
868 3575 902 3631 et
924 3559 1050 3629 Petrus

56 3670 186 3739 Actor.
202 3662 237 3736 4.
263 3663 395 3757 inquit:
423 3660 504 3731 Non
529 3675 580 3730 est
602 3662 698 3729 aliud
717 3685 858 3744 nornen,
873 3686 936 3752 per
950 3663 1048 3754 quod

55 3780 225 3862 oporteat
242 3766 357 3835 salvos
375 3765 473 3854 ficri,
499 3763 568 3831 nisi
586 3787 715 3832 nomen
731 3759 875 3836 Christi.
929 3762 1049 3852 Quare

54 3883 147 3941 sunt
162 3869 291 3938 exclusi
307 3892 326 3936 a
345 3866 417 3936 vita
433 3879 573 3935 aeterna
588 3888 722 3949 omues,
748 3888 854 3957 super
871 3890 960 3958 qrvos
974 3891 1048 3933 raon

57 3986 115 4042 est
141 3972 344 4043 invocatum
367 3992 498 4036 nomen
524 3965 675 4052 Christi,
703 3982 742 4038 ut
762 3981 884 4056 gentes
907 3970 1049 4055 ignarae

54 4072 269 4163 Evangelii,
293 4087 352 4141 aut
370 4068 611 4159 blasphemae,
637 4084 677 4138 ut
694 4066 860 4160 Epicurei
886 4071 1047 4137 omniurn

54 4176 233 4269 gentium.
288 4172 375 4244 ltcm
402 4170 541 4252 ludaei,
568 4167 865 4254 Mahumetistae,
890 4172 1048 4264 tyranni,

53 4279 125 4375 qui
148 4276 343 4346 defendunt
365 4275 494 4366 impios
518 4275 633 4342 cultus
657 4262 789 4363 Papae,
814 4286 848 4342 et
873 4286 1049 4343 conantur

53 4402 184 4451 veram
208 4393 242 4449 et
268 4379 457 4448 salutarem
483 4376 681 4481 doctripam
708 4378 751 4442 dc
767 4376 945 4445 beneficiis
961 4373 1045 4444 Filii

51 4484 147 4564 Dei,
170 4481 268 4551 etde
294 4481 362 4549 lide
384 4481 593 4568 opprimere.
646 4474 756 4560 ltem,
782 4475 1049 4564 Anahaptistae,

52 4586 124 4681 qui
141 4584 361 4657 contendunt
376 4580 480 4649 etiarn
499 4582 650 4648 infantes
665 4597 760 4648 extra
778 4576 988 4664 Ecclesiam,
1015 4595 1051 4650 et·

55 4692 139 4760 sine
155 4684 381 4754 invocatione
398 4685 553 4751 nominis
570 4679 702 4752 Christi
718 4682 856 4753 salvari.

165 4786 275 4858 Docet
300 4786 409 4874 igitur
428 4782 486 4853 hic
508 4785 720 4867 versiculus,
748 4809 836 4876 quae
858 4785 905 4855 sit
924 4783 1048 4853 Eccle-

41 4894 129 4979 sia,
158 4878 192 4958 et
206 4901 245 4957 ut
263 4887 418 4977 conspici
435 4888 561 4977 possit,
583 4887 753 4975 proponit
768 4900 897 4955 certam
916 4902 1048 4970 notam,

52 4992 193 5064 scilicet
207 4985 303 5059 hunc
322 4989 475 5080 lapidem
492 4991 715 5077 angularem,
749 4982 841 5056 haarac
859 5014 964 5057 ranam
982 4993 1047 5059 do-

22 5186 28 5193 ·
54 5081 212 5168 ctrinam
225 5090 395 5167 ¹traditam
413 5091 494 5160 inde
511 5115 622 5186 usque
637 5090 682 5158 ab
700 5090 804 5158 initio
821 5094 865 5160 de
880 5089 1048 5161 FilioDei

57 5197 252 5267 salvatore.⁴
304 5191 469 5283 lmpietas
492 5206 527 5262 et
543 5195 737 5284 impostura
752 5206 823 5276 est,
848 5216 1047 5281 proponere

55 5299 168 5393 aliam
183 5290 400 5376 doctrinam,
425 5320 489 5384 pro
508 5296 742 5363 fundamento
764 5317 824 5361 seu
844 5293 960 5384 lapide
983 5320 1047 5362 an-

55 5399 177 5490 galeri
184 5450 195 5491 ,
221 5396 485 5468 dissentientem
506 5392 778 5487 abErangolio,
804 5395 894 5466 sicut
912 5396 1048 5467 faciunt

1212 1416 1396 1501 Secundo,
1412 1414 1520 1507 Lapis
1535 1418 1713 1504 angularis
1729 1433 1782 1489 est
1802 1443 1863 1491 seu
1880 1424 2095 1498 fundamen·

1111 1532 1184 1588 tum
1211 1513 1396 1605 Christus,
1430 1542 1503 1586 non
1535 1532 1671 1588 tantum
1708 1535 1852 1613 propter
1883 1527 2094 1613 doctrinam,

1109 1623 1168 1689 sed
1185 1621 1291 1717 etiam
1307 1618 1451 1712 propter
1466 1620 1666 1689 efficaciam.
1721 1622 1759 1692 ld
1776 1622 2003 1698 'considerari
2026 1629 2094 1703 hoc

1111 1723 1188 1791 loco
1216 1746 1354 1791 necesse
1377 1736 1437 1791 est.
1492 1716 1646 1811 Oportet
1663 1725 1757 1793 enirn
1782 1726 1933 1798 discerni
1961 1729 2094 1806 Filium

1108 1823 1173 1895 Dei
1197 1826 1406 1893 salvatorem
1429 1848 1448 1892 a
1467 1825 1626 1915 patribus
1648 1840 1681 1893 et
1698 1822 1887 1917 Prophetis
1903 1845 1935 1902 et
1950 1841 2094 1906 caeteris

1108 1927 1291 1997 ministris.
1342 1925 1450 1995 Dicat
1470 1927 1565 1994 enim
1590 1928 1747 1999 fortassis
1763 1930 1909 2024 aliquis,
1935 1961 1999 2006 cur
2021 1963 2095 2010 non

1108 2043 1142 2097 et
1161 2028 1294 2098 Moises
1311 2027 1523 2117 intelligitur
1538 2028 1628 2120 lapis
1644 2031 1843 2118 angularis,
1869 2060 1949 2107 cnm
1967 2041 2093 2133 etipse

1108 2132 1152 2199 sit
1178 2126 1389 2199 architectus
1412 2129 1616 2221 pulcerrimi
1643 2132 1812 2212 aedilicii,
1847 2137 1997 2224 scilicet,
2029 2170 2094 2235 po.

1107 2232 1203 2301 litiae
1222 2231 1349 2315 lsraiil,
1377 2228 1527 2309 horest,
1554 2233 1678 2303 doctor
1695 2234 1796 2322 legis,
1823 2262 1890 2330 qua
1908 2248 2091 2316 consocia-

1106 2341 1163 2404 tus
1179 2349 1230 2404 est
1252 2335 1405 2426 populus
1423 2332 1544 2405 lsrae'l.

1207 2436 1276 2506 Sed
1294 2437 1668 2527 respondendumest,
1696 2432 1754 2510 hic
1776 2442 1851 2512 lieri
1875 2448 2091 2522 mentionem

1105 2541 1148 2607 'de
1176 2538 1292 2628 lapide
1315 2539 1498 2629 angulari,
1532 2541 1594 2632 qni
1624 2565 1696 2612 non
1722 2551 1859 2615 tantum
1882 2562 1932 2618 est
1957 2551 2091 2636 doctor,

1105 2642 1165 2710 sed
1186 2641 1337 2711 salvator
1354 2656 1389 2711 et
1405 2642 1575 2715 liberator
1593 2666 1611 2710 a
1631 2657 1745 2714 morte
1760 2661 1918 2734 aeterna,
1936 2655 1998 2747 qui
2014 2658 2089 2727 dis-

1105 2746 1306 2812 cernendus·
1327 2755 1376 2813 est
1404 2768 1422 2811 a
1448 2745 1624 2832 patribus,
1659 2743 1846 2838 Prophetis
1881 2766 1914 2821 et
1945 2761 2090 2829 caeteris

1105 2846 1293 2930 ministris,
1321 2846 1411 2916 sicut
1426 2841 1601 2917 lohannes
1615 2845 1645 2914 B
1658 2849 1774 2938 iptista
1799 2851 1985 2945 aliquoties
2010 2886 2090 2930 mo·

1104 2947 1192 3019 nuit.
1243 2945 1384 3030 Patres,
1403 2943 1601 3038 Prophetae
1617 2963 1652 3018 et
1667 2952 1794 3031 caeteri
1811 2954 1984 3044 ministri,
2010 2976 2088 3032 tan-

1103 3066 1178 3121 tum
1207 3063 1291 3119 sunt
1324 3052 1500 3118 doctores:
1540 3063 1576 3118 at
1607 3050 1700 3121 lilius
1733 3049 1799 3133 Dei
1830 3070 1880 3127 est
1907 3073 1940 3128 et
1965 3065 2090 3135 doctor

1103 3149 1288 3240 Evangelii
1313 3166 1346 3219 et
1376 3152 1540 3222 salvator.
1598 3147 1646 3221 Et
1669 3166 1720 3222 est
1745 3177 1882 3246 semper
1908 3163 2026 3234 efficax
2050 3169 2086 3236 in

1102 3253 1274 3336 Ecclesia,
1307 3253 1455 3321 remittit
1484 3267 1622 3343 peccata
1653 3258 1895 3346 credentibus,
1934 3271 2088 3355 exaudit,

1103 3358 1163 3424 dat
1177 3355 1350 3446 Spiritum
1374 3369 1554 3437 sanctum,
1586 3357 1779 3427 sanctificat
1805 3366 1910 3432 corda
1938 3371 2107 3439 creden-¹

1102 3459 1209 3536 tium,
1243 3459 1370 3525 liberat
1395 3481 1452 3525 cos
1476 3481 1495 3526 a
1521 3459 1708 3551 tyrannide
1730 3447 1883 3548 diaboli,
1914 3470 2002 3557 regit
2029 3499 2087 3543 eos

1102 3560 1313 3628 mirabiliter
1328 3572 1361 3628 et
1378 3559 1476 3627 iuvat
1492 3559 1529 3627 in
1547 3560 1732 3650 periculis,
1758 3565 1817 3633 dat
1843 3567 1951 3637 vitam
1974 3589 2087 3645 aeter-

1101 3687 1203 3744 nam,
1228 3675 1260 3731 et
1284 3662 1429 3747 depellit
1445 3661 1641 3732 diabolum.
1694 3664 1794 3734 Haec
1815 3669 1953 3740 assidua
1977 3676 2085 3747 hene·
2133 3706 2136 3713 ⁴

1100 3764 1177 3831 licia
1213 3765 1369 3855 impertit
1407 3787 1509 3831 verae
1540 3760 1736 3848 Ecclesiae,
1794 3771 1884 3840 sicut
1927 3789 1960 3845 et
2000 3778 2086 3850 alias

1101 3890 1202 3956 saepe
1232 3867 1379 3934 dicitur:
1431 3863 1517 3935 Sine
1560 3890 1615 3933 mc
1646 3863 1918 3962 nibil-potestis
1960 3876 2083 3954 lacerei

1102 3967 1207 4037 ltern:
1235 3963 1425 4047 Ascendit,
1448 3970 1621 4057 captivam
1638 3970 1739 4041 duxit
1755 3976 2004 4065 captivitatem,
2025 3987 2084 4056 dat

1100 4067 1193 4139 dona
1223 4065 1441 4140 huminibus.
1501 4071 1585 4140 Non
1611 4073 1803 4160 cogitemus
1833 4079 1989 4148 oclosum
2012 4083 2085 4155 essa

1100 4173 1307 4261 dominum,
1334 4175 1394 4240 sed
1413 4168 1469 4240 hic
1485 4173 1574 4263 lapis
1591 4176 1769 4263 angularis
1794 4203 1873 4246 vere
1899 4198 2085 4276 sustentat,

1100 4289 1132 4344 et
1147 4286 1252 4365 gestat
1270 4300 1346 4367 nos,
1374 4275 1507 4344 ac.vult
1523 4276 1688 4343 beneficia
1705 4302 1723 4344 a
1741 4279 1844 4348 nohis
1860 4281 2023 4377 intelligi,
2050 4309 2084 4363 et

1100 4378 1167 4446 lide
1184 4377 1273 4466 peti,
1300 4374 1388 4469 duae
1405 4377 1548 4469 quidem
1567 4379 1796 4467 experiuntur
1809 4387 1919 4455 sancti
1946 4388 1981 4457 in
1996 4390 2085 4462 'assiss

1100 4480 1179 4547 deris
1196 4479 1484 4563 liberationibus,
1510 4480 1599 4548 sient
1618 4481 1782 4552 viderunt
1802 4480 1991 4560 Ecclesiam
2015 4489 2086 4563 mi-⁸

1100 4581 1260 4649 rabiliter
1288 4582 1418 4649 servari
1451 4598 1484 4649 et
1516 4584 1675 4664 eiciendi,
1717 4583 1812 4669 No'e',
1840 4586 1991 4680 Moises,
2018 4596 2085 4667 Sa.

1091 4683 1373 4772 .muel,=David‚
1399 4679 1579 4767 Ezechias,
1610 4682 1792 4771 Ieremias,
1820 4687 1957 4774 Daniel,
1987 4694 2085 4786 Apo:

1099 4785 1182 4855 stoli
1197 4799 1230 4854 et
1247 4789 1372 4854 caeteri
1399 4786 1459 4874 pii.
1511 4782 1643 4877 Estque
1671 4784 1728 4857 hic
1751 4793 1866 4860 cultus
1891 4821 1992 4867 verae
2016 4798 2085 4873 Ec.

1100 4889 1239 4969 clasiae,
1267 4889 1304 4954 iu
1322 4883 1388 4957 hac
1402 4889 1469 4956 lide
1485 4889 1649 4956 invocare
1664 4891 1803 4976 Deum,
1833 4908 1947 4983 petere
1971 4919 2002 4972 et
2027 4930 2086 4976 ex-

1097 5004 1238 5093 ,pecore
1260 4991 1432 5059 acuatum
1463 4991 1786 5073 altmannum,
1820 5017 1966 5089 proper
1992 4978 2085 5076 Meg.

1099 5093 1206 5171 siam,
1233 5093 1294 5183 qui
1318 5107 1369 5162 est
1393 5094 1481 5183 lapis
1503 5094 1692 5181 angularis.
1745 5096 1844 5171 Sicut
1868 5101 1941 5189 ipse
1965 5106 2086 5175 clami-

1099 5207 1165 5264 tat:
1190 5192 1317 5262 Venite
1332 5200 1374 5264 ad
1394 5218 1451 5262 me
1467 5192 1609 5279 omnes',
1639 5197 1700 5288 qui
1718 5198 1884 5270 laboratis
1901 5220 1935 5273 et
1949 5211 2085 5281 onerati

1071 5296 1200 5403 ,osus
1227 5311 1260 5366 et
1285 5319 1347 5384 ego
1372 5297 1525 5366 reficiam
1552 5321 1625 5369 vos
1690 5296 1793 5368 ltern:
1821 5301 2000 5397 Quicquid
2027 5336 2089 5402 pe·

1071 5406 1074 5471 ῤ
1101 5399 1227 5468 tieritis
1246 5413 1379 5490 patrem
1398 5399 1598 5469 innomine
1616 5426 1692 5471 meo
1702 5455 1716 5489 ,
1734 5399 1801 5473 hoc
1816 5404 1950 5477 inciam.
1984 5408 2091 5484 Item:

1497 5499 1573 5540 nte
