4538 5754
192 245 268 319 sas
787 234 915 315 auru
942 222 1621 315 uunsorurauxuouuca
1794 248 1799 255 ·
2025 172 2036 187 κ
2143 210 2261 317 ..δι’

296 409 438 483 Deinde
466 406 590 480 scribit
622 401 815 499 losephus,
845 401 1064 501 Olympiade
1092 402 1180 477 184.
1231 402 1375 475 Xerxen
1389 402 1439 477 ait
1450 426 1525 474 esse
1539 403 1766 489 bellatorem,
1794 399 2029 496 Artaxerxen,
2054 430 2210 499 maguum

196 512 376 587 Herodem
400 530 516 600 regem
537 520 693 579 creatum
708 529 792 580 esse.
842 507 960 582 Erunt
984 531 1067 598 ergo
1083 506 1180 579 iuxta
1231 505 1454 577 bellatorem.

197 613 292 688 hauc
312 608 610 705 computationem
636 608 730 679 inter
747 608 993 681 Alexandrum
1014 623 1049 680 et
1063 607 1181 680 Hero·
1335 605 1449 677 Porro
1474 629 1517 676 eo
1547 618 1707 699 tempore
1737 632 1809 703 quo
1832 606 2082 701 Lougimauus
2105 614 2211 685 decre·

200 720 280 788 dem
304 708 488 787 anui292.
540 706 581 780 ld
604 723 742 801 tempus
761 725 855 782 recte
876 711 1041 801 congruit
1054 711 1099 780 ad
1114 735 1181 780 au·
1232 721 1308 779 tum
1326 710 1370 777 de
1384 706 1611 778 concessione
1625 710 1762 781 reditus
1777 714 1976 798 renovavit,
2003 714 2115 785 simul
2128 710 2212 804 flag-

180 891 186 901 ,,
199 842 267 889 nos
282 835 369 911 quos
385 835 491 903 supra
509 835 550 881 ex
565 809 766 882 Ptolemaeo
780 813 902 882 sumai.
934 811 1025 883 Nam
1043 807 1101 881 hic
1116 813 1182 882 ad·
1232 831 1318 898 gaeo
1335 822 1369 879 et
1385 805 1577 879 Zachariae
1593 810 1682 883 saeta
1702 824 1754 883 est
1768 813 1938 885 revelatio
1954 818 1998 887 de
2012 815 2212 886 liberaliore
2258 886 2261 895 ,

45 929 48 933 ’
200 921 299 991 ditur
324 913 468 985 initium
499 909 706 984 Alexandri.
762 912 877 984 Porro
903 913 950 983 ab
974 912 1181 983 Alexandro
1233 923 1268 980 et
1283 909 1526 982 aedificatione
1540 910 1707 1004 deinceps
1722 937 1938 1006 processura.
1992 915 2118 1006 Quare
2141 911 2212 988 hinc

199 1039 309 1110 usque
330 1018 377 1085 ad
398 1014 617 1085 eversionem
643 1015 790 1105 templi,
822 1016 952 1085 factam
973 1037 994 1084 a
1012 1037 1093 1104 rege
1107 1013 1181 1084 Na·
1234 1012 1428 1083 asecuudo
1444 1010 1660 1103 Longimani
1674 1039 1770 1086 anno
1792 1015 1956 1088 incoatur
1971 1042 1992 1088 a
2007 1017 2214 1112 quibusdam

199 1118 425 1207 bogdouosor
441 1114 626 1188 suntanni
642 1112 733 1191 256.
784 1112 826 1188 Si
842 1129 961 1188 tamen
981 1130 1022 1188 ut
1038 1114 1182 1186 Veteres
1233 1113 1468 1205 computatio,
1494 1138 1536 1186 eo
1552 1118 1648 1209 quod
1667 1130 1752 1187 tuuc
1774 1140 1890 1188 sermo
1909 1119 2034 1200 exierit
2059 1133 2097 1190 et
2114 1117 2214 1193 alles
2249 1121 2261 1193 l

198 1220 415 1310 scripserunt
438 1218 562 1310 templi
592 1218 782 1290 destructio
805 1218 896 1289 lacta
919 1231 971 1290 est
991 1211 1183 1312 Olympia·
1234 1230 1269 1286 et
1292 1239 1313 1284 a
1337 1213 1581 1306 Longimano‚
1605 1241 1653 1288 ne
1673 1218 1838 1290 liberatio
1854 1233 1890 1291 et
1908 1221 2108 1293 aedificatio
2123 1221 2215 1292 deio-
2250 1248 2261 1293 r

198 1324 245 1393 de
260 1317 323 1392 47.
351 1318 459 1410 Quod
472 1320 504 1390 si
519 1342 641 1391 rursus
655 1320 776 1391 demas
792 1333 930 1411 tempus
943 1320 1053 1403 exilii,
1079 1318 1183 1389 vide·
1235 1340 1316 1407 ceps
1332 1315 1602 1408 impedirentur.
1651 1314 1701 1390 Et
1716 1321 1747 1389 si
1762 1316 1847 1391 hinc
1866 1343 2049 1393 sumemus
2069 1322 2217 1408 initium,

199 1422 283 1495 licet
295 1444 409 1492 annos
424 1420 488 1507 70,
508 1436 647 1493 erunta
665 1420 725 1493 70.
749 1444 844 1493 anuo
866 1435 945 1513 post
965 1421 1184 1492 eversionem
1235 1432 1342 1489 erunt
1364 1419 1554 1489 continuae
1575 1414 1816 1493 hebdomades
1838 1425 2016 1517 usquead
2038 1419 2217 1496 Christum

198 1524 323 1614 templi
348 1546 461 1618 usqam
488 1525 534 1595 ad
565 1520 744 1593 Herodem
774 1546 893 1613 regem
917 1535 1072 1594 creatum
1094 1520 1182 1596 478.
1235 1520 1512 1610 praedicantem.
1564 1520 1635 1591 Sed
1653 1523 1684 1592 si
1700 1524 1780 1618 quis
1796 1524 1932 1595 mavult
1946 1548 1966 1594 a
1979 1523 2069 1621 Cyri
2083 1528 2216 1599 decreto
2252 1554 2261 1598 r

198 1625 304 1698 Adde
330 1638 449 1698 autem
470 1647 584 1696 anuos
608 1627 654 1695 ad
675 1622 855 1697 Christum
881 1637 1005 1695 uatum
1028 1623 1096 1711 803
1136 1625 1184 1696 ita
1236 1622 1369 1706 ordiri,
1390 1621 1573 1713 perveniet
1586 1627 1631 1694 ad
1647 1638 1771 1697 natum
1787 1620 1982 1699 Christum.

199 1724 348 1799 habebis
372 1722 637 1798 hebdomadum
660 1749 774 1797 anuos
795 1723 893 1811 490,
915 1738 950 1796 et
975 1728 1183 1815 pauloam-
1337 1736 1404 1811 Ege
1424 1753 1544 1812 ,utem
1564 1754 1717 1841 umque
1740 1745 1913 1815 “neemia
1926 1769 1989 1816 ,eu
2007 1747 2216 1840 computat„
2254 1734 2261 1805 l

199 1830 306 1923 plius.
353 1828 424 1900 Sed
439 1827 736 1900 bouismentihus
755 1824 822 1898 hoc
843 1826 992 1911 sufficit,
1017 1829 1113 1920 quod
1128 1828 1185 1897 vi·
1236 1841 1430 1928 concinna,
1462 1855 1498 1913 er
1521 1845 1618 1936 quod
1640 1847 1685 1913 ad
1716 1867 1892 1917 summam
1922 1848 2064 1937 negotii
2090 1850 2218 1935 attinet,
2255 1862 2261 1925 ς

199 1933 286 2002 deni
312 1929 356 2000 ad
381 1929 541 2001 Danielis
566 1930 775 2002 vaticinium
810 1951 1004 2018 congruere
1035 1942 1186 2021 tempus,
1237 1966 1312 2013 rem
1328 1944 1836 2040 eandemconfirmatutraque
1853 1950 2086 2038 computatio,
2108 1963 2218 2023 mm.
2255 1942 2261 2006 l

199 2034 297 2125 quod
322 2045 374 2104 est
394 2032 489 2103 inter
514 2030 668 2151 reditum
692 2029 817 2124 populi
846 2055 887 2100 εἰ
909 2029 1116 2125 Babylone,
1151 2044 1187 2102 01
1238 2046 1295 2114 dit
1321 2043 1415 2114 inter
1446 2045 1693 2116 liberationem
1725 2046 1852 2139 populi
1877 2062 1910 2118 et
1935 2045 2123 2122 Christum
2152 2074 2217 2123 csse
2256 2063 2261 2128 Ι

199 2131 400 2214 Christum,
436 2133 575 2206 etiamst
606 2133 862 2206 exactissimam
897 2133 1185 2224 supputationem
1238 2145 1314 2220 490
1330 2169 1455 2217 annor,
1506 2144 1679 2218 floccum
1693 2149 1911 2219 declaratum
1930 2164 2002 2234 est,
2027 2152 2147 2224 ,ciunt
2162 2152 2217 2243 pit,
2256 2164 2261 2209 ι

199 2260 275 2306 non
291 2232 436 2308 habent.
1238 2271 1313 2317 nou
1345 2269 1419 2317 esse
1451 2260 1592 2338 postea,
1623 2249 1737 2320 deleta
1766 2250 1890 2340 politia
1921 2249 2084 2338 ludaiea',
2115 2254 2217 2325 alium
2256 2244 2261 2310 l

301 2349 523 2442 Quantulum
538 2364 653 2425 autem
670 2353 709 2422 in
724 2348 782 2422 his
796 2351 1109 2446 supputationibus
1125 2355 1187 2423 de·
1238 2348 1405 2418 Messium
1424 2351 1691 2440 expectandum.
1743 2348 1835 2421 Nam
1860 2348 1928 2421 hoe
1942 2353 2133 2447 praecipue
2151 2354 2217 2444 agi·
2257 2370 2261 2412 ¹

200 2454 400 2525 sideratur?
464 2453 632 2526 Testatur
661 2450 821 2544 Angelus
854 2467 934 2547 post
965 2454 1042 2527 490
1074 2477 1187 2525 annos
1238 2465 1298 2521 tur
1314 2448 1353 2518 in
1367 2444 1436 2520 hoc
1452 2449 1641 2534 vaticinio,
1664 2464 1706 2522 ut
1721 2465 1815 2523 extet
1829 2453 2093 2541 testimouium,
2118 2479 2217 2549 opor·
2258 2471 2261 2512 Ι

199 2554 369 2625 Messiam
388 2577 424 2627 se
440 2555 573 2648 populo
598 2550 681 2627 huic
703 2569 928 2627 ostensurum
951 2579 1037 2627 esse.
1088 2552 1187 2626 Con·
1238 2566 1311 2622 tere
1329 2546 1447 2622 adhuc
1469 2552 1621 2621 durante
1642 2552 1766 2642 politia
1791 2552 1950 2624 Mosaica
1963 2555 2060 2626 nasci
2084 2568 2118 2626 et
2139 2580 2217 2629 con·

200 2669 269 2727 stat
285 2657 658 2728 autemaliberatione
674 2653 1046 2749 populiadChriatum
1063 2670 1185 2727 uatum
1237 2651 1327 2743 apici
1342 2650 1522 2723 Messinm·
1576 2651 1678 2724 Sicut
1697 2653 1792 2725 idem
1814 2656 1916 2724 docel
1941 2656 2153 2729 verticum:
2176 2654 2217 2729 El

200 2769 255 2829 tot
273 2780 349 2828 esse
371 2781 504 2845 anuos,
529 2780 595 2830 nec
618 2759 888 2850 multoplures,
912 2773 974 2830 aut
991 2759 1187 2852 pauciores.
1238 2767 1277 2824 tu
1303 2749 1512 2824 Bethlehem
1544 2753 1691 2844 parvula
1723 2755 1762 2823 in
1793 2756 1954 2827 millibus
1981 2756 2093 2845 luda,
2123 2782 2165 2831 ex
2188 2771 2216 2828 te

200 2854 332 2930 Notum
352 2860 448 2931 euim
470 2871 609 2952 tempus
629 2861 676 2931 ab
690 2860 851 2951 Augusto
867 2862 912 2933 ad
928 2857 1186 2934 Alexandrum.
1237 2853 1662 2944 egredieturDominator
1680 2856 1718 2924 in
1742 2854 1864 2928 lsrael.
1915 2852 2092 2950 Oportuit
2113 2873 2217 2933 stante

199 2957 349 3034 Constat
370 2975 405 3034 et
426 2958 515 3049 hoc,
540 2958 782 3033 monarchiam
808 2960 983 3033 Persicam
1010 2986 1084 3032 non
1106 2963 1186 3051 plus
1237 2955 1361 3054 politia
1379 2954 1538 3027 Mosaica
1554 2957 1593 3025 in
1611 2951 1818 3028 Bethlehem
1835 2957 2003 3030 Mesthm
2018 2961 2132 3038 nami·

201 3063 363 3134 ducentis
377 3064 480 3135 anuis
496 3066 650 3136 durasse.
678 3061 788 3134 Venit
799 3062 1186 3153 igiturMessiasFiliua
1340 3071 1484 3146 &notat
1506 3087 1621 3144 aurem
1647 3098 1744 3144 nunc
1769 3075 1930 3165 politiam
1952 3088 2065 3150 soram
2090 3066 2217 3150 moni.

200 3159 285 3252 Dei,
307 3179 345 3239 et
361 3167 547 3260 respondit
561 3176 709 3237 eventus
727 3164 895 3237 vaticinio
911 3164 1085 3239 Danielis.
1131 3184 1134 3193 ’
1237 3197 1312 3245 cam
1330 3174 1443 3245 iacere
1458 3175 1631 3267 deletam,
1657 3173 1869 3262 Ierusalem,
1894 3174 2128 3263 Bethlehem,
2151 3204 2216 3251 nou

1237 3289 1309 3347 tam
1334 3276 1483 3368 oppida,
1509 3298 1616 3371 quam
1638 3299 1732 3348 casas
1753 3301 1828 3349 esse
1844 3295 1905 3351 aut
1924 3281 2063 3371 spelaea
2089 3280 2217 3355 latrun-

1238 3378 1402 3448 culorum
1419 3374 1676 3463 Arahicorum,
1701 3401 1814 3450 anuos
1830 3381 1930 3450 mille
1946 3381 2217 3476 quadringentos

1237 3479 1415 3570 sexaginta
1431 3493 1576 3572 septem.
1610 3476 1758 3550 Necesse
1779 3495 1832 3553 est
1853 3482 1964 3574 igitur
1975 3480 2149 3557 Messinm
2162 3507 2218 3556 ua·

1237 3593 1314 3650 turn
1338 3602 1422 3649 esse.

1341 3679 1440 3770 Quid
1462 3694 1584 3751 contra
1609 3677 1695 3754 haec
1720 3682 1836 3756 dicere
1858 3684 1981 3757 Iudaei
2002 3704 2171 3780 possunt,
2192 3687 2220 3759 si

1219 3784 1345 3854 ¹ruodo
1359 3776 1617 3875 Prophetarum
1634 3786 1762 3876 scripta
1784 3811 1858 3856 nou
1880 3784 2041 3860 iudicant
2065 3790 2217 3863 fabulosa
2259 3786 2261 3807 ²

1238 3885 1337 3955 esse?
1387 3880 1458 3955 Sed
1474 3885 1557 3978 quia
1573 3908 1658 3974 gens
1677 3884 1819 3957 ludaico
1834 3902 1927 3959 amat
1948 3911 2031 3960 suas
2051 3886 2218 3975 tmebsss,
2259 3886 2261 3891 ¹

1238 3983 1445 4077 nobisipsis
1466 3984 1640 4077 legamus,
1664 4001 1700 4059 et
1715 3991 1952 4080 expendamus
1965 3986 2220 4085 Prophetarum

1240 4090 1356 4173 dicta,
1382 4099 1423 4158 ut
1436 4088 1541 4157 iidem
1559 4102 1716 4161 nostram
1731 4093 1965 4162 accendamus
1983 4103 2019 4163 et
2039 4092 2221 4167 conmme-

1239 4212 1330 4264 mus.
1361 4188 1510 4260 Interim
1526 4204 1560 4260 et
1575 4191 1703 4279 gratias
1717 4214 1861 4281 agamus
1875 4190 1965 4280 Deo,
1989 4196 2092 4289 quod
2105 4184 2222 4269 Eccle-

1239 4292 1328 4362 siam
1354 4303 1469 4376 curat‚
1501 4292 1598 4385 quod
1627 4292 1779 4363 subinde
1796 4285 1997 4365 'doctrinam
2021 4295 2221 4378 illustrarit,

1242 4394 1339 4488 quod
1358 4391 1462 4464 certis
1479 4392 1691 4464 testimoniis
1712 4394 1865 4466 subinde
1880 4392 2023 4468 erudiit.
2123 4484 2127 4489 Ι

302 3337 373 3410 Sed
399 3339 567 3432 quoniam
593 3332 752 3427 Angelus
780 3334 909 3406 diserte
931 3333 1039 3419 dicit,
1071 3325 1187 3407 Clsri-

201 3436 461 3511 stum-multis
490 3431 792 3531 confirmaturum
822 3456 896 3506 esse
931 3442 1187 3506 testamentum

203 3533 433 3612 hebdomade
452 3563 529 3611 una
552 3546 584 3609 et
606 3532 788 3623 dimidia,
818 3544 851 3607 st
875 3545 961 3607 tunc
980 3544 1187 3609 cessaturas

203 3665 278 3714 csse
291 3635 449 3718 hostias.
500 3641 540 3714 Si
554 3639 720 3712 volumus
737 3633 977 3711 hebdomadas
999 3641 1187 3713 continuas

204 3768 297 3834 esse,
322 3748 563 3816 numerandae
583 3754 689 3814 eruut
712 3737 952 3812 hebdomades
980 3743 1023 3810 ad
1052 3738 1187 3812 Christi

203 3846 442 3937 baptismum,
468 3846 659 3942 quodfaet,
685 3845 748 3915 sia
764 3844 919 3914 secundo
942 3866 1037 3912 anno
1053 3841 1188 3933 Longi-

204 3947 303 4017 maui
339 3962 590 4032 numerentur,
626 3971 698 4041 quo
729 3944 896 4017 vaticinia
929 3936 1122 4014 Zachariae
1154 3958 1188 4016 et

205 4049 366 4142 Haggaei
389 4049 483 4121 edita
508 4058 592 4120 sunt
616 4049 660 4118 de
683 4046 809 4141 populi
832 4045 969 4130 reditu,
994 4044 1057 4139 qui
1074 4046 1190 4117 luerat

205 4166 309 4224 antea
326 4150 529 4244 impeditus,
554 4173 651 4219 nunc
667 4149 815 4221 sublatis
830 4145 1110 4241 impedimentis,
1132 4170 1189 4216 re-

196 4253 304 4325 'ditus
324 4275 508 4325 concessus
530 4265 591 4325 est
648 4248 739 4321 Nam
763 4247 923 4341 Angelus
944 4248 1043 4343 iubet
1063 4272 1190 4320 uume-

206 4355 281 4426 rari
300 4355 346 4427 ab
366 4356 462 4428 exitu
484 4352 658 4425 sermonis
676 4354 720 4423 de
735 4352 852 4423 reditu
867 4350 991 4445 populi
1006 4363 1040 4423 et
1056 4349 1191 4423 instau-

206 4457 344 4530 ratione
363 4454 606 4552 ierosolymae.

309 4572 422 4646 Porro
436 4568 641 4644 haecverba
658 4571 720 4641 alii
735 4571 838 4642 aliter
851 4585 1070 4662 acceperuut.
1096 4567 1191 4660 Qui·
1342 4558 1460 4632 Venio
1490 4552 1605 4650 igitur
1619 4561 1666 4632 ad
1687 4562 2006 4653 computationem,
2037 4570 2101 4639 sed
2124 4568 2220 4641 initio

210 4681 290 4770 dam
324 4678 369 4747 de
403 4696 525 4764 regum
550 4672 676 4745 edictis
703 4662 1001 4764 interpretantur,
1036 4696 1188 4767 quorum
1241 4667 1477 4736 recensendus
1492 4677 1546 4735 est
1561 4663 1739 4752 catalogus
1752 4684 1875 4752 regom
1893 4663 2133 4742 Persicorum,

210 4779 309 4870 prius
322 4777 390 4847 suit
401 4772 499 4871 Cyri,
524 4777 621 4868 qnod
634 4798 675 4845 eo
691 4775 837 4845 absente
853 4774 893 4843 in
909 4772 1005 4846 bello
1021 4769 1188 4869 Scythico

212 4877 422 4970 impeditum
436 4889 498 4949 est·
541 4871 705 4949 Alterum
720 4892 801 4968 post
819 4899 934 4947 annos
948 4876 1001 4950 42
1019 4873 1188 4966 aLougi·
1342 4869 1550 4966 Galuloysts
1579 4886 1714 4965 reptem
1743 4869 1981 4946 Persicorum
2012 4875 2130 4946 δαείω

210 5003 318 5050 mano
339 4979 473 5049 editum
494 4991 565 5064 est,
590 4976 712 5070 quiin
733 4975 848 5048 Esdra
864 4991 1012 5049 vocatur
1032 4990 1067 5048 et
1080 4976 1188 5047 Arta·
1647 4971 1823 5046 Graecos.

209 5102 331 5150 xerxes
356 5092 390 5151 et
409 5077 555 5154 Darius.
595 5077 687 5148 Nam
713 5073 798 5148 haee
820 5078 966 5150 fuerunt
985 5078 1187 5149 eommunia
1287 5071 1403 5169 Cyrus
2167 5073 2224 5151 29.

208 5202 330 5271 regum
358 5180 522 5264 nomina,
559 5191 600 5251 ut
629 5177 765 5252 Romae
799 5176 948 5265 Caesar,
995 5178 1186 5270 Augustus.
1286 5173 1480 5270 Cambyses
1631 5216 1634 5221 ·
1839 5172 2011 5262 launos,
2034 5174 2223 5251 meusesd.

206 5279 254 5352 Et
268 5279 471 5354 Herodotus
482 5281 578 5352 libro
595 5295 691 5350 sexto
710 5280 827 5374 inquit
835 5331 847 5364 ,
871 5279 972 5352 Darii
987 5301 1072 5351 voce
1091 5278 1185 5348 idem
1287 5274 1422 5347 Darius
1436 5275 1530 5346 lilius
1541 5270 1729 5371 Hystaspis
2168 5279 2226 5353 dd.

203 5384 414 5476 significari,
437 5384 535 5479 quod
555 5383 729 5472 siguificat
742 5383 956 5454 vocabulum
977 5383 1186 5455 coercentis:
1286 5377 1420 5447 Xerxes
2164 5383 2226 5460 20.
