4538 5754
121 203 232 287 uas
757 200 824 276 tx.
873 195 1239 278 comesuram
1264 201 1317 278 ΙΝ
1338 197 1581 285 PsALMOS.
2056 222 2156 299 1414

122 376 298 453 &micare
319 397 386 449 nos
408 395 490 451 cum
509 395 617 447 carne
639 385 674 444 et
687 373 860 463 sanguine
873 385 1030 462 motum,
1055 376 1118 446 sed
1167 375 1299 468 quibus
1321 377 1500 465 agitantur
1522 379 1747 473 impatientes
1769 381 1956 476 prohibet,
1983 386 2062 466 curn
2088 397 2154 468 sit:

121 503 208 553 rum
223 479 379 555 diabolo.
419 474 493 547 Nec
508 475 712 553 sumussoli
726 475 767 545 iu
782 474 840 547 bis
856 476 1010 566 praeliis.
1045 475 1116 548 Sed
1166 474 1341 549 Subditus
1362 492 1457 570 esto,
1484 504 1545 552 seu
1563 496 1676 554 taceas
1693 483 1781 561 Deo.
1831 486 1905 560 Nec
1929 506 2047 581 tamen
2070 497 2154 568 satis

120 582 293 661 iuvamur
314 604 333 651 a
358 577 453 650 Filio
475 575 568 668 Dei,
593 577 657 671 qui
672 579 823 649 destruit
835 601 943 670 opera
966 578 1116 650 diaboli.
1167 586 1365 665 est'tacere,
1388 587 1449 653 sed
1465 585 1800 658 accedatinvocatio
1824 590 1897 661 Dei
1911 607 1944 665 et
1959 601 2153 690 expectatio

121 679 179 756 Ac
193 684 331 755 obeam
350 705 491 752 causam
506 677 664 751 Ecclesia
682 693 732 750 est
748 679 902 765 inlirma,
927 679 1116 775 quialleus
1166 682 1289 752 ausilii
1312 679 1440 758 divini.
1492 682 1576 757 ldeo
1597 688 1713 759 addit:
1739 685 1787 761 Et
1806 714 1907 784 spera
1928 696 1966 766 in
1989 725 2088 778 eum,
2112 690 2153 771 'id

120 786 203 857 vult
230 783 395 854 victorias
418 781 501 852 Filii
532 781 586 853 sui
619 781 791 872 gloriosas
816 804 908 869 esse,
938 782 1115 855 vincentis
1165 797 1236 864 est,
1260 799 1359 876 pete,
1385 801 1526 876 expecta
1544 789 1865 868 auxiliumaDeo.
1916 795 1994 870 Hae
2009 819 2151 874 senten.
2213 804 2217 816 '

120 886 310 959 diabolum
327 909 391 977 per
405 885 566 954 infirmos
585 897 619 953 et
635 884 796 955 afflictos.
1164 885 1236 955 tiae
1251 899 1285 957 et
1300 885 1434 956 similes
1450 909 1589 980 semper
1604 889 1643 958 in
1658 909 1847 985 conspectu
1862 900 1967 968 nobis
1989 928 2063 975 esse
2088 908 2152 977 da.

228 986 390 1078 Quarto,
411 985 576 1057 Pretiosa
598 997 651 1056 est
672 1008 770 1055 mors
785 998 1007 1071 sanctorum,
1031 984 1114 1079 quia
1165 987 1268 1072 bent,
1293 1001 1334 1058 ut
1348 1002 1470 1077 regant
1484 989 1604 1060 omnia
1622 1007 1742 1065 nostra
1759 997 1916 1089 pericula
1938 1019 1973 1075 et
1987 1008 2151 1097 mitigent

119 1089 336 1161 afflictiones
369 1103 403 1158 et
438 1108 537 1160 mors
565 1100 768 1160 sanctorum
802 1099 886 1157 sunt
926 1086 1114 1179 praecipua
1164 1112 1363 1161 aerumnas.
1497 1094 1498 1099 ’
2068 1148 2070 1153 .

119 1191 295 1265 sacrificia
317 1205 353 1262 et
382 1192 498 1265 cultus
518 1189 604 1274 Dei,
637 1213 717 1258 cum
747 1187 912 1260 videlicet
944 1190 1114 1259 accedunt

119 1294 229 1376 tides,
254 1291 451 1377 invocatio,
474 1290 665 1376 confessio,
691 1291 780 1362 sicut
796 1289 957 1363 Psalmns
978 1288 1113 1386 inquit:
1214 1285 1376 1364 Obsecro
1393 1291 1576 1383 Domine,
1602 1297 1693 1395 quia
1714 1323 1780 1396 ego
1795 1326 1877 1373 sum
1890 1328 2015 1379 servus
2028 1318 2126 1386 tuus.

122 1393 346 1468 Sacrificium
362 1391 893 1485 Deospirituscontribulatus,
919 1396 985 1466 etc.
1025 1388 1113 1462 Item
1215 1421 1637 1519 Egmmsmumus
2155 1394 2159 1404 '

119 1495 260 1590 Psalm,
271 1495 352 1571 lb:
379 1493 531 1587 Propter
548 1509 582 1567 te
596 1510 792 1565 mactamur
807 1508 882 1567 tota
897 1493 967 1567 die.
1019 1490 1113 1582 Quia
1589 1504 1591 1508 ’
1644 1487 1654 1517 ’

121 1597 221 1685 enim
241 1596 334 1670 Deus
350 1596 500 1669 subiecit
516 1595 711 1669 Ecclesiam
735 1597 831 1666 crisci
856 1609 890 1666 et
907 1594 1113 1669 afflictioni-

120 1700 210 1773 bus:
234 1700 316 1770 ideo
338 1694 430 1770 hanc
457 1698 696 1770 obedientiam
718 1713 822 1770 ornat
842 1710 877 1768 et
897 1694 1114 1789 magnifacit,
1266 1692 1428 1767 Psalmus
1443 1711 1494 1768 est
1511 1697 1626 1790 imago
1644 1701 1831 1792 credentis,
1858 1708 1920 1799 qui
1937 1733 2153 1785 commemo.

122 1812 228 1873 vocat
242 1801 432 1884 sacrificia,
457 1815 492 1873 et
507 1814 655 1873 testatur
675 1822 712 1870 se
734 1792 872 1869 honore
893 1799 1006 1880 allici,
1032 1822 1112 1871 cum
1165 1795 1258 1867 ravit
1280 1795 1378 1886 prins
1403 1799 1614 1870 afflictiones
1634 1825 1725 1895 quae
1740 1821 1941 1898 sequuntur
1954 1812 2152 1887 invocatio·

120 1902 342 1975 sustinemus
357 1902 579 1991 afflictiones,
605 1925 667 1972 seu
686 1898 1114 1993 propterconfessionem,
1165 1922 1267 1984 nem,
1306 1899 1563 1971 confessionem
1598 1912 1633 1973 et'
1665 1906 1984 1999 praedicationem,
2023 1917 2153 1989 adiecit

121 2026 188 2075 seu
202 2003 338 2101 alioqui
362 2005 458 2076 iuxta
482 2004 762 2077 invocationem:
790 2003 882 2074 sicut
905 1997 970 2073 bos
998 2001 1115 2072 cultus
1165 1999 1271 2075 etiam
1294 2002 1523 2089 sententiam,
1547 2003 1635 2096 qnid
1661 2007 1705 2075 de
1720 2006 1836 2079 Cruce
1853 2013 2079 2086 sentiendum
2093 2020 2150 2092 δὴ,

119 2105 302 2178 cernimus
322 2105 537 2197 praestitisse
553 2104 687 2178 Filium
704 2102 790 2190 Dei,
816 2118 851 2175 et
866 2101 1007 2184 Patres,
1022 2102 1115 2174 Pro-
1164 2100 1269 2172 Nunc
1285 2101 1399 2194 pergit
1412 2127 1514 2193 agere
1528 2105 1657 2194 gratias
1673 2107 1716 2176 de
1733 2108 1965 2200 liberatione,
1994 2119 2058 2190 etsi
2082 2122 2151 2191 mi-

117 2202 249 2307 phetas
263 2231 302 2278 ac
319 2205 521 2301 Apostolos.
573 2203 728 2300 Oportet
744 2207 839 2277 enirn
856 2200 1048 2276 Ecclesiam
1065 2203 1115 2273 si·
1163 2202 1253 2275 sceri
1268 2204 1422 2276 sciamus
1440 2205 1643 2296 petitionem
1660 2221 1693 2279 et
1708 2211 1900 2299 gratiarum
1920 2218 2108 2295 actionem.

119 2308 246 2378 milem
272 2331 346 2382 esse
370 2309 538 2400 imaginis
551 2308 647 2380 'Filii
674 2305 763 2395 Dei,
788 2308 880 2379 sicut
902 2304 1033 2378 Paulos
1055 2306 1115 2375 in·
1266 2303 1381 2376 Porro
1402 2330 1483 2376 rum
1514 2308 1650 2400 iuquit,
1674 2305 1765 2404 Ego
1788 2336 1870 2383 sum
1897 2339 2023 2390 servus
2054 2329 2151 2404 tuus,

120 2410 219 2509 quit:
242 2406 324 2485 Una
338 2410 635 2504 glorificabimur,
658 2410 688 2480 si
704 2424 822 2482 tamen
839 2409 946 2481 etiam
967 2432 1039 2481 uua
1061 2408 1112 2478 al·
1164 2411 1236 2479 duo
1252 2421 1457 2497 argumenta
1471 2410 1729 2501 complectitur.
1780 2411 1967 2502 Alterum,
1989 2447 2069 2493 cnm
2086 2426 2149 2496 tibi

119 2504 301 2603 bigemur.
350 2511 472 2602 Quare
488 2512 579 2585 sicut
593 2514 631 2582 in
650 2507 719 2582 boc
734 2511 875 2582 Psalmo
896 2510 1114 2581 dictumest:
1164 2509 1333 2596 serviam,
1364 2521 1400 2581 et
1420 2511 1580 2582 desertus
1604 2535 1682 2583 sum
1703 2537 1723 2585 a
1750 2521 1904 2606 nsrsndo,
1928 2537 1963 2593 et
1987 2547 2045 2609 me
2066 2529 2152 2598 ode.

119 2610 288 2685 Preciosa
310 2637 407 2685 mors
427 2629 629 2687 sanctorum
648 2636 766 2684 coram
781 2614 881 2699 Deo,
905 2611 956 2683 sie
972 2611 1034 2685 72.
1058 2611 1114 2682 di·
1163 2625 1261 2691 runt,
1285 2611 2044 2712 acdelereconanturprincipessapientes.
2083 2626 2153 2699 Pe-

118 2716 237 2788 titur:
262 2712 448 2788 Preciosus
461 2717 605 2807 sanguis
621 2741 743 2788 eorum
761 2739 879 2787 coram
896 2739 949 2790 eo.
1164 2715 1207 2784 tit
1222 2712 1331 2802 igitur
1344 2713 1516 2791 auxilium
1533 2713 1667 2803 aDeo,
1692 2731 1861 2811 tanquam
1887 2725 2056 2811 omnibus
2080 2721 2152 2801 hu.

227 2814 278 2887 Hi
300 2817 373 2890 loci
396 2832 507 2890 totam
527 2819 726 2890 doctrinam
743 2813 931 2908 Evangelii
950 2818 996 2885 de
1011 2836 1115 2885 cruce
1165 2817 1278 2885 manis
1294 2814 1483 2906 praesidiis
1499 2816 1682 2906 spoliatus.
1709 2817 1810 2891 Sicut
1821 2817 1990 2897 ¹Psalmus
2004 2827 2066 2903 24.
2083 2831 2150 2903 aits

121 2942 188 2990 seu
209 2917 467 2992 afflictionibus
489 2921 692 3007 continent,
725 2943 834 3014 quare
857 2919 969 2989 lector
992 2916 1114 2986 animo
1163 2913 1313 3010 Respice
1327 2917 1365 2984 in
1382 2939 1439 2986 me
1455 2931 1490 2988 et
1502 2917 1668 2988 miserere
1681 2920 1762 3004 mei,
1778 2922 1861 3015 quia
1871 2926 1998 2998 unicus
2011 2944 2046 3001 et
2062 2953 2150 3023 pan-

123 3034 263 3113 repetat
284 3037 420 3093 caetera
447 3046 537 3116 quae
559 3025 603 3092 de
627 3045 730 3092 cruce
755 3022 944 3102 dicuntur,
970 3018 1115 3108 colligat
1162 3042 1227 3111 per
1241 3042 1320 3105 sum
1338 3041 1413 3111 ego.
1447 3016 1536 3091 Item
1550 3019 1631 3095 26.:
1655 3019 2150 3128 Pateretmaterderslique-

118 3123 231 3194 utiles
244 3124 453 3210 sententias,
467 3148 556 3217 quae
570 3123 793 3219 praecipiunt
808 3123 852 3193 de
865 3118 932 3192 hac
943 3121 1114 3191 obedien·
1163 3133 1247 3191 runt
1264 3144 1338 3205 me,
1360 3121 1542 3192 Dominus
1559 3136 1675 3194 autem
1693 3125 1846 3216 suscepit
1862 3152 1929 3199 me.

119 3224 196 3309 tia,
228 3241 263 3298 et
285 3225 411 3297 iubent
439 3227 525 3296 addi
547 3226 809 3297 invocationem
831 3222 923 3316 Dei,
950 3236 987 3294 et
1009 3246 1113 3313 expe-
1264 3218 1426 3293 Alterum
1449 3238 1696 3314 argumentum
1713 3240 1763 3297 est
1777 3250 1796 3295 a
1812 3227 1998 3318 gloriaDei
2016 3248 2051 3306 et
2064 3261 2147 3329 pro-

119 3327 314 3399 stationem
351 3328 487 3399 ausilii.
556 3326 690 3417 Quales
724 3338 809 3397 sunt
847 3321 915 3396 bae
950 3346 1113 3414 gnomae,
1162 3322 1391 3417 missionibus
1418 3340 1594 3418 sumtum,
1620 3326 1721 3420 quasi
1750 3326 1861 3415 dicat,
1889 3326 1990 3403 Tuae
2013 3336 2148 3431 gloriae

116 3428 159 3498 1.
180 3425 255 3502 Pet.
267 3429 349 3500 ult:
374 3427 626 3500 Humiliamini
645 3429 713 3499 sub
737 3431 874 3535 potenti
900 3450 1010 3496 manu
1032 3424 1112 3505 Dei,
1161 3426 1324 3508 interest,
1357 3452 1403 3497 ne
1434 3428 1594 3498 deleatur
1613 3424 1782 3509 Ecclesia.
1840 3428 2020 3506 Delendas
2039 3438 2149 3529 igitur

119 3543 158 3601 et
172 3552 314 3600 ornnem
329 3555 450 3603 curam
466 3533 594 3602 insum
609 3531 757 3615 reiicite,
777 3529 1005 3627 quasidicat,
1029 3550 1110 3598 cum
1158 3551 1301 3599 servum
1327 3542 1449 3615 tuum,
1474 3543 1514 3602 ut
1535 3528 1774 3620 conspiciatur
1797 3543 1856 3600 tua
1881 3534 2015 3624 gloria,
2048 3544 2146 3634 quod

118 3654 312 3703 aerumnae
331 3658 393 3703 vos
413 3633 642 3726 opprimunt,
672 3656 747 3705 non
772 3632 811 3703 lit
835 3627 904 3702 hoc
921 3653 1022 3716 casu,
1047 3631 1108 3699 sed
1161 3654 1242 3700 vere
1265 3624 1325 3701 hic
1343 3646 1465 3703 coatras
1485 3645 1586 3709 tuum
1607 3631 1756 3703 verbum
1780 3634 1997 3724 profiteatur.
2046 3639 2148 3726 ltem,

114 3733 162 3805 'lit
185 3734 321 3824 potenti
343 3759 449 3806 manu
470 3735 551 3810 Dei.
601 3732 684 3806 Non
710 3734 907 3805 existimate
938 3755 1020 3802 casu
1045 3751 1110 3800 vos
1159 3756 1204 3803 ne
1228 3727 1347 3804 hostes
1366 3732 1518 3804 victores
1538 3733 1747 3824 extinguant
1764 3749 1864 3821 tuum
1890 3742 2059 3829 verbnm,
2084 3768 2149 3837 pe,

119 3835 252 3925 affligi,
277 3834 431 3908 sutiles
457 3861 531 3908 non
554 3860 628 3906 esse
644 3861 750 3908 curae
765 3849 897 3906 vestras
914 3856 1109 3908 aerumnas.
1160 3832 1627 3908 nitusdeleantEcclesiam.
1679 3834 1739 3907 Sic
1754 3854 1833 3909 orat
1850 3864 1972 3931 saepe,
1999 3843 2146 3917 utPsal.

114 3935 200 4009 imo
214 3936 282 4009 Dei
298 3963 407 4010 manu
432 3963 495 4009 vos
520 3939 668 4030 premit,
694 3963 785 4034 quae
807 3937 951 4032 quidem
973 3949 1023 4007 est
1044 3960 1110 4027 po·
1159 3935 1236 4010 ib:
1257 3934 1400 4008 Adiuro
1418 3962 1482 4008 nos
1498 3937 1593 4009 Deus
1608 3937 1773 4015 salutaris
1788 3955 1925 4027 noster,
1953 3958 1988 4016 et
2001 3963 2146 4038 propter

120 4052 221 4126 tens,
254 4053 288 4111 et
314 4043 358 4113 ad
380 4064 521 4112 securos
541 4043 750 4113 evertendos
777 4052 813 4111 et
839 4041 884 4109 ad
909 4050 1110 4109 sustentan-
1154 4038 1306 4126 gloriam
1321 4040 1480 4111 nominis
1501 4039 1553 4111 tui
1571 4038 1682 4111 libera
1703 4063 1787 4125 nos,
1811 4056 1846 4113 et
1868 4047 2048 4134 propicius
2070 4063 2144 4120 esto

119 4142 207 4227 dos,
232 4164 273 4212 ac
295 4143 481 4234 erigendos
502 4143 661 4217 miseros.
712 4136 967 4232 Obtemperate
990 4139 1109 4229 igitur,
1156 4141 1308 4227 peccatis
1322 4141 1471 4221 nostris,
1497 4154 1642 4233 propter
1663 4167 1794 4215 nomen
1809 4157 1936 4232 tuum,
1958 4172 2007 4221 -ue
2023 4149 2153 4223 dicant

119 4256 156 4315 et
172 4244 412 4316 obedientiam
432 4246 506 4318 Deo
525 4257 707 4337 praestate.
741 4242 881 4315 Deinde
899 4266 974 4312 non
990 4238 1109 4312 existi·
1159 4241 1401 4332 ingentibus:
1426 4238 1846 4317 UbinsDeuseorum?

118 4359 219 4416 mate
241 4368 305 4416 vos
326 4346 474 4419 reiectos
497 4370 589 4429 esse,
622 4348 682 4418 sed
715 4346 839 4418 scitote
863 4343 939 4416 Deo
971 4343 1108 4435 placere
1258 4341 1376 4415 Simul
1400 4343 1505 4425 etiam
1529 4347 1575 4417 de
1598 4345 1895 4435 promissionibus
1915 4373 1996 4433 enm
2019 4355 2144 4429 adsum

122 4443 193 4518 bos
209 4450 345 4535 cultus,
370 4450 489 4520 addite
504 4449 788 4534 invocationem,
813 4447 920 4540 petite
936 4444 1107 4515 asrxilium
1158 4456 1246 4517 net:-
1260 4443 1444 4516 Pollicitus
1465 4471 1502 4518 es
1522 4447 1697 4520 assxilium
1716 4448 1827 4517 servis
1846 4446 1917 4520 tui's
1937 4453 2141 4531 invocanti·

119 4573 143 4620 a
158 4546 249 4620 Deo.
301 4549 387 4622 ldeo
402 4553 520 4621 addit:
546 4537 838 4621 Commissum
855 4543 998 4620 reiicile.
1159 4549 1224 4619 bus
1239 4561 1285 4621 te.
1315 4545 1415 4620 Sicut
1437 4548 1553 4644 inquit
1575 4544 1705 4625 Psalm.
1726 4546 1829 4621 144:
1855 4549 1972 4644 Prope
1991 4571 2043 4639 est
2064 4558 2141 4635 Dm

224 4650 324 4722 Idem
346 4654 549 4735 dulcissime
570 4653 724 4724 traditur
744 4650 885 4723 Psalmo
907 4648 987 4723 37st
1013 4644 1109 4718 Sub·
1156 4648 1278 4727 minsas
1305 4650 1473 4727 omnibns
1506 4650 1755 4722 invocantibus
1794 4675 1875 4723 eum
1909 4654 1947 4723 in
1983 4660 2140 4743 veritate,

120 4752 221 4824 ditus
242 4768 317 4825 esto
341 4756 442 4835 Deo,
467 4770 501 4826 et
523 4778 621 4846 spera
645 4755 684 4824 in
708 4776 801 4829 rum.
852 4750 972 4822 Prima
1000 4749 1108 4839 parti·
1159 4751 1244 4821 ltem
1273 4748 1402 4822 Psalm.
1422 4752 1504 4826 24:
1534 4751 1776 4849 Universiqui
1802 4769 2045 4847 expectantes,
2064 4785 2140 4843 uon

121 4854 203 4925 sula
219 4857 372 4946 postulat
387 4857 649 4938 obedientiam,
674 4855 849 4929 Subditus
869 4866 963 4936 esto,
985 4875 1046 4923 seu
1070 4865 1111 4922 ut
1157 4852 1433 4925 confundentur.
1481 4849 1530 4927 Et
1543 4851 1657 4925 Naum
1669 4855 1806 4947 primo:
1821 4853 2142 4949 Bonnstminus,

110 4950 276 5031 Eunias
292 4959 438 5048 legitur,
467 4958 601 5031 Taceas
614 4957 793 5043 Domino,
817 4956 939 5041 idest,
964 4953 1111 5026 obedias
1159 4967 1192 5025 et
1211 4952 1419 5033 coubrtans
1448 4955 1487 5026 in
1509 4955 1572 5026 die
1591 4956 1851 5044 tribulationis,
1884 4975 1919 5034 et
1947 4985 2142 5053 agnam„

111 5053 218 5144 Deo,
244 5084 318 5131 non
343 5061 505 5133 irascaris
530 5061 581 5147 si,
606 5085 682 5133 non
703 5058 816 5149 stigias
839 5082 921 5129 enm
945 5056 1110 5147 indigna-
1159 5068 1340 5148 spersmm
1360 5056 1399 5129 in
1416 5056 1560 5153 ,ipsum
1610 5055 1666 5130 De
1693 5059 1825 5137 talibus
1845 5063 2142 5152 promissionibus

111 5160 285 5248 bundas,
326 5187 401 5237 uon
430 5186 579 5258 quaeras
606 5161 782 5253 praesidia
809 5173 934 5233 contra
962 5161 1110 5231 manda-
1159 5159 1415 5231 admoneemus
1443 5160 1648 5252 nosipsos,
1678 5186 1758 5233 cnm
1779 5164 1951 5253 petimus,
1985 5181 2024 5239 ιιι
2045 5166 2141 5254 Dens

112 5275 198 5335 tum
219 5259 309 5349 Dei,
327 5264 426 5343 ¹sicut
447 5264 534 5337 Saul
562 5265 675 5337 iratos
689 5262 787 5344 Deo,
811 5260 902 5353 lugit
928 5274 963 5332 et
980 5259 1110 5333 deserit
1158 5283 1227 5333 nos
1240 5261 1396 5345 adiuvet,
1412 5276 1580 5355 tanquam
1596 5284 1716 5333 servos
1728 5286 1812 5333 suos
1822 5265 1953 5356 quibus
1967 5269 2139 5339 auxilium

118 5386 223 5453 eom,
246 5388 286 5439 ac
311 5369 399 5460 petit
421 5368 596 5441 auxilium
621 5390 644 5440 a
669 5366 827 5439 diabolo.
876 5361 953 5437 Hos
974 5364 1112 5437 lusores
1159 5375 1196 5435 et
1223 5362 1473 5441 liberationem
1502 5362 1684 5534 pollipipsr:
1702 5381 1767 5439 cst.
1817 5364 1865 5445 Et
1890 5368 2035 5461 quidem
2067 5371 2143 5447 vult

1679 1440 1713 1503 al
1725 1429 1841 1526 filius
1864 1437 2029 1512 ansillae
2056 1452 2152 1532 lune,

1268 1523 1447 1627 dirupisti
1458 1529 1606 1602 vincula
1621 1557 1713 1605 mea.
