4538 5754
147 245 196 318 ld
389 232 598 311 scureto
624 233 704 308 PH.
732 230 848 307 MEL.
878 228 943 305 At>
971 228 1098 306 tttst.
1126 226 1271 306 PROF.
1297 225 1364 306 ΕΤ
1389 228 1582 307 PHlLOS.
1612 231 1936 311 spocraurtt.
2118 235 2170 314 ll

148 408 417 500 cumsanguine
436 407 475 477 in
491 407 689 477 nutritione
713 399 913 492 vehuntur,
945 415 1064 473 tamen
1092 415 1133 472 ut
1186 403 1254 488 sis,
1280 402 1411 494 quibus
1431 401 1547 474 maior
1571 417 1623 475 est
1645 399 1704 476 hic
1726 408 1926 493 folliculus,
1958 422 1994 481 et
2014 409 2170 481 multum
2218 439 2221 480 ι

148 537 262 585 massa
285 510 478 582 nutritioni
509 509 685 578 destinata
714 506 760 575 sit
786 506 931 595 purior,
964 505 1063 593 prius
1095 505 1134 571 io
1187 506 1322 573 bilisio
1338 505 1547 593 sanguinem
1564 509 1775 596 regurgitat,
1801 511 1877 578 lieri
1904 525 2036 602 potest,
2062 525 2103 581 ut
2127 535 2169 582 ex
2219 545 2221 576 z

151 627 252 704 epate
284 615 323 681 ot
352 609 555 700 segregatio.
630 605 724 678 Sunt
750 605 848 674 enim
871 619 906 675 et
925 617 1020 674 atrae
1039 605 1135 674 bilis.
1186 608 1353 675 duodeno
1389 605 1527 697 aliquid
1563 607 1648 678 bilis
1679 609 1719 679 in
1746 610 1986 682 ventriculum
2027 635 2171 706 quoque

150 714 235 785 ldeo
259 713 376 780 vicina
398 732 479 778 rasa
500 707 641 778 condita
670 720 772 786 sunt,
805 708 915 800 litque
938 706 1136 798 purificatio
1186 708 1362 777 ascendat.

150 812 334 904 sanguinis
349 813 386 880 in
411 811 526 881 media
542 821 642 901 parte
659 809 784 900 epotis.

1536 911 1673 1002 Spica,
1705 912 1814 984 Lien.

504 1024 638 1098 Velim
672 1022 797 1106 Fertis,
1290 1050 1333 1125 ln
1369 1056 1512 1148 sinistro
1541 1052 1814 1153 bypocbondrio
1844 1056 1956 1153 Splen
1991 1064 2081 1135 situs
2112 1080 2175 1150 est,

463 1166 591 1252 κύστις
620 1163 832 1265 χοληδόχος,
1188 1180 1271 1228 cava
1287 1171 1386 1248 parte
1400 1159 1638 1229 ventriculum
1654 1161 1880 1252 amplectens,
1893 1163 2057 1253 alligatus
2066 1169 2173 1238 dorso

1190 1273 1223 1329 et
1237 1258 1343 1326 costis
1365 1260 1564 1344 mendosis,
1588 1261 1751 1332 conditus
1774 1276 1892 1333 autern
1913 1278 2058 1357 propter
2082 1263 2196 1351 banc¹

158 1414 304 1499 similis,
329 1412 392 1506 qui
414 1408 498 1492 Fel,
532 1409 569 1476 id
600 1422 670 1492 est,
702 1407 830 1475 flavam
861 1407 970 1475 bilem
1001 1403 1141 1492 excipit.
1189 1356 1414 1474 praecipuam
1430 1361 1638 1478 milltflemt
1664 1362 1932 1433 utseffllffllum
1951 1380 1985 1436 ⁰¹
2005 1368 2174 1440 limosum

1190 1482 1397 1546 sangumem
1427 1474 1596 1551 excipiat,
1638 1485 1744 1553 quam
1776 1465 1825 1533 ob
1853 1487 1994 1534 causam
2025 1481 2060 1536 et
2081 1492 2176 1540 vena

157 1519 297 1591 Tunica
313 1528 364 1583 est
380 1534 452 1582 una
466 1509 693 1586 firmiuscula‚
710 1503 846 1576 babens
861 1505 1017 1595 triplices
1025 1505 1141 1574 libras.
1304 1559 1313 1576 .
1545 1561 1554 1578 ,
1940 1567 1950 1583 ,

1190 1561 1437 1650 granclruscula
1472 1563 1616 1631 ducitur
1639 1587 1658 1630 a
1683 1586 1771 1634 vena
1795 1578 1917 1654 portae
1939 1591 1977 1635 rn
2004 1569 2175 1658 splenem,

158 1618 241 1690 Duo
260 1628 376 1686 autem
390 1610 480 1680 rami
503 1633 564 1680 seu
588 1608 726 1678 canales
750 1609 984 1698 porriguntur
1006 1630 1025 1673 a
1048 1604 1140 1674 collo
1241 1661 1250 1678 ,
1372 1660 1380 1677 ,
1537 1662 1545 1680 ‚
1627 1661 1636 1679 ,
1719 1663 1727 1681 ·
1868 1665 1916 1682 ..

161 1715 270 1789 buius
286 1712 456 1795 folliculi,
481 1730 634 1802 quorum
659 1708 748 1777 alter
770 1731 908 1778 sursum
932 1706 1075 1774 ducitur
1097 1706 1142 1772 ad
1190 1687 1252 1754 ‘¹¹¹¹
1268 1661 1400 1730 ⁶³⁰³¹¹⁸
1415 1673 1467 1730 ²⁸¹
1482 1655 1590 1731 ΜΝ*
1610 1662 1728 1732 ¹¹¹⁰⁰⁵¹
1753 1687 1946 1753 ⁵³¹¹G¹¹¹¹¹¹⁸·
1999 1667 2177 1742 Adfluen-

161 1818 321 1890 surculos
338 1836 447 1881 venae
470 1823 609 1902 portae,
635 1809 699 1878 ubi
715 1823 748 1878 et
765 1808 839 1900 ipse
859 1808 897 1877 in
916 1807 1047 1876 multos
1065 1828 1143 1874 sur·
1191 1776 1260 1831 ⁸⁰¹⁰
1279 1775 1396 1831 autem
1416 1786 1500 1831 ⁶³¹⁰
1520 1763 1653 1853 '‘plen'‘
1676 1786 1798 1834 ΝΜ
1821 1779 1961 1859 ⁶⁰q¹¹¹¹2
1987 1784 2020 1838 ²¹
2043 1794 2085 1839 ⁶¹
2100 1794 2177 1840 ¹¹¹0·

161 1922 260 1990 culos
274 1914 469 2007 spargitur,
495 1924 529 1981 et
550 1907 671 1979 baurit
690 1909 816 1980 flavam
832 1909 941 1980 bilem
958 1908 997 1975 in
1018 1906 1143 1999 purifi·
1192 1863 1282 1931 lim
1308 1862 1383 1931 ⁰³⁰⁸
1414 1875 1533 1980 pm,
1548 1863 1718 1938 nutritur·
1795 1863 1886 1984 Nm}
1909 1881 1942 1937 ²¹
1967 1871 2107 1941 merlis
2131 1873 2177 1992 ttb

162 2020 301 2091 mione
325 2012 518 2104 sanguinis·
1191 1976 1290 2034 aorta
1308 1963 1603 2034 descendentibus
1629 1964 1742 2035 calefit
1757 1990 1798 2036 ac
1822 1969 2024 2043 adiuvatur.
2075 1970 2179 2043 Βοὴ.

262 2117 366 2189 Alter
380 2118 544 2185 deorsum
557 2112 712 2194 ducitur,
737 2133 776 2179 ac
793 2110 961 2179 inseritur
976 2108 1143 2180 intestino
1192 2087 1301 2182 ‘lium
1318 2065 1447 2154 panim
1463 2065 1602 2145 “5¹¹⁶'’
1627 2066 1755 2182 Raffim
1773 2080 1907 2137 ‘melai
1923 2068 2080 2186 ¹¹¹¹¹¹¹¹¹¹¹¹
2091 2097 2181 2142 ven·

86 2208 107 2218 ‚,
163 2205 353 2296 duodeno,
380 2239 453 2286 non
471 2214 594 2304 procul
617 2214 663 2281 ab
686 2211 791 2281 initio
811 2210 942 2290 ieiuni,
966 2225 1009 2284 ⁴ut
1033 2211 1143 2279 bilem
1193 2164 1382 2282 ‘mulumt
1420 2178 1461 2237 ”t
1485 2188 1592 2255 διῬΜ
1613 2166 1706 2282 ΨΒ»
1745 2167 1933 2284 θῆξΡῙθῦθ
1955 2195 1993 2237 ¹¹¹
2025 2172 2180 2293 fundum

165 2347 206 2393 ω
222 2315 391 2398 δάνώὃῑ,
419 2316 595 2406 peneum„
614 2311 891 2396 nutrimentum,
917 2324 951 2382 e,
974 2313 1143 2381 fluentem
1192 2264 1383 2336 ventriculi
1402 2289 1527 2334 venam
1545 2268 1648 2350 duca,
1673 2290 1742 2358 qua
1760 2268 1844 2336 brlrs
1861 2282 1957 2338 atrae
1969 2294 2050 2360 pars
2074 2289 2180 2344 emit.

165 2437 284 2515 postea
299 2421 338 2487 in
355 2410 481 2500 κόλον,
508 2428 548 2484 ut
563 2413 670 2503 pellat
691 2426 930 2498 excrementa,
956 2426 991 2485 et
1011 2413 1145 2483 abster·
1194 2367 1298 2450 [Μ’
1328 2380 1372 2484 ,ω
1393 2364 1477 2434 inde
1501 2388 1724 2484 ⁶¹.⁰⁰‘¹'ir⁰.
1742 2368 1870 2457 “pelli
1893 2372 2008 2487 99⁵5}
2070 2371 2180 2460 Q¹¹⁰d

168 2535 228 2612 g„
252 2520 430 2589 immina·
1193 2491 1277 2536 vero
1290 2466 1352 2535 aln
1370 2467 1414 2534 de
1431 2489 1529 2534 ramo
1551 2491 1590 2533 1n
1614 2467 1788 2536 orificium
1804 2471 1993 2538 ventriculi
2017 2491 2179 2564 porrecto

268 2618 411 2692 Utilitas
427 2612 534 2687 huius
549 2613 791 2683 fabricationis
813 2613 850 2682 in
874 2627 1061 2703 conspectu
1083 2624 1145 2682 est.
1194 2571 1336 2648 ‘mum’
1363 2580 1648 2637 ⁰⁰mm⁸¹¹¹¹⁰¹¹¹m
1674 2588 1748 2636 ⁰⁵⁵⁸
1768 2583 1997 2640 “mmm

165 2721 311 2794 Necesse
327 2735 377 2790 est
393 2719 431 2785 in
449 2715 689 2806 purificatione
707 2714 888 2805 sanguinis
905 2715 1026 2806 aliquo
1050 2713 1145 2782 deri·
1294 2715 1391 2789 Utile
1407 2730 1458 2786 est
1472 2729 1587 2786 autem
1605 2711 1712 2784 huius
1727 2716 1868 2786 visceris
1882 2720 2076 2793 accidentia
2094 2750 2182 2795 con-

166 2823 243 2892 vari
259 2822 385 2889 llavarn
401 2818 508 2887 bilem
525 2816 769 2905 copiosiorem.
823 2813 908 2884 Frat
931 2815 1040 2903 igitur
1057 2837 1145 2906 opus
1195 2820 1371 2902 siderare,
1404 2817 1487 2910 quia
1514 2814 1720 2886 bominibus
1753 2819 1867 2885 anxiis
1892 2844 1975 2890 cura
1998 2838 2032 2892 et
2057 2828 2181 2896 dolore

165 2919 404 3011 receptaculo,
429 2919 466 2986 in
485 2941 556 3010 quo
573 2916 657 2984 bilis
680 2916 784 2986 etiam
802 2916 960 2985 calefacit
984 2939 1085 3006 epar,
1112 2927 1147 2984 et
1197 2944 1261 2989 seu
1277 2918 1419 2988 moestis
1436 2919 1559 2987 crebro
1575 2913 2013 3012 accidunthypocbondrii
2030 2926 2183 3011 dolores,

168 3022 464 3114 putrefactionem
493 3010 670 3109 prohibet.
733 3014 873 3085 Deinde
903 3016 1003 3106 pellit
1028 3015 1147 3086 nutri·
1197 3043 1285 3114 quos
1307 3044 1385 3089 cum
1402 3019 1626 3107 intelligunt,
1648 3018 1788 3087 facilior
1803 3034 1854 3088 est
1878 3024 2076 3097 medicatio.
2110 3025 2183 3097 Nec

166 3136 325 3193 mentum
341 3121 379 3190 in
396 3120 574 3199 duodeno,
600 3130 634 3189 et
648 3116 750 3207 pellit
763 3132 993 3200 excrementa,
1017 3129 1052 3186 et
1066 3116 1146 3183 abs-
1197 3123 1275 3190 leve
1292 3121 1490 3211 periculum
1506 3134 1576 3202 est,
1605 3113 1713 3188 huius
1736 3122 1852 3189 morbi
1874 3145 1995 3192 causas
2012 3125 2183 3214 ignoran-

168 3225 274 3312 tergit
297 3222 419 3290 sordes
449 3220 486 3285 in
512 3219 659 3286 coeteris
678 3216 865 3291 intestinis.
923 3214 973 3287 Et
994 3217 1149 3285 ostendit
1198 3223 1305 3292 tibus.
1357 3220 1467 3288 Fiunt
1490 3220 1585 3287 enirn
1606 3219 1865 3290 obstructiones
1890 3222 1928 3290 iu
1952 3250 2058 3310 vena,
2093 3253 2182 3320 quae

169 3322 404 3413 experientia,
437 3330 566 3411 quanta
590 3317 636 3386 sit
657 3317 844 3386 necessitas
866 3312 974 3385 huius
996 3317 1148 3386 fabrica·
1199 3323 1244 3391 ab
1271 3333 1371 3410 epate
1393 3320 1435 3388 ad
1460 3319 1618 3409 splenem
1640 3320 1800 3403 ducitur,
1825 3335 1968 3410 propter
1991 3351 2077 3418 quas
2101 3353 2183 3397 cum

167 3424 288 3497 tionis.
338 3420 427 3489 Nam
442 3418 779 3489 cumobstruuntur
794 3413 832 3484 bi
849 3417 1005 3500 canales,
1031 3416 1148 3505 magni
1200 3422 1343 3514 purgari
1370 3444 1453 3511 epar
1476 3444 1550 3488 non
1567 3417 1697 3512 possit,
1721 3421 1812 3489 actio
1837 3436 1909 3493 tota
1932 3428 2044 3514 epatis
2068 3429 2183 3519 impe-

169 3524 288 3593 morbi
305 3534 519 3614 sequuntur,
548 3518 731 3602 letericus,
755 3518 989 3589 inflammatio
1015 3515 1150 3610 Epatis,
1200 3524 1318 3607 ditur,
1353 3534 1388 3590 et
1422 3520 1592 3611 paulatim
1625 3542 1708 3610 epar
1736 3525 1998 3612 corrumpitur,
2032 3542 2065 3598 et
2093 3529 2185 3598 lirini

172 3622 354 3720 Hydrops.
1201 3624 1398 3692 ascendunt
1416 3623 1453 3689 in
1470 3623 1672 3704 cerebrum,
1698 3634 1731 3690 et
1755 3647 1891 3692 errores
1907 3625 1943 3692 in
1969 3631 2112 3698 cerebro
2132 3633 2185 3699 ef-

272 3720 400 3792 Tradit
416 3720 577 3793 Galenus
591 3725 695 3794 etiam
713 3724 758 3793 ab
775 3722 886 3794 altero
904 3745 1004 3793 ramo
1020 3743 1150 3813 propa·
1202 3725 1336 3793 ficiunt.
1372 3720 1451 3791 Hoc
1468 3723 1600 3791 malum
1618 3717 1754 3790 Arabes
1774 3726 2184 3800 nominantlllelancho-

170 3826 288 3917 ginem
304 3824 588 3895 inventriculum
604 3824 1042 3916 paucissimisquibusdam
1057 3821 1151 3901 duci,
1201 3827 1285 3893 liam
1302 3818 1528 3892 Mirachiam.
1578 3819 1728 3908 Cognita
1751 3837 1868 3893 autern
1891 3850 2011 3903 causa,
2047 3833 2186 3900 occurri

170 3941 207 3997 et
224 3923 279 3996 his
295 3938 439 4017 propter
455 3925 559 3992 bilem
579 3926 723 4014 largiter
738 3926 947 3995 inllueutem
962 3926 1000 3993 iu
1016 3923 1152 3991 ventri·
1202 3938 1316 4016 potest
1334 3924 1456 3993 initiis.
1491 3916 1545 3990 Ae
1562 3924 1671 3991 multa
1688 3923 1794 4011 digna
1811 3926 2046 3998 admiratione
2062 3932 2099 3998 in
2118 3928 2187 4002 hoe

170 4029 289 4099 culum
306 4025 403 4094 nasci
418 4024 456 4090 in
474 4048 514 4092 eo
532 4026 677 4094 multam
694 4025 873 4113 prasinam
887 4025 1008 4106 bilem,
1035 4036 1070 4092 et
1084 4023 1152 4090 im·
1203 4027 1329 4094 morbo
1346 4021 1575 4096 concurrunt.¹
1611 4020 1711 4092 Talis
1727 4037 1778 4093 est
1792 4027 1882 4094 ordo
1900 4027 1938 4095 in
1954 4054 2100 4120 corpore
2117 4028 2187 4103 bu-

171 4129 285 4218 pediri
301 4126 517 4207 coctionem,
541 4140 577 4195 ¹et
591 4125 747 4194 accidere
772 4126 913 4195 crebros
939 4124 1094 4193 vomitus
1120 4135 1154 4191 et
1203 4124 1424 4209 mano,sieut
1442 4122 1480 4191 in
1499 4124 1553 4191 ira
1571 4146 1631 4191 cor
1643 4125 1778 4211 pellens
1793 4128 1999 4216 sanguinem
2018 4144 2052 4201 et
2068 4133 2185 4201 effun-

164 4224 370 4324 oirporpiW.
422 4223 494 4294 Sed
511 4219 596 4294 hoec
610 4248 689 4294 rara
706 4226 865 4315 exempla
880 4226 1017 4299 omitto.
1203 4228 1291 4294 dens
1307 4225 1470 4315 spiritus,
1496 4224 1601 4293 simul
1616 4224 1683 4294 ciet
1706 4227 1848 4294 rubram
1876 4231 1985 4298 bilem
2010 4233 2049 4299 in
2071 4236 2187 4304 vesica

271 4327 450 4416 Regulare
481 4338 628 4395 estnon
654 4326 736 4393 duci
759 4349 897 4394 ramum
921 4349 963 4394 ex
992 4324 1152 4394 folliculo
1203 4326 1305 4396 fellis.
1357 4323 1409 4393 lta
1427 4324 1605 4394 contrario
1623 4325 1784 4393 modoin
1801 4331 1998 4415 moesticia,
2025 4357 2105 4401 cum
2130 4360 2188 4404 re-

170 4430 263 4499 lellis
279 4429 317 4496 in
332 4426 581 4510 ventriculum,
596 4425 678 4518 quia
692 4427 779 4494 lla-va
797 4425 879 4494 bilis
896 4449 977 4495 cum
991 4426 1038 4494 sit
1051 4425 1153 4504 acris,
1202 4427 1293 4515 fugit
1323 4425 1464 4515 sanguis
1494 4426 1537 4492 ad
1571 4447 1650 4508 cor,
1690 4427 1787 4517 quod
1815 4430 1916 4518 quasi
1950 4456 2189 4523 compressum

169 4530 318 4599 mordax
344 4541 378 4609 et
402 4527 625 4617 dissipatrix,
657 4528 814 4595 turbaret
847 4527 1062 4599 coctionem..
1106 4524 1154 4593 At
1204 4526 1321 4608 arelit,
1346 4540 1380 4594 et
1393 4524 1663 4616 consumptione
1676 4526 1868 4616 spirituum
1885 4529 2090 4621 languescit,
2118 4536 2196 4604 cie..

114 4660 120 4676 ³
170 4627 369 4701 ventriculo
386 4627 502 4718 quiete
518 4649 608 4716 opus
620 4637 672 4701 est
686 4626 930 4694 adfovendum
947 4640 981 4695 et
997 4649 1154 4718 coquen-
1204 4640 1262 4696 tur
1277 4639 1351 4695 atra
1365 4625 1449 4693 bilis
1474 4624 1512 4694 in
1535 4627 1656 4714 splene
1679 4640 1714 4696 et
1735 4626 1941 4698 effunditur.
1993 4629 2090 4705 Haec
2112 4635 2190 4726 ipsa

171 4723 430 4821 dumchylum.
482 4724 566 4796 ldeo
583 4727 760 4815 sapienter
774 4727 867 4795 cavit
891 4721 1154 4796 architectatrix
1204 4727 1329 4795 effusio
1355 4726 1496 4794 dolores
1520 4727 1625 4796 elficit
1651 4727 1689 4794 in
1715 4721 2015 4820 hyporbondriis,
2049 4736 2191 4806 etfacit

171 4845 317 4913 natura,
342 4850 387 4895 ne
404 4850 443 4895 ex
462 4825 621 4896 folliculo
637 4827 729 4895 sellis
752 4846 889 4896 ramum
912 4825 951 4894 in
973 4825 1153 4895 ventricu-
1204 4827 1461 4897 obstructiones
1489 4828 1662 4900 exitiosas.
1734 4826 1805 4897 Sed
1844 4829 1949 4900 initio
1985 4835 2190 4906 moesticiae

170 4932 247 5000 lum
272 4932 426 4998 duceret.
479 4924 549 4995 Sed
571 4928 731 4996 nascitur
749 4927 929 4995 interdurn
954 4924 995 4993 in
1019 4925 1154 4995 ventri·
1203 4928 1320 4997 cordis
1336 4929 1606 5018 repugnandum
1622 4941 1691 5011 est,
1718 4943 1751 4999 et
1769 4928 1951 5018 diligentia
1976 4928 2193 5022 adhibenda,

172 5033 252 5101 culo
268 5027 410 5122 prasina
424 5025 508 5098 bilis
527 5050 568 5094 ex
584 5028 708 5095 adusta
726 5028 854 5119 pituita
877 5039 911 5096 et
926 5026 1164 5117 superfluitaf
1204 5053 1248 5097 ne
1270 5029 1528 5097 intercludatur
1551 5028 1693 5116 egestio.
1758 5025 1854 5099 Haec
1885 5032 1966 5100 ideo
1990 5037 2191 5118 recitamus,

170 5132 267 5203 tibus
281 5128 379 5212 aliis,
406 5151 496 5221 quae
511 5150 585 5196 non
601 5124 729 5196 adfluit
742 5152 782 5198 ex
798 5128 892 5212 felle,
915 5151 1004 5218 quae
1023 5141 1074 5198 est
1089 5126 1154 5196 ad·
1203 5129 1287 5221 quia
1304 5128 1569 5199 usitatissimum
1590 5143 1642 5198 est
1655 5129 1694 5196 in
1710 5131 1891 5202 moesticia
1908 5128 2004 5204 bunc
2022 5137 2190 5207 morbum

55 5240 60 5247 ’
172 5235 320 5304 modum
351 5229 479 5299 infesta
511 5226 728 5309 ventriculo,
763 5229 860 5298 etin
883 5229 1022 5297 vomitu
1051 5249 1153 5317 saepe
1204 5242 1240 5298 et
1254 5224 1341 5299 haec
1357 5228 1512 5321 pericula
1535 5230 1703 5300 accidere.
1754 5227 1929 5321 Exempla
1951 5237 2040 5305 adeo
2064 5227 2193 5309 crebra

84 5361 95 5373 ·
172 5333 330 5420 eiicitur,
355 5330 502 5403 utinlra
517 5329 684 5403 dicemus.
736 5325 806 5398 Sed
831 5329 867 5396 in
888 5329 1023 5400 naturis
1044 5328 1155 5399 bilio·
1204 5345 1306 5415 sunt,
1331 5345 1371 5402 ut
1386 5325 1445 5412 bie
1461 5331 1610 5404 nomina
1625 5330 1920 5423 eorumrecitare
1938 5336 2074 5424 nolim,
2100 5362 2197 5431 quos·

263 1311 307 1384 ln
321 1307 439 1381 medio
456 1321 556 1404 epate
572 1321 623 1378 est
633 1305 812 1376 folliculus
823 1304 1043 1394 longiusculo
1053 1325 1140 1395 pyro
