4538 5754
10 5588 19 5704 l

56 276 106 347 29
814 262 864 343 lt.
914 258 1065 336 LIBER
1089 254 1157 332 Du
1182 256 1357 335 ANllllA.
1777 266 1789 280 ·
2033 256 2082 325 30

55 442 147 514 ὅσον
171 438 252 513 ἐστὶ
275 435 416 532 μεταξὺ
437 439 507 509 τοῦ
526 431 672 511 αἰδοίου
694 429 842 507 καὶτοῦ
859 431 1045 527 ὀμφοέλοο,
1200 421 1416 499 Σπόνδυλοι
1433 440 1606 497 vocantur
1622 429 1811 511 vertebrae,
1833 442 1984 519 suntque
2003 448 2080 494 ossa

54 543 175 628 idest,
196 535 315 637 ἦτρον
324 541 465 632 proprie
482 539 642 607 nominat
657 535 888 629 Hippocrates
901 534 1048 603 inferio·
1098 533 1208 620 ligura
1226 530 1467 599 vertebrarum
1496 553 1556 598 seu
1580 531 1835 598 verticillornm
1863 531 1955 597 inter
1977 540 2082 618 caput

56 668 132 713 mm
151 658 292 734 partem
308 642 460 724 ventris,
486 660 577 732 quae
592 653 644 709 est
662 640 757 708 inter
772 637 899 728 pubem
918 648 952 705 et
966 656 1047 703 um·
1097 645 1133 701 et
1155 631 1316 714 lumbos,
1344 642 1496 721 quatuor
1521 643 1554 699 et
1578 630 1722 717 viginti,
1749 629 1838 696 mira
1862 642 1935 696 arte
1951 629 2081 706 iuncta,

57 745 233 814 bilicum,
283 739 333 813 Et
355 742 456 812 addit
483 753 623 832 postea,
658 752 770 809 totum
802 735 959 828 spacium
982 734 1049 804 sub
1099 755 1182 801 cava
1204 731 1318 814 intus,
1350 743 1384 798 et
1405 731 1502 799 tenui
1526 754 1630 799 carne
1654 743 1687 798 et
1709 731 1925 797 membranis
1946 730 2082 811 vestita,

58 845 167 912 costis
184 843 301 912 dividi
324 843 363 910 in
379 843 467 926 tria,
493 841 532 908 in
555 835 868 933 ltypochondrion,
894 859 932 906 ea
959 858 1049 929 quae
1099 844 1139 901 ut
1161 832 1352 900 medullam
1388 831 1612 914 contineant,
1647 853 1736 922 quae
1760 844 1907 899 vocatur
1936 827 2081 898 aCelso

60 958 144 1014 sunt
159 945 258 1012 circa
274 943 485 1012 umbilicum
503 954 536 1010 et
552 933 680 1034 ἦτρον.
1099 931 1231 1022 Spinae
1253 930 1435 1015 Medulla,
1467 955 1485 999 a
1509 928 1647 1000 Galeno
1669 932 1841 1009 νωτιαῖος
1854 921 2006 1021 pastos,
2037 930 2082 997 ab

163 1058 244 1130 sub
261 1055 489 1152 1159033311-10
515 1071 637 1150 pecte„
657 1071 718 1144 ρει,
744 1057 857 1143 idm,
883 1068 1049 1125 omns.
1100 1029 1279 1101 Arabibus
1299 1027 1437 1103 Nuclta.
1487 1029 1564 1100 Etsi
1588 1044 1703 1101 autem
1731 1030 1919 1120 adpellatio
1944 1031 2083 1096 medul-

61 1184 203 1230 versnm
224 1160 350 1245 latius,
385 1163 480 1253 quod
507 1159 623 1230 nitartit
646 1159 823 1230 intestina.
878 1156 1049 1226 Aristote-
1099 1134 1153 1200 ¹²¹⁸
1177 1128 1247 1201 huc
1270 1133 1436 1201 “imilla
1463 1147 1532 1215 θεῖ’
1560 1145 1675 1200 iamin
1700 1130 2082 1222 Plurimumffiffefflm

60 1262 109 1329 les
126 1261 268 1351 inquit:
294 1256 499 1329 Extremum
515 1258 578 1329 ltri
596 1255 862 1351 estEpiscbion.
913 1254 961 1326 Et
975 1252 1050 1323 Ga·
1101 1233 1254 1302 ¹⁰⁰d¹¹¹¹³
1281 1234 1319 1300 5¹¹
1349 1233 1473 1301 celeris
1495 1232 1794 1323 ⁰⁵⁵ib¹¹⁸P¹⁰l¹rie
1825 1232 1874 1301 ⁸i⁰
1900 1231 2014 1311 dicta,
2042 1243 2081 1346 fi

63 1362 166 1429 lenus
182 1361 315 1452 inquit,
341 1356 533 1452 Epischion
551 1383 624 1428 esse
642 1360 860 1442 osanterius,
876 1354 1050 1449 posterius
1101 1328 1401 1450 h³⁰⁰o⁸¹¹b³l³¹¹liil
1424 1334 1462 1401 5¹¹
1486 1332 1680 1426 ⁵9⁰¹¹dl¹1330
1739 1331 1830 1401 Nam
1861 1332 2014 1400 meduna
2041 1352 2080 1398 ¹¹¹
2206 1374 2209 1379 ’

62 1485 146 1530 wo
163 1485 205 1529 03
222 1484 361 1530 ,amm
381 1462 583 1530 lumborum
599 1460 769 1532 „mm
784 1461 991 1530 subiectum,
1101 1447 1224 1502 ceteras
1241 1435 1377 1503 ossibus
1395 1448 1445 1503 est
1459 1435 1558 1503 utilis
1572 1434 1795 1524 superfluitas
1811 1433 2018 1501 nutrimenti
2038 1454 2080 1497 er
2101 1512 2103 1517 ,

164 1573 395 1646 amimam
437 1590 544 1648 mem
587 1575 762 1646 ecfinisln
813 1600 855 1645 en
881 1568 1050 1669 βουβών.
1101 1534 1271 1651 sangnine
1289 1548 1382 1620 orta,
1407 1535 1577 1604 destinata
1594 1537 1637 1602 ad
1654 1529 1888 1652 humectanda
1903 1547 1935 1600 et
1951 1534 1995 1649 acl
2010 1554 2079 1599 nu·
2173 1542 2185 1552 '

411 1600 435 1667 p
563 1601 585 1668 p
765 1599 811 1666 gu
859 1630 868 1662 ¹
1100 1635 1343 1703 traendaossa.
1395 1632 1463 1704 Sed
1483 1631 1568 1703 baec
1582 1635 1776 1705 substantia
1791 1659 1828 1701 m
1845 1635 2014 1702 vertebris
2030 1644 2081 1699 est

1101 1748 1246 1822 cognata
1271 1736 1434 1819 cerebro,
1461 1748 1496 1806 et
1515 1735 1615 1828 quasi
1639 1737 1737 1804 rivus
1762 1734 1914 1817 cerebri,
1941 1747 1980 1802 ut
2005 1730 2080 1802 Ga-

1101 1835 1201 1903 lenus
1217 1834 1349 1927 inquit:
1375 1829 1539 1926 ποταμὸς
1554 1834 1594 1907 ἐκ
1612 1840 1730 1934 πηγῆς
1746 1831 1881 1931 ἐκθέων
1895 1831 2080 1930 τοῦ-ἐγκε-

1101 1928 1233 2030 φάλου.
1287 1935 1338 2004 Ac
1359 1937 1526 2006 oriuntur
1549 1950 1584 2006 et
1606 1936 1789 2006 cerebrum
1806 1949 1840 2005 et
1861 1932 1918 2003 bic
1937 1935 2010 2002 eicis
2028 1935 2079 2002 ri-

1100 2059 1165 2103 vus
1185 2059 1207 2104 a
1227 2037 1379 2118 semine,
1404 2060 1468 2105 nce
1491 2049 1572 2106 sunt
1595 2036 1769 2106 destinata
1798 2038 1841 2104 ad
1873 2035 2081 2102 nutriendas

286 2086 296 2104 ‚
708 2086 717 2103 .
902 2086 911 2104 .
1022 2076 1031 2105 a

161 2084 254 2156 pm
285 2099 379 2155 “¹¹⁰¹
408 2086 565 2177 ⁸⁰³P¹¹¹³⁸
594 2100 753 2177 ⁰PP⁰⁸¹¹³
779 2101 913 2179 pedm
939 2109 1050 2177 μω
1100 2135 1186 2204 alias
1205 2149 1340 2226 partes,
1358 2126 1424 2205 ¹sed
1441 2150 1524 2208 sunt
1539 2160 1685 2228 corpora
1705 2136 1891 2227 peculiaris
1915 2149 1948 2204 et
1970 2134 2081 2202 veluti

62 2211 227 2283 φρενον,
255 2187 293 2255 id
317 2200 385 2270 est,
411 2209 492 2277 pars
512 2209 617 2276 snpra
638 2181 803 2276 phrenas.
852 2184 918 2257 Est
933 2201 1049 2259 autem
1231 2238 1239 2252 .
1967 2236 1977 2252 .

60 2289 157 2358 imm
184 2279 424 2381 μετάφρενον
451 2308 490 2355 05
511 2281 745 2356 stomachi&
767 2289 949 2377 septimam
972 2310 1050 2354 w·
1101 2237 1259 2353 coelestis
1279 2251 1442 2333 naturae,
1476 2252 1511 2308 et
1532 2260 1660 2306 nervos
1685 2249 1891 2329 procreant,
1918 2247 2082 2325 quisunt

62 2391 203 2457 ,chrm
271 2384 356 2455 lde,
387 2386 426 2455 in
447 2386 682 2457 cruditatibus
712 2389 817 2456 dolor
839 2389 905 2458 sub
926 2410 1051 2478 scapu·
1100 2349 1332 2406 instrumenta
1358 2361 1479 2408 sensns
1501 2351 1534 2408 et
1552 2352 1669 2409 motus
1691 2337 1831 2420 localis,
1854 2348 1895 2405 ut
1918 2336 2008 2403 insra
2025 2335 2080 2402 di-

62 2439 291 2558 Rumpitur·
463 2464 471 2475 '
1102 2460 1189 2506 cam.
1227 2436 1442 2507 Suntautem
1459 2439 1773 2530 periculosissimae
1786 2436 1956 2504 laesiones
1972 2457 2080 2522 spon·

411 2596 424 2623 2
561 2599 568 2621 ,
1102 2536 1286 2630 dylornm‚
1311 2553 1345 2607 et
1367 2552 1510 2630 propter
1531 2539 1744 2623 medullam,
1770 2551 1804 2606 et
1829 2550 1973 2627 propter
1993 2558 2080 2602 ner·

163 2599 1051 2696 snbimaw'i'⁰⁸¹b²⁷²i⁰f¹9¹¹⁸q¹¹⁰³d1¹¹mb⁰⁸‘
1104 2660 1183 2720 vos,
1209 2661 1317 2729 quare
1340 2639 1512 2727 singulari
1533 2663 1616 2708 cura
1641 2634 1726 2707 baec
1744 2661 1824 2729 pars
1839 2637 2030 2706 munienda
2046 2648 2081 2704 et

165 2720 303 2791 Lumbi
317 2733 398 2788 sunt
413 2719 506 2788 inter
527 2711 706 2815 λαγόνας,
732 2721 796 2789 ubi
816 2718 936 2791 Renes
956 2732 1051 2797 sunt,
1103 2737 1270 2806 mediocri
1286 2739 1401 2806 calm
1418 2740 1569 2808 fovenda
1592 2752 1654 2812 est,

65 2822 179 2895 etubi
196 2821 388 2908 cingimur.
439 2817 500 2887 Sic
520 2823 615 2887 enim
639 2821 802 2889 describit
827 2817 1084 2890 Aristotelem·
1202 2834 1318 2906 coxae
1343 2862 1404 2908 seu
1428 2840 1649 2925 coxendices,
1670 2833 1791 2930 ἰσχία,
1813 2853 1894 2907 sunt
1912 2839 1984 2928 ipsa
2003 2859 2080 2904 ossa

65 2929 143 2995 τίὲν
171 2915 214 2993 di
250 2913 513 3042 ainoxovdpt'tav
542 2917 701 3040 ὅπῑξθέν
731 2913 1051 3037 dtdtnpaplml
1102 2935 1237 3005 natium
1270 2939 1426 3025 proxima
1455 2940 1605 3024 lumbis,
1646 2940 1737 3009 sicut
1768 2951 1914 3009 testatur
1945 2935 2080 3020 Celsus,

66 3019 208 3119 tonde,
237 3019 333 3091 5³9⁶?
346 3044 409 3091 καί
423 3042 591 3109 ἴθυνθμα
607 3021 690 3108 e‘xet.
743 3018 832 3089 lude
846 3033 880 3088 ⁸1
896 3036 1050 3088 ‘melum
1102 3039 1173 3105 ima
1190 3036 1291 3127 spina
1305 3037 1342 3104 in
1356 3062 1519 3106 coxarum
1533 3062 1609 3108 osse
1623 3037 1768 3120 desidit,
1794 3040 1888 3131 quod
1904 3051 2081 3107 transver-

66 3125 260 3194 ¹1⁰¹¹¹l¹¹²¹¹¹
270 3117 362 3190 blm
375 3134 523 3211 Panem·
1008 3190 1012 3195 -
1103 3161 1182 3207 sum
1205 3137 1379 3230 longeque
1400 3138 1698 3223 valentissimum,
1729 3138 1890 3218 vulvam,
1917 3137 2079 3218 vesicam,

166 3239 249 3310 Sub
278 3239 410 3305 lumbis
433 3249 484 3306 est
506 3235 601 3324 regio
626 3231 727 3304 Ossis
748 3235 851 3308 sacri.
899 3232 990 3304 Nam
1012 3259 1053 3305 os
1102 3249 1235 3308 rectum
1253 3238 1456 3307 intestinum
1472 3251 1600 3311 tuetur.

67 3364 205 3414 acrum
224 3352 276 3408 est
292 3338 358 3407 snb
374 3341 479 3406 dorso
495 3336 603 3406 latum
620 3357 676 3420 os,
701 3338 797 3428 quod
818 3335 945 3425 excipit
965 3339 1053 3407 ulti·
1204 3335 1325 3431 Cotyla
1341 3361 1400 3407 seu
1416 3337 1652 3410 Acetabulnm
1668 3353 1719 3410 est
1733 3339 1850 3420 sinus,
1873 3338 1908 3406 id
1927 3351 1997 3422 est,
2022 3360 2082 3405 ca·

65 3468 142 3514 mos
168 3440 386 3532 spondylos,
417 3461 458 3506 ac
482 3436 591 3507 veluti
614 3449 724 3523 gestat
754 3450 862 3505 totam
893 3440 1053 3526 eorporis
1103 3462 1209 3520 vum,
1235 3439 1273 3506 in
1297 3439 1366 3507 ima
1394 3451 1493 3529 parte
1517 3442 1603 3510 ossis
1624 3440 1777 3519 natium,
1801 3439 1864 3508 nbi
1886 3436 2083 3527 infiguntur

66 3545 217 3625 molem,
243 3553 318 3609 arte
341 3537 503 3607 miranda
519 3536 751 3627 compositum
769 3559 809 3603 ex
829 3559 887 3605 sex
903 3539 1052 3612 ossibus.
1104 3539 1134 3605 ei
1151 3561 1288 3607 summa
1303 3561 1380 3607 ossa
1395 3540 1515 3629 magni
1530 3542 1641 3632 pedis.
1694 3537 1802 3609 Hunc
1823 3541 1940 3609 sinum
1955 3552 2081 3608 vocant

67 3641 258 3714 Nominari
283 3652 400 3709 autem
423 3660 463 3707 os
484 3658 622 3707 sacrum
644 3637 706 3705 alii
728 3653 872 3725 propter
886 3637 1052 3707 artificio·
1104 3634 1255 3707 Arabice
1277 3634 1426 3712 Ancam.

69 3771 139 3817 sam
167 3740 484 3831 compositionem,
515 3737 579 3806 alii
608 3750 752 3828 propter
774 3739 1052 3825 magnitudinem
1204 3737 1329 3825 Natcs,
1349 3743 1510 3837 γλοῦτοι.

68 3844 283 3917 existimant.
317 3837 443 3932 Aliqui
455 3837 676 3908 arbitrantur
689 3837 739 3904 sic
754 3839 942 3926 adpellari,
969 3840 1052 3931 qnia
1205 3836 1346 3925 Femur,
1359 3834 1485 3934 μηρὸς,
1503 3835 1722 3912 hauddubie
1737 3840 1910 3931 significat
1924 3838 2082 3931 superio-

69 3959 211 4040 partum
224 3942 391 4022 adiuvet,
417 3940 566 4031 eoquod
583 3939 658 4007 eius
675 3960 857 4008 connexus
870 3963 949 4009 cnm
965 3941 1054 4008 ossi·
1104 3962 1179 4006 rem
1195 3952 1329 4030 partem
1353 3940 1469 4029 magni
1497 3940 1595 4031 pedis
1615 3966 1635 4011 a
1658 3942 1801 4012 natibus
1824 3964 1934 4033 nsque
1956 3941 2000 4007 ad
2024 3962 2083 4027 ge-

70 4050 133 4118 bns
149 4066 262 4114 coxae
278 4042 317 4108 in
336 4039 555 4130 parientibus
568 4040 755 4129 aperiatur.
1105 4062 1167 4108 nn.
1222 4036 1451 4110 Recentiores
1487 4042 1637 4112 absurde
1672 4043 1908 4112 confuderunt
1936 4041 2083 4109 nomina

169 4142 214 4214 ln
240 4142 360 4210 medio
376 4141 472 4208 dorsi
487 4131 604 4232 ῥάχις,
629 4140 703 4230 ipsa
720 4139 883 4208 videlicet
899 4140 1055 4231 spondy·
1106 4162 1211 4208 coxae
1233 4140 1442 4225 etfemoris,
1469 4141 1978 4235 etpraepostereeisusisunt.
2028 4133 2084 4208 Os

69 4250 187 4318 lorum
209 4241 341 4325 series,
371 4263 477 4332 quam
503 4253 537 4309 et
551 4253 684 4308 veteres
701 4237 820 4308 Latini
834 4240 972 4328 spinam
988 4262 1055 4307 no-
1106 4262 1210 4309 coxae
1230 4242 1354 4310 dicunt
1375 4254 1440 4330 pro'
1464 4239 1629 4328 Femore,
1653 4257 1689 4314 et
1712 4256 1853 4313 econtra
1878 4239 2083 4314 oslcmoris

68 4350 276 4420 minarum,
305 4342 394 4410 sicut
418 4337 542 4410 Celsus
564 4340 697 4432 inquit:
730 4338 845 4428 Caput
870 4339 970 4428 spina
995 4364 1056 4408 cx·
1108 4364 1171 4431 pro
1201 4335 1307 4414 Gora.
1358 4339 1453 4411 Haec
1475 4332 1630 4415 inversio
1652 4344 1690 4413 in
1715 4341 1922 4431 vulgaribus
1946 4332 2084 4431 scriptis

70 4450 165 4541 cipit.
218 4441 275 4514 Ea
299 4452 434 4510 constat
455 4464 496 4510 ex
511 4440 683 4511 vertebris
702 4454 854 4531 quatuor
868 4453 902 4509 et
916 4440 1054 4528 viginti.
1107 4440 1296 4530 diligenter
1311 4441 1620 4514 animadvertenda
1636 4459 1698 4518 est.
2096 4445 2100 4451 ’

71 4547 122 4619 lta
142 4544 315 4641 loquitur
341 4556 375 4611 et
397 4539 544 4612 Plinius.
603 4539 673 4611 Sed
699 4540 860 4610 Galenus
886 4540 1056 4611 discernit
1207 4540 1341 4611 Totum
1375 4545 1593 4629 membrum,
1631 4544 1727 4637 quod
1757 4555 1883 4612 vocant
1917 4560 2085 4630 magnum

72 4642 177 4742 ῥάχιν
191 4660 229 4719 et
247 4641 440 4715 ἄκανθαν.
483 4641 652 4711 Nominat
665 4633 773 4734 ῥάχιν
787 4640 929 4733 proprie
943 4641 1055 4731 ipsam
1107 4643 1231 4736 pedem
1246 4666 1266 4712 a
1290 4643 1434 4714 natibus
1448 4646 1615 4738 usquead
1631 4643 1807 4735 plantam,
1832 4638 1956 4721 σκέλος
1966 4639 2086 4712 nomi-

71 4747 331 4843 spondylornm
351 4741 489 4815 seriem.
539 4738 605 4809 His
631 4765 715 4809 vero
736 4742 876 4810 additae
896 4752 1056 4811 stautve-
1107 4754 1213 4812 natur
1228 4743 1272 4812 ab
1290 4744 1478 4816 Aristotele
1495 4759 1529 4815 et
1545 4768 1564 4814 a
1581 4742 1730 4815 Galeno.

71 4851 133 4923 lnti
146 4850 299 4942 pinnae,
325 4863 414 4937 quas
428 4841 651 4932 peculiariter
668 4842 855 4913 nominant
869 4838 1056 4927 ἄκανθαν,
1210 4839 1334 4927 Genu,
1349 4838 1453 4942 γόνη.

73 4952 108 5023 id
126 4964 200 5032 est,
239 4944 401 5038 spinam,
432 4955 468 5012 et
489 4941 576 5013 dicit
600 4942 725 5012 laetam
741 4963 833 5028 esse,
857 4955 898 5013 ut
915 4944 960 5011 sit
975 4956 1055 5012 tan-
1209 4938 1263 5013 Os
1296 4943 1334 5010 in
1366 4968 1456 5035 genn
1483 4946 1659 5032 anterius,
1696 4945 1807 5035 figura
1840 4945 1940 5034 parvi
1979 4944 2087 5029 scuti,

72 5076 173 5149 mam
187 5047 328 5119 vallum
345 5044 620 5136 spondylornm,
645 5064 707 5113 seu
725 5054 766 5114 nt
788 5045 898 5134 ipsius
912 5057 1056 5115 utamur
1108 5055 1253 5136 propter
1266 5044 1394 5115 multas
1410 5047 1578 5117 utilitates
1593 5048 1743 5131 iactum,
1769 5044 1899 5116 Patella
1923 5047 2088 5116 nomina-

74 5153 206 5235 οιώῐς,
235 5139 366 5241 χάραξ
384 5146 451 5237 τῆς
474 5138 627 5238 ῥάχεως.
686 5143 799 5214 Porro
831 5143 879 5214 ita
911 5147 1061 5214 sustinet
1110 5141 1334 5218 turaCelso.
1385 5144 1511 5216 Graeci
1529 5147 1632 5218 etiam
1646 5148 1875 5218 nominarunt
1885 5142 2024 5241 μύλην,
2049 5145 2110 5214 id·

76 5248 174 5346 ῥάχος
193 5248 444 5324 omnisonae,
474 5256 516 5316 ut
537 5257 705 5335 tanquam
726 5257 873 5317 truncus
888 5259 921 5316 et
940 5246 1060 5315 carina
1112 5257 1183 5328 est,
1208 5243 1364 5324 Malam,
1389 5271 1456 5339 qua
1473 5249 1710 5340 adpellatione
1725 5246 1917 5317 Pausanias
1937 5270 2022 5317 risus
2038 5258 2090 5314 est

77 5354 232 5447 corporis
249 5344 403 5421 humani
419 5366 493 5415 esse
509 5343 660 5421 dicatur.
684 5392 688 5398 -
1112 5340 1233 5416 iubae
1250 5345 1521 5436 significatione,
1547 5375 1626 5422 cnm
1650 5347 1826 5444 deAiace
1853 5349 1986 5439 inquit:
2020 5343 2090 5412 Pa-

267 1810 404 1876 Portes
425 1807 631 1876 exteriores
656 1809 697 1876 in
725 1803 846 1877 dorso.

164 1966 200 2041 E
218 1968 364 2062 r‘egione
379 1966 532 2059 thoracis
546 1968 699 2042 Dorsum
718 1986 789 2060 est,
813 1977 949 2046 νῶτον.
