4538 5754
88 263 176 340 ‚oso
353 261 357 268 ’
530 249 531 252 ‘
669 252 732 329 rx.
782 247 1147 329 couuunranu
1171 251 1223 324 m
1247 212 1491 326 rsanuos.
1637 253 1643 269 ’
1722 203 1782 335 s
1985 241 2082 317 roso

88 452 256 505 oansuras
272 452 365 515 esse,
390 450 472 499 cum
494 421 608 494 aDeo
625 436 781 514 petemus
801 420 1055 493 defensionem.
1103 446 1184 493 vere
1199 422 1310 493 vincit
1325 422 1486 492 omniurn
1496 419 1641 492 Petrum
1663 419 1839 499 miserias,
1865 432 1900 490 et
1915 416 2015 488 cuius
2031 415 2086 486 vi·
2175 471 2178 476 .

88 533 321 607 disericordia
353 526 535 610 altissimi,
561 525 700 616 inquit,
731 536 824 613 teget
856 522 1054 614 principem
1104 525 1213 593 ctoria
1227 524 1384 595 restituit
1396 524 1504 593 vitam
1519 537 1708 594 aeternam.
1750 520 1866 590 Multa
1882 521 1989 590 verba
2008 541 2085 587 ma·

88 662 118 708 te
132 646 334 717 evertatur,
359 653 433 698 non
451 626 641 710 exercitus,
666 648 741 693 non
765 625 973 714 magnitudo
994 646 1057 712 pe·
1103 625 1156 715 gis
1180 638 1380 713 congruunt
1402 626 1446 693 ad
1472 619 1656 693 historiam
1677 618 1828 707 Christi,
1854 644 1960 715 quam
1974 616 2086 688 Davi·

88 737 217 816 unire,
247 758 323 805 non
343 731 538 803 amicorum
562 726 767 796 coniunctio
795 740 858 797 aut
879 725 1056 795 sociorum
1104 727 1170 800 dis.
1222 725 1293 797 Sed
1315 740 1433 796 tamen
1457 739 1492 795 et
1513 722 1630 795 David
1655 748 1749 815 pene.
1775 724 1905 794 similia
1937 720 2086 813 patitur:

88 841 228 910 aedera.
1104 851 1169 896 nec
1186 828 1294 895 nimis
1310 827 1414 896 anxie
1429 828 1473 895 de
1488 826 1708 915 singulorum
1735 827 1923 895 verborum
1946 845 2086 892 accom-

173 937 289 1007 Versu
308 932 500 1006 undecimo
526 950 663 999 causam
686 927 811 998 recitat
833 949 943 1020 quare
958 923 1056 996 Deus
1103 930 1307 1013 modatione
1330 930 1485 1019 disputo.
1535 927 1628 998 Satis
1648 940 1701 999 est
1725 926 1763 994 in
1786 948 1922 996 summa
1944 918 2012 992 boc
2033 935 2086 993 te·

88 1062 175 1130 »pem
191 1041 299 1121 ierat,
324 1035 409 1129 quia
422 1028 541 1102 hostes
557 1030 732 1100 iustorum
747 1043 780 1098 et
799 1027 939 1118 piorum
953 1028 1056 1119 priu—
1105 1052 1205 1113 nere,
1231 1029 1383 1099 describi
1407 1025 1464 1096 bic
1488 1030 1684 1125 passionem
1701 1022 1837 1099 Christi
1858 1040 1893 1096 et
1906 1023 2083 1095 victorias.

88 1143 190 1232 ipum
221 1140 380 1207 inierunt
409 1133 544 1204 bellum
577 1153 651 1198 non
674 1126 881 1198 bominibus
905 1141 1055 1212 tantum,
1104 1130 1175 1199 Nec
1198 1131 1455 1199 excludendum
1482 1153 1555 1198 esse
1580 1130 1769 1213 Davidem,
1802 1128 1886 1221 quia
1911 1141 2021 1224 typus
2041 1124 2087 1195 sit

88 1245 132 1311 ed
147 1238 236 1310 Deo.
287 1231 538 1313 Proiscarunt,
562 1231 698 1323 inquit,
728 1226 1054 1324 superismalum.
1103 1226 1247 1304 Christi.
1302 1230 1520 1300 Tristissima
1544 1223 1651 1324 πάθη
1669 1243 1770 1314 suut,
1804 1229 1900 1320 quod
1925 1226 2087 1324 queritur

88 1346 183 1411 ldest
197 1341 305 1429 igitur
320 1337 438 1416 Deus,
464 1358 510 1403 ne
528 1334 573 1402 ab
592 1331 711 1422 impiis
737 1346 772 1401 et
786 1331 949 1423 superbis
969 1353 1056 1400 rou·
1104 1356 1139 1401 se
1159 1334 1321 1402 relictum
1335 1356 1407 1402 csse
1421 1355 1441 1400 a
1456 1329 1550 1414 Deo,
1576 1345 1609 1401 et
1623 1333 1720 1424 quod
1738 1354 1813 1399 nou
1831 1330 2003 1399 liberetur
2016 1327 2084 1396 sic·

88 1441 206 1512 'armari
229 1442 323 1510 sinat
343 1435 562 1537 Epicureum
594 1445 826 1516 contemtum,
857 1445 898 1501 ut
919 1432 958 1499 in
985 1430 1055 1500 alio
1104 1447 1143 1502 ut
1164 1432 1304 1522 Patres,
1336 1434 1427 1502 sicut
1449 1428 1653 1517 Abraham,
1680 1432 1804 1518 Iacob,
1837 1425 1965 1522 loseph
1993 1428 2086 1500 libe·

88 1541 212 1612 'salmo
228 1540 376 1610 dicitur:
399 1536 454 1607 Ne
473 1535 617 1627 quando
633 1532 771 1616 dicant,
796 1533 870 1603 Ubi
891 1545 941 1601 est
960 1531 1055 1602 Deus
1103 1534 1171 1604 rati
1183 1549 1289 1622 sunt,
1316 1558 1362 1603 ne
1379 1535 1670 1605 interficerentur.

88 1645 223 1713 ⁰¹¹¹m?
273 1636 322 1709 El
337 1637 457 1708 E⁸³l³⁵
472 1635 537 1705 48·
552 1635 665 1724 ⁰³Pl¹⁰
687 1634 790 1704 dicit:
818 1633 967 1722 l'f0l'll'r
989 1657 1055 1702 ¹¹⁰·
1204 1644 1464 1741 Argumentum
1488 1652 1626 1742 insigne
1646 1651 1832 1735 inseritur,
1857 1662 1892 1720 et
1913 1651 1957 1719 ad
1981 1649 2085 1718 fidem

88 1765 153 1813 ⁰⁰¹¹
169 1765 288 1811 meum
312 1741 417 1829 ¹⁰¹¹S⁰
438 1737 563 1806 simiam
577 1736 734 1806 summm
751 1759 887 1819 meum,
914 1747 1056 1824 ΡΐθΡῑθῑ
1103 1753 1321 1824 excitandam
1344 1754 1499 1842 insigne,
1523 1757 1618 1848 quod
1645 1754 1714 1838 ait,
1740 1775 1776 1820 se
1800 1751 1884 1820 inde
1905 1773 2017 1844 usque
2045 1773 2086 1818 ex

88 1866 144 1923 le»
171 1856 316 1934 Pfflpm
337 1864 392 1910 ¹¹¹0
416 1838 572 1935 ficiam).
594 1848 635 1905 ¹¹²
658 1859 732 1904 ¹¹⁰⁰
751 1831 995 1928 b¹³¹⁸l'l¹‘³¹¹¹‘'·fa
1022 1849 1055 1905 ⁰¹
1103 1869 1204 1923 utero
1235 1855 1358 1923 matris
1385 1879 1404 1923 a
1430 1853 1504 1922 Deo
1526 1870 1701 1925 servatum
1726 1867 1761 1923 et
1786 1854 1968 1922 defensum
2001 1873 2086 1924 esse.
2148 1862 2150 1867 ’

90 1944 219 2014 loriam
250 1965 364 2010 meam
386 1938 486 2010 alteri
522 1961 596 2006 ¹¹0ss
626 1937 731 2005 dab&
790 1934 893 2005 Hinc
917 1958 1054 2006 iamim
1103 1953 1155 2026 lta
1174 1958 1396 2046 superiorum
1421 1956 1674 2026 liberationum
1695 1953 1892 2026 recordatio
1919 1952 2087 2022 exuscitet

88 2044 146 2114 ico
173 2056 210 2112 et
240 2066 307 2112 nos
329 2041 368 2109 iu
390 2039 653 2131 precationibus
670 2039 839 2107 adversus
865 2036 1055 2106 'l'urcicam
1104 2070 1140 2127 ,g
1156 2055 1342 2126 confirmat
1359 2057 1476 2128 fidem,

88 2143 314 2217 mdemmm
328 2156 364 2213 Εἰ
377 2144 467 2212 ³5⁰⁸
480 2153 651 2234 lyranum
666 2158 920 2231 9¹⁰P⁰¹¹⁸¹¹¹¹¹⁸‘
1206 2170 1318 2241 Versu
1341 2173 1507 2243 vicesimo
1530 2174 1683 2243 secundo
1713 2173 1875 2244 incoatur
1893 2171 2086 2262 gratiarum

215 2346 552 2440 Araricum
578 2362 631 2412 00
658 2339 916 2432 discussio
1102 2287 1276 2459 lita?
1284 2275 2086 2462 attilii'Titlllilttlblii

225 2449 226 2452 Ἴ
408 2473 567 2557 Psalmi
592 2471 734 2556 XXII.
1103 2499 1306 2576 possumus,
1331 2489 1372 2546 ut
1392 2499 1493 2568 saepe
1512 2475 1599 2546 alias
1619 2473 1752 2545 Psalmi
1773 2479 1920 2547 eandem
1944 2487 2085 2544 senten·

1103 2579 1187 2647 tiam
1204 2591 1385 2676 repetunt:
1410 2576 1492 2647 Non
1514 2576 1646 2647 moriar
1667 2580 1728 2647 sed
1745 2579 1881 2658 vivam,
1908 2591 1942 2648 et
1959 2597 2084 2645 narra·

1103 2682 1148 2751 bo
1163 2703 1269 2770 opera
1285 2676 1444 2747 Domini.
1493 2677 1618 2747 Postea
1637 2693 1835 2771 sequuntur
1856 2677 2020 2748 vaticinia
2038 2677 2085 2744 de

1104 2781 1174 2851 vita
1202 2794 1356 2849 aeterna.
1413 2776 1522 2848 Vivet
1548 2803 1610 2848 cor
1637 2795 1794 2850 vestrum
1822 2781 1863 2848 in'
1888 2793 2083 2849 aeternum.

1102 2879 1149 2952 Et
1164 2881 1209 2950 de
1224 2879 1431 2949 collectione
1447 2877 1642 2950 Ecclesiae:
1668 2878 1931 2952 Convertentur
1945 2882 1991 2949 ad
2008 2875 2084 2947 Do·

140 3068 142 3072 ‚
167 2955 330 3074 Precatio
351 2967 403 3026 est
413 2955 573 3072 petentis
601 2944 848 3072 liberationem
880 2952 918 3072 {¹1
940 2952 1053 3021 mxl·
1102 2983 1239 3052 minum
1254 3004 1376 3051 omnes
1390 2979 1476 3050 fines
1496 2992 1618 3057 terrae.
1671 2979 1779 3053 ltem:
1802 2980 1940 3073 Populo
1964 2979 2083 3070 genito

88 3060 135 3129 sis
147 3080 327 3127 aerumnis
352 3070 389 3127 et
409 3080 450 3123 rn
476 3069 608 3140 morte,
632 3070 667 3125 et
682 3050 788 3126 habet
805 3069 916 3124 trustra
930 3049 1050 3148 πάθη,
1101 3107 1207 3177 quem
1221 3083 1315 3159 feci,

88 3160 198 3252 pibus
213 3160 350 3228 confert
366 3180 447 3226 suas
461 3157 670 3226 afflictiones
686 3181 765 3225 cum
793 3169 931 3247 patrum
948 3179 1051 3225 aeru-

88 3261 177 3343 snis,
203 3272 239 3332 et
253 3260 414 3352 queritur
429 3281 509 3328 suas
525 3281 599 3327 esse
617 3259 781 3328 maiores.
836 3254 974 3326 Deinde
994 3279 1051 3325 se·

88 3363 190 3431 uitur
203 3362 396 3449 gratiarum
417 3359 508 3428 actio
527 3383 590 3450 pro
608 3358 835 3444 liberatione,
861 3372 894 3427 et
910 3349 1049 3426 addun-

88 3487 124 3532 ur
137 3462 283 3531 effectus
297 3461 488 3551 gratiarum
512 3460 680 3540 actionis,
705 3460 802 3552 quod
824 3473 859 3530 et
877 3454 939 3527 ha's
959 3460 1049 3528 libe·
1418 3452 1577 3535 Psalmi
1603 3452 1768 3536 XXlll.

88 3562 220 3633 stiones
241 3563 480 3632 celebraturus
501 3560 566 3643 sit,
598 3574 763 3631 ettotam
783 3560 981 3629 doctrinam
1004 3560 1048 3629 de

88 3660 226 3734 leolate
240 3675 516 3753 propagaturus,
544 3686 614 3754 quo
631 3661 746 3730 officio
768 3661 979 3730 collecturus
1002 3661 1050 3731 sit

88 3781 242 3838 eternam
257 3759 470 3846 Ecclesiam,
492 3763 687 3856 etquidem
703 3762 798 3833 inter
814 3774 948 3852 gentes,
964 3763 1048 3856 quia
1199 3761 1316 3833 David
1344 3765 1415 3853 agit
1440 3765 1569 3853 gratias
1587 3759 1672 3832 Deo
1691 3787 1757 3855 pro
1777 3763 1994 3845 nutritione,
2018 3762 2082 3829 de·

88 3879 224 3938 storum
245 3864 292 3933 sit
311 3878 352 3935 ut
366 3861 442 3934 Deo
466 3877 628 3932 nascatur
649 3887 764 3932 uovus
779 3863 943 3960 populus.
996 3861 1047 3933 lta
1098 3865 1260 3935 lensione
1295 3877 1330 3935 et
1361 3866 1636 3953 gubernatione,
1671 3866 1861 3935 adfirmans
1892 3859 1978 3933 haec
2007 3883 2081 3932 esse

88 3991 101 4036 s
141 3966 212 4035 fine
240 3965 454 4035 vaticinatur
484 3965 530 4033 de
569 3965 820 4062 propagatione
851 3961 1048 4053 Evangelii,
1101 3967 1266 4036 beneficia
1282 3963 1369 4035 Dei:
1397 3978 1433 4035 et
1453 3966 1560 4036 simul
1582 3967 1670 4058 petit
1685 3961 1771 4037 hacc
1795 3969 1888 4037 boua
1914 3965 2080 4054 deinceps

88 4067 202 4137 evita
226 4078 387 4150 aeterna,
412 4077 447 4135 et
470 4067 514 4133 de
531 4067 714 4134 vocatione
731 4063 914 4137 Gentium.
964 4061 1048 4135 Est·
1097 4068 1167 4137 sibi
1194 4067 1315 4139 tribui.
1377 4065 1491 4138 Addit
1521 4081 1646 4139 autern
1670 4092 1810 4139 causam
1842 4066 2080 4158 impulsivam,

88 4193 132 4240 ue
150 4189 301 4259 persona
324 4167 490 4259 loquens,
514 4160 688 4237 Christus.
741 4165 830 4235 Nam
852 4166 958 4234 etiam
975 4166 1048 4237 Da·
1098 4193 1166 4262 qua
1190 4169 1325 4238 moveri
1346 4166 1460 4237 Deum
1484 4182 1579 4255 orat,
1604 4185 1645 4240 ut
1664 4165 1751 4239 haec
1772 4182 1867 4239 tanta
1890 4170 1983 4238 bona
2006 4166 2112 4233 lar·⁴

87 4269 123 4340 id
139 4271 388 4361 desequoque
403 4266 581 4359 loquitur,
607 4281 643 4338 et
662 4267 791 4337 similia
813 4266 963 4358 patitur,
989 4282 1043 4336 ta·
1098 4272 1230 4360 giatur,
1263 4270 1428 4339 videlicet
1450 4266 1543 4340 banc
1567 4295 1657 4365 quae
1682 4284 1881 4339 recensetur
1906 4270 1944 4336 in
1967 4266 2079 4336 versi-

88 4394 143 4441 teu
165 4368 230 4439 scit
244 4390 325 4437 suas
339 4369 551 4439 afflictiones
575 4381 610 4438 et
627 4367 854 4439 liberationes
875 4368 1045 4457 imagines
1097 4371 1177 4441 culo
1200 4371 1321 4442 tertio:
1355 4363 1510 4466 Propter
1535 4394 1664 4441 nomen
1687 4378 1790 4439 tuum
1811 4391 1916 4438 serva
1940 4376 1972 4437 et
1998 4389 2078 4461 rega
2184 4444 2187 4449 ,

88 4470 381 4545 sscsfflictionum
406 4469 681 4539 etvictoriarum
699 4465 854 4558 Christi,
880 4493 968 4562 quas
991 4493 1046 4541 se·
1096 4466 1297 4545 nosDeus.
1350 4470 1468 4561 Quam
1484 4473 1709 4543 obcausami
1740 4471 1834 4541 Num
1853 4483 2078 4563 proptcrno-
2151 4496 2154 4500 ⁴
2257 4534 2265 4543 .

88 4586 186 4644 stura
200 4583 276 4642 erat
292 4567 478 4660 Evangelii
502 4571 708 4668 propagatio
734 4584 769 4641 et
790 4570 951 4641 collectio
973 4569 1046 4643 Ec·
1096 4587 1167 4643 stra
1180 4573 1331 4644 merita?
1368 4571 1483 4655 Non,
1510 4577 1571 4644 sed
1587 4586 1732 4666 propter
1745 4596 1876 4642 nomeu
1891 4586 2012 4656 tuum,
2038 4571 2076 4640 id

89 4675 198 4757 asiae.
247 4668 295 4742 Et
316 4667 411 4742 hunc
428 4671 606 4741 Psalmum
629 4673 752 4743 recitat
771 4669 909 4758 David,
933 4673 1045 4762 signi·
1096 4688 1165 4760 est,
1191 4698 1237 4745 ue
1263 4688 1362 4746 tuum
1380 4700 1511 4745 nomen
1532 4679 1626 4767 apud
1643 4672 1837 4766 Epicureos
1860 4673 2076 4747 contumelia

88 4797 166 4847 sans
191 4786 383 4843 venturum
397 4770 575 4845 Christum
597 4774 725 4842 similia
750 4795 934 4865 passurum
957 4797 1043 4857 esse,
1095 4777 1291 4868 adficiatur,
1318 4777 1379 4871 qui
1393 4777 1433 4843 in
1446 4777 1703 4848 calamitatibus
1720 4778 1861 4869 piorum
1877 4777 2074 4848 clamitant:

102 4889 228 4970 postea
253 4874 442 4946 liberatum
466 4899 506 4944 ar
528 4869 805 4965 triumphantem
829 4889 1044 4966 propagatu-
1095 4875 1166 4950 Ubi
1180 4891 1232 4949 est
1245 4875 1342 4947 Deus
1357 4877 1503 4946 eorum?
1546 4876 1597 4950 Ut
1611 4879 1721 4968 igitur
1733 4879 1991 4949 convincantur
2007 4877 2075 4945 im-

88 5003 136 5050 un
159 4999 236 5046 esse
250 4971 503 5066 Evangelium,
533 4978 701 5046 daturum
721 4976 830 5046 vitam
853 4989 1041 5064 aeternam,
1094 4979 1145 5069 pii
1160 4983 1256 5074 quod
1272 4980 1437 5048 exaudias
1459 4992 1493 5049 et
1507 5002 1622 5050 serves
1639 5004 1720 5067 nos,
1747 5006 1792 5049 ue
1808 4982 1885 5050 sine
1898 5002 1963 5050 uos
1977 4978 2074 5048 dele-

98 5079 337 5152 collecturom
350 5074 543 5147 Ecclesiam
566 5079 660 5148 inter
681 5091 802 5167 gentes
818 5092 883 5150 etc.
937 5079 1042 5149 Con·
1091 5081 1141 5150 ri:
1178 5080 1278 5151 Tuae
1303 5080 1453 5151 noticiae
1475 5095 1509 5152 ct
1529 5096 1609 5152 tuae
1632 5083 1764 5173 gloriae
1777 5083 1981 5152 defensione
1997 5104 2075 5151 mo·

88 5181 151 5253 uit
165 5179 276 5268 igitur
294 5177 424 5248 Psalmi
443 5179 599 5248 recitatio
616 5177 746 5249 Davidi
770 5193 814 5254 ut
831 5194 915 5274 typo
928 5181 1040 5273 signi·
1091 5182 1221 5266 vearis,
1247 5194 1288 5260 ut
1302 5183 1406 5252 nobis
1425 5206 1527 5274 opem
1543 5184 1654 5276 seras,
1680 5184 1772 5256 sicut
1795 5181 1920 5254 Esaiae
1933 5180 1993 5254 48.
2016 5181 2073 5252 di-

88 5280 174 5355 enti
198 5277 387 5349 venturum
413 5277 616 5364 Christum,
640 5295 676 5350 at
691 5277 852 5366 Christo,
878 5297 917 5352 ut
939 5306 1040 5372 prae-
1090 5283 1199 5353 citur:
1245 5282 1395 5376 Propter
1416 5308 1489 5370 me,
1514 5299 1659 5377 propter
1678 5310 1734 5355 me
1757 5286 1904 5376 faciam,
1935 5298 2072 5356 utnon

88 5396 156 5482 pue
185 5381 347 5452 membro
374 5379 570 5467 Ecclesiae,
603 5381 677 5453 imo
712 5382 768 5452 illi
795 5384 895 5454 cuius
923 5384 1037 5478 passio
1088 5379 1333 5478 blasphemer,
1366 5398 1401 5457 et
1428 5386 1578 5478 gloriam
1608 5410 1724 5459 meam
1744 5387 1847 5458 alteri
1871 5409 1946 5457 non
1966 5384 2072 5455 dabo.
2139 5375 2142 5383 ’
2235 5400 2238 5406 ·

115 2624 223 2693 Deris
242 2643 365 2708 meus,
397 2621 502 2690 Deus
522 2640 649 2706 meus,
683 2634 800 2708 quare
832 2637 891 2685 nse
920 2612 1054 2686 dereti-

116 2719 258 2816 quisti?
282 2727 409 2816 Lonpe
429 2742 453 2790 α
468 2721 592 2791 solute
604 2740 690 2789 meu
708 2714 812 2806 uber,
831 2725 868 2786 et
887 2739 912 2788 u
931 2712 1053 2788 uerbis

116 2827 271 2920 rugitus
285 2827 379 2913 mei,
406 2830 480 2891 etc.

1246 3322 1584 3417 Argumentum
1611 3344 1663 3392 uc
1688 3289 1945 3415 dispositio

1148 3616 1335 3687 Dominus
1345 3624 1481 3706 pastor
1494 3638 1616 3705 saeua,
1632 3612 1838 3687 uibil'milsi
1854 3613 1991 3700 deerit,
2012 3617 2081 3688 stc.
