1208 1813
108 253 156 271 1³³1

106 296 182 320 pretatio
189 296 262 313 fortasse
269 295 334 313 clarius
345 294 404 312 reddit
415 293 531 315 sententiam,
544 293 603 317 loqui-

106 326 136 340 tur
147 322 195 339 enim
208 321 231 339 de
243 320 328 338 omuibus
337 319 438 338 actionibus
446 319 465 337 in
474 319 519 339 vita,
534 319 601 337 tametsi

107 348 122 365 si
135 347 175 371 quis
187 346 255 364 mavult
265 345 358 368 angustius
369 345 469 368 intelligere
480 345 503 362 de
515 345 601 365 doctrine¹

107 376 138 391 aut
146 372 269 393 sermonibus,
282 377 302 389 ae
310 371 387 389 retinere
394 371 448 388 verba
459 370 533 388 usitatae
544 374 601 388 trans·-

107 398 189 418 lationis,
203 403 241 415 uon
248 397 300 414 valde
308 402 393 420 repugno.
420 396 456 414 Sed
468 399 560 419 postquam
571 401 601 413 su-

107 430 138 447 pra
146 424 168 441 de
175 422 297 441 misericordia
304 425 322 440 et
331 422 442 440 mutuatione
452 421 546 445 praecepit,
553 427 601 439 nnnc

106 449 167 467 adiicit
179 448 260 471 generale
270 451 391 471 praeceptum,
408 447 527 470 complectens
540 453 601 465 omnes

106 475 149 492 alias
157 475 245 495 actiones,
258 473 333 497 requirit
342 473 361 490 in
369 473 453 491 omnibus
460 473 538 495 negociis
549 473 601 491 iusti-

106 501 151 518 ciam
157 514 162 521 ,
175 506 195 517 ae
204 498 288 523 probibet
295 499 366 516 fraudes
374 502 391 516 et
400 499 511 521 imposturas.

157 525 224 543 Eamus
232 525 286 547 igitur
294 524 375 542 ordinem
383 530 415 547 per
421 524 531 546 decalogum.
547 523 601 541 Prae·

106 551 158 574 cipue
166 549 249 574 probibet
258 549 371 573 sophisticam
378 553 396 567 et
402 549 547 572 depravationem
559 549 599 571 piae

106 576 204 594 doctrinae.
230 575 274 593 Nam
282 575 301 593 id
309 578 399 598 peecatum
408 578 434 593 est
441 575 517 592 maxime
521 574 601 597 vulgare,

106 605 123 619 et
131 602 212 619 omnium
222 601 373 619 nocentissimum.
398 600 423 618 Et
431 604 490 618 tamen
500 600 570 618 fraudes
580 600 600 617 in

105 626 139 645 hoc
151 633 214 650 genere
226 626 317 644 difficilius
329 625 440 649 deprehendi
450 629 530 649 possunt.
560 625 599 643 lmo

106 652 143 673 illi,
159 652 190 677 qui
206 652 311 675 impiissime
325 655 442 675 corrumpunt
457 651 566 673 doctrinam,
582 654 600 669 et

105 681 147 696 sunt
158 678 259 696 defensum
271 678 367 701 impiarum
377 677 482 700 opinionum
490 680 506 695 et
514 677 600 698 cultuum,

105 709 157 728 saepe
164 702 231 721 habent
239 708 326 721 summam
338 703 413 726 speciem
424 702 521 726 sapientiae
532 706 549 720 et
561 702 600 727 pie-

105 729 152 750 tatis,
164 729 210 747 sicut
218 729 261 746 olim
273 727 450 751 Pseudopmpbetae,
463 732 480 746 et
487 734 535 745 nunt
543 727 600 752 hypo-

105 755 164 776 critae,
168 754 260 778 pontifices
264 757 281 772 et
286 752 375 774 monachi,
383 754 413 777 qni
419 753 599 771 adversantur-Evan-

105 780 158 802 gelio.
183 779 225 797 Dixi
233 785 295 803 supra,
308 778 353 797 banc
362 785 398 797 esse
405 780 508 797 concionem
517 779 539 796 de
547 779 599 797 bonis

104 805 199 828 operibus,
215 805 348 823 observandum
362 808 388 822 est
404 805 468 827 igitur,
485 810 530 828 quae
546 810 599 827 opera

105 831 189 854 requirat.
219 830 263 848 Non
282 833 350 848 tantum
365 830 432 853 flagitat
447 829 521 847 honesta
536 830 600 851 officia,

105 862 150 879 quae
157 859 217 879 gentes
226 856 339 878 intelligunt,
352 859 369 873 et
378 859 467 878 praestare
475 858 555 878 possunt,
567 856 597 873 sed

104 882 157 899 etiam
164 881 240 902 maiora,
253 887 298 905 quae
305 881 328 899 ad
338 880 407 899 cultum
413 880 447 898 Dei
454 881 553 904 pertinent,
565 880 600 899 sci-

104 907 145 925 licet
156 907 175 924 iu
190 907 308 928 confusione,
321 910 339 924 et
350 906 369 924 in
380 907 461 924 docendo
474 906 565 924 veritatem
578 913 599 924 ae

104 933 212 954 libertatem,
229 938 251 950 ue
263 936 293 950 aut
305 938 337 955 per
347 931 461 955 sophisticam
474 935 599 955 corrumpatur

104 958 195 979 doctrina,
214 961 245 976 aut
263 957 405 975 dissimulatione
422 958 509 975 obruatur
528 957 599 979 veritas,

102 984 148 1001 sieut
159 983 190 1001 alii
202 983 277 1001 tacendo
288 983 367 1006 produnt
378 983 480 1004 veritatem,
493 986 524 1000 aut
533 983 598 1000 confir-

103 1013 153 1027 mant
160 1014 229 1027 errores
238 1015 275 1026 non
287 1007 364 1031 inge'nue
371 1014 391 1026 ac
400 1008 490 1031 perspicue
497 1008 599 1030 refutando,

102 1035 134 1051 alii
147 1034 251 1057 simpliciter
265 1040 320 1052 novas
334 1037 352 1051 et
363 1033 427 1056 impias
439 1034 533 1057 opiniones
548 1039 598 1057 spar-

102 1063 152 1081 gunt.
177 1059 215 1077 Hos
222 1065 284 1077 omnes
291 1060 364 1077 damnat
371 1058 401 1077 bie
410 1058 499 1079 Paalmus,
512 1065 553 1076 cum
565 1059 598 1077 ait:

102 1084 167 1103 Beatos
173 1091 210 1103 esse
218 1091 257 1107 eos,
270 1085 302 1108 qui
309 1085 355 1103 iuste
363 1084 489 1102 administrant
500 1090 532 1102 sua
543 1090 598 1107 nego-

102 1111 135 1129 cia.
161 1110 208 1133 Ergo
220 1114 302 1134 peceant,
320 1110 351 1134 qni
367 1116 404 1128 non
419 1110 484 1128 docent
495 1110 550 1131 iuste,
566 1114 598 1128 aut

101 1142 137 1153 non
146 1136 192 1154 iuste
199 1136 312 1154 confitentur.

151 1161 229 1179 Plurimi
235 1160 269 1179 boc
277 1165 355 1185 tempore
363 1165 425 1179 contra
433 1161 559 1179 conscientiam
566 1167 597 1179 oc-

101 1187 169 1205 cultant
177 1187 269 1205 veritatem
278 1190 295 1204 et
303 1187 428 1204 adsentiuntur
435 1187 522 1209 impietati
531 1190 549 1204 et
556 1192 595 1204 sae-

100 1213 154 1230 vitiae
163 1216 287 1236 tyrannorum.
311 1212 335 1230 Et
343 1211 386 1230 baec
394 1212 513 1230 dissimulatio
523 1212 558 1229 iam
567 1217 595 1229 sa-

100 1238 166 1261 pientia
182 1238 269 1262 quaedam
284 1237 418 1259 esse⁴dueitnr,
435 1243 511 1261 cumque
525 1241 595 1255 tantum

99 1267 205 1281 moveantur
217 1263 273 1286 gratia
287 1262 392 1284 bominum,
408 1266 513 1286 praetexunt
524 1263 595 1285 publica

99 1289 189 1312 pericula,
202 1289 265 1307 dicunt
272 1295 293 1306 ex
301 1288 431 1307 mutationibus
443 1288 488 1306 oriri
499 1288 595 1306 seditiones

100 1318 117 1332 et
125 1318 190 1332 motus.
216 1314 252 1332 Sed
260 1312 292 1332 has
300 1314 451 1332 dissimulationes
459 1313 508 1331 Deus
516 1312 595 1331 horribi-

100 1340 148 1358 libus
167 1339 259 1363 suppliciis
278 1340 350 1364 puniet,
376 1340 421 1358 sicut
439 1339 498 1363 inquit
512 1338 595 1357 Christus

99 1364 165 1384 Mattb.
178 1365 215 1383 m:
232 1364 270 1388 Qui
283 1365 354 1388 negabit
369 1371 398 1383 me
411 1371 472 1383 eoram
485 1363 594 1386 bominibus,

100 1391 168 1414 negabo
176 1397 216 1408 eum
224 1397 284 1409 eoram
292 1394 341 1414 patre
348 1391 429 1411 coelesti,
443 1394 460 1409 et
466 1390 554 1409 Marma:
562 1390 593 1408 Fi-

99 1416 135 1434 lius
148 1415 228 1434 bominis
242 1416 339 1434 confundet
353 1422 400 1434 eum.
425 1415 450 1434 Et
464 1415 541 1434 Roman.
555 1416 593 1434 10.:

99 1441 191 1460 Confessio
205 1442 225 1459 fit
235 1442 258 1459 ad
269 1442 349 1460 salutem.
375 1441 435 1464 Quam
445 1441 497 1460 multi
507 1447 555 1460 nunc
563 1441 593 1459 in-

98 1471 167 1486 tersunt
174 1467 288 1490 pontificum,
300 1473 362 1490 regum
371 1470 388 1485 et
395 1467 497 1491 principum
505 1467 593 1485 delibera-

99 1492 191 1511 tionibus?
203 1492 234 1517 qui
242 1496 303 1510 eontra
311 1493 437 1511 conscientiam
446 1496 523 1511 tacentes
530 1499 592 1510 eorum

98 1519 207 1542 impietatem
216 1521 233 1536 et
240 1518 363 1536 crudelitatem
374 1519 489 1541 confirmant,
506 1518 552 1536 sicut
560 1518 593 1536 od-

97 1544 182 1562 iuvabant
192 1544 359 1562 condemnationem
367 1543 439 1562 Naboth
450 1544 501 1567 impii
513 1547 565 1562 testes
576 1547 593 1562 et

402 249 467 270 rum.
480 249 539 269 MRL.
556 245 663 269 semera
679 249 831 269 EanETmA.

1079 252 1123 271 1³³2

628 293 702 313 iudices.
727 293 752 312 Et
763 293 847 312 Miebeae
858 294 876 313 7.
893 294 974 312 minatur
985 293 1037 313 Deus
1053 301 1122 318 poenam

628 318 656 337 bis
665 319 799 341 adulatoribus,
812 326 853 338 eom
863 320 897 338 ait:
910 320 996 343 Princeps
1009 320 1097 344 postulat,
1108 324 1122 339 a

628 345 681 363 iudex
692 345 792 363 assentitur.
823 345 861 363 Alii
873 349 932 369 aperte
944 349 1054 369 oppugnant
1064 346 1122 364 veriu-

628 373 663 388 tem
674 375 735 388 contra
750 371 887 393 conscientiam,
903 372 925 389 de
937 372 1004 395 quibua
1015 372 1062 389 dicit
1071 370 1121 390 01πί-

627 399 673 414 stus:
686 396 724 419 Qui
731 396 795 414 dixerit
807 395 935 420 blasphemiam
948 397 968 414 in
981 396 1074 420 Spiritum
1085 403 1120 415 san-

627 425 684 443 ctum,
697 428 734 439 non
744 422 844 440 remittetur
852 422 873 440 ei.
894 422 930 440 Nee
941 425 967 440 est
975 422 1054 445 exiguus
1064 429 1119 441 nnme-

627 453 657 465 rus
665 447 737 469 talium,
749 448 852 471 praesertim
862 447 895 466 boc
903 452 988 471 tempore.

678 476 726 495 Haec
735 477 814 495 breviter
822 477 929 501 perstrinxi,
940 480 961 495 ut
971 477 1032 495 lector
1044 478 1117 495 admoui·

627 506 655 520 tus
662 503 735 525 cogitet,
746 502 766 520 in
777 501 812 521 boe
824 509 876 521 versu
885 502 962 523 Psalmi.
975 503 1037 521 multo
1045 503 1094 526 plura
1104 506 1116 521 et

627 528 694 546 maiora
705 534 758 551 opera
772 529 848 552 requiri,
859 534 912 553 quam
926 528 987 546 civilia
996 529 1064 547 officia.
1089 528 1116 546 Ne-

626 559 673 571 cesse
686 557 712 571 est
723 554 771 571 enim
783 560 792 571 a
802 554 859 577 prima
868 554 929 572 tabula
938 554 1002 571 ordiri.
1030 553 1083 572 Nunc
1092 560 1115 572 ve-

626 578 657 596 nio
665 579 687 597 ad
694 579 796 598 secundam.

676 608 718 627 Non
727 609 853 627 administrant
860 609 932 632 negocia
939 615 972 627 sna
980 609 1029 627 inste
1037 609 1114 632 prinneps.

626 634 657 658 q'ni
672 640 710 652 non
724 638 771 652 recte
781 639 855 658 regunt,
871 641 904 653 nee
919 634 1021 652 defendunt
1037 634 1114 655 subditos¹

625 660 656 684 qui
664 664 745 678 exercent
757 660 842 678 iniustam
854 661 955 681 saevitiam,
967 660 1000 683 qui
1008 663 1114 678 onerantem

625 686 697 704 iniustis
714 686 862 709 expilationibus,
882 686 913 710 qui
927 685 1028 703 infideliter
1043 688 1114 703 exercent

625 711 696 729 iudicia.

676 741 720 759 Item
727 741 768 762 alii,
782 741 813 765 qui
822 747 859 759 nou
867 741 942 759 fideliter
953 741 1079 764 obtemperant
1088 746 1113 758 m-

625 767 735 790 petioribus,
752 773 789 785 non
801 766 875 785 honeste
887 770 960 789 regunt,
978 773 1013 784 nes:
1026 767 1113 785 instituunt

624 793 710 814 familias,
725 793 757 816 qui
771 791 838 810 babent
850 792 920 810 animos
935 796 1034 815 occupatos
1049 791 1112 815 privatis

624 818 680 840 odiis,
691 822 709 836 et
717 821 789 841 propter
796 818 827 836 illa
835 818 908 836 turbant
915 817 1016 835 Ecclesiam
1025 821 1043 836 et
1051 817 1112 840 Repo-

624 844 689 864 blicas,
701 844 732 867 qui
739 843 824 867 polluunt
832 850 850 861 se
855 843 973 864 libidinibus,
981 843 1015 866 qui
1023 843 1092 861 fraudes
1097 843 1111 860 in

624 869 744 887 contractibus
755 872 837 890 struunt,
850 869 881 893 qui
892 868 911 886 in
922 868 994 886 indiciis
1005 867 1111 892 sophistium

624 898 711 913 exercent.

674 924 698 943 Et
711 924 776 942 horum
784 924 869 943 vitiorum
878 924 947 942 infinita
955 927 982 942 est
990 924 1074 942 varietas.
1094 922 1109 940 ln

623 950 663 969 aliis
672 954 699 968 est
705 950 809 968 manifestus
817 950 867 968 soror
872 963 876 971 ,
883 953 903 967 ut
911 950 931 967 in
938 949 993 967 Saule
1000 949 1110 967 interficiente

623 976 729 994 sacerdotes:
745 975 789 993 alias
800 974 904 999 hypocritae
918 975 985 998 flagitia
998 979 1038 993 arte
1052 977 1109 997 tegunt,

622 1005 643 1020 ut
653 1008 693 1019 eum
705 1001 749 1019 Saul
762 1001 858 1019 insidiatur
873 1001 920 1018 vitae
930 1000 1016 1021 navidis,
1034 999 1108 1023 promissa

623 1027 669 1048 filia,
681 1027 697 1045 si
705 1027 811 1045 interficeret
819 1029 891 1044 eentum
899 1025 964 1044 hostes.
990 1025 1017 1043 Et
1028 1025 1078 1048 impii
1087 1030 1108 1042 ⁵³-

623 1052 708 1075 pientiam
724 1058 761 1070 esse
774 1053 853 1073 ducunt,
868 1057 909 1069 suas
919 1051 1028 1074 cupiditates
1039 1054 1076 1069 arte
1085 1056 1108 1067 ex-

622 1075 681 1101 plere,
697 1078 753 1095 malas
764 1083 824 1095 causas
835 1077 880 1095 fucis
891 1077 1048 1100 qualibuscunque
1057 1076 1108 1094 deien-

622 1104 674 1125 dere,
689 1104 753 1122 callide
766 1103 857 1121 inflectere
871 1101 966 1120 bominum
976 1102 1058 1123 animos,
1072 1102 1108 1119 talu>

621 1132 712 1153 praetextu
720 1129 815 1146 incendere
822 1128 908 1151 populos,
921 1131 1029 1146 connectere
1036 1131 1054 1145 et
1061 1127 1107 1145 disso-

622 1155 668 1173 tiare
679 1155 789 1175 voluntates,
805 1157 842 1171 arte
853 1154 916 1172 tollere
928 1159 967 1173 eos,
985 1153 1018 1177 qni
1033 1153 1108 1171 videntur

621 1186 672 1204 posse
679 1186 749 1198 uoeere.
766 1179 815 1197 Haec
822 1183 840 1198 et
848 1178 952 1197 huiusmodi
959 1179 995 1196 alia
1005 1178 1062 1196 multa
1068 1182 1107 1196 astu-

621 1210 638 1224 te
648 1206 703 1226 faeta,
719 1211 769 1223 nune
779 1205 850 1223 laudem
861 1203 938 1224 babent,
953 1204 985 1222 sed
998 1203 1108 1227 probibentur

621 1232 640 1249 in
648 1230 682 1249 boc
691 1231 788 1250 versiculo,
801 1230 833 1254 qni
841 1230 890 1248 iubet
898 1230 972 1252 negucia
979 1230 1028 1248 iuste
1039 1229 1107 1247 admini-

620 1257 679 1275 strari.
704 1256 751 1274 Nam
761 1256 825 1274 astutia
835 1261 918 1279 pugnans
929 1261 971 1273 eum
982 1255 1063 1275 iusticia,
1078 1260 1108 1272 uon

620 1286 646 1301 est
653 1282 749 1305 sapientia,
761 1281 847 1304 seriptum
857 1284 883 1299 est
893 1281 950 1299 enim:
963 1279 1068 1303 Sapientiae
1080 1280 1108 1298 ini-

619 1308 664 1326 tium
672 1308 727 1326 timor
733 1306 814 1325 Domini.

644 1365 740 1391 Quoniam
750 1366 770 1383 in
779 1367 873 1383 aeternum
884 1370 922 1382 mm
933 1364 1083 1385 commovebitur,
1094 1363 1108 1381 ΕΙ

669 1392 758 1410 memoria
766 1393 841 1409 aelerna
849 1390 883 1408 eri!
890 1390 957 1409 iustus.

669 1439 694 1458 Ut
701 1444 755 1461 snpra
765 1437 869 1456 intertexnit
876 1437 975 1460 praeceptis
982 1438 1108 1460 pmminionts

619 1465 642 1483 ita
656 1464 686 1483 bie
700 1464 764 1487 repetit
781 1463 915 1487 promissiones.
942 1462 966 1481 Et
977 1466 1005 1481 est
1021 1462 1108 1481 sententia:

619 1490 677 1509 iustus
689 1490 758 1508 etiamsi
771 1489 860 1512 affligetur
872 1489 989 1512 aliquandiu,
1003 1492 1065 1507 tamen
1076 1492 1108 1506 tsn-

618 1517 658 1535 dem
669 1515 785 1537 liberabitur,
798 1519 815 1533 et
827 1514 900 1532 babebit
912 1514 978 1536 vitam,
993 1514 1108 1538 tranquilliu-

619 1546 664 1563 tem,
677 1545 693 1560 et
700 1541 775 1564 glut-inm
783 1544 890 1565 perpetuam.
918 1539 952 1558 Est
963 1540 1014 1558 enim
1026 1539 1055 1558 hia
1066 1538 1109 1557 diui·
