4538 5754
123 215 222 297 1³35

124 394 211 489 quid
227 392 272 464 sit
287 393 347 461 illa
363 393 460 473 fides,
487 413 577 486 quae
596 389 636 462 in
652 392 745 463 veris
761 395 952 486 pavoribus
970 393 1115 465 invocat

125 497 261 576 Deum,
288 508 444 586 expectat
459 494 650 582 auxilium,
675 510 709 569 et
724 495 829 586 erigit
850 519 889 566 ac
912 497 1116 566 consolatur

127 599 286 683 animos,
312 599 356 666 de
378 620 447 691 qua
463 598 723 669 concionantur
736 593 940 691 Prophetae
960 612 994 669 et
1016 597 1116 690 Apo-

128 700 221 771 stoli.

229 796 289 870 Sic
310 799 419 890 igitur
440 802 605 872 docemus
630 798 765 875 dehac
797 803 874 877 fide.
927 799 1009 871 Non
1035 816 1116 873 tan·

129 920 204 974 tum
223 902 418 996 requiritur
432 905 566 974 noticia
581 903 668 995 legis
684 929 745 974 seu
760 900 929 976 historiae
945 906 990 973 de
1006 899 1116 974 Chri·

130 1019 196 1077 sto.
247 1001 296 1074 Et
318 1004 450 1076 noticia
471 1006 557 1097 legis
578 1031 652 1076 non
674 1007 775 1077 affert
796 1006 920 1090 fidem,
954 1007 1036 1098 quia
1060 1007 1116 1074 lex

129 1106 238 1178 tradit
261 1107 513 1198 promissiones
544 1109 822 1192 conditionales,
857 1107 886 1176 si
908 1108 1116 1177 satisfeceris

131 1209 219 1298 legi,
245 1209 275 1277 si
290 1209 359 1278 eris
376 1210 451 1278 sine
470 1225 628 1301 peceato,
653 1209 750 1280 Deus
772 1210 1004 1303 exaudiette.
1056 1208 1116 1280 Sic

131 1310 291 1380 iudicant
314 1312 359 1379 de
376 1311 559 1384 voluntate
573 1310 638 1381 Dei
654 1311 740 1383 Saul
763 1325 798 1382 et
820 1311 881 1381 alii
907 1312 1116 1403 perterrefa-

132 1411 197 1496 cti,
227 1413 432 1501 ignorantes
453 1410 703 1502 Evangelium:
745 1412 785 1484 Si
808 1436 898 1482 esses
922 1415 1054 1498 iustus,
1087 1413 1115 1483 si

134 1532 224 1583 esses
238 1513 317 1584 sine
333 1528 493 1612 peccato,
518 1513 615 1585 Deus
631 1516 811 1585 exaudiret
826 1529 872 1589 te.
913 1513 1018 1585 Nuu'c
1036 1540 1116 1584 cnm

133 1616 179 1685 sis
193 1616 369 1685 obnoxius
390 1629 442 1686 tot
457 1618 625 1707 peccatis,
651 1617 781 1688 frustra
797 1617 960 1702 invocas,
986 1618 1118 1688 frustra

133 1740 251 1808 speras
266 1717 449 1788 auxilium.
499 1716 596 1788 Haec
614 1744 682 1789 vox
705 1732 757 1789 est
774 1711 1051 1818 χειρόγραφον,
1077 1732 1118 1789 ut

134 1832 236 1889 vocat
262 1816 413 1904 Paulus,
448 1816 486 1886 in
515 1820 674 1890 omnium
702 1822 849 1905 animis,
878 1823 1118 1905 condemnans

134 1943 210 1989 nos.
244 1917 415 1991 Consulat
432 1919 526 1990 enim
543 1945 646 1993 suum
664 1925 814 2017 quisque
829 1921 1000 2007 animum,
1020 1925 1115 2017 quod

134 2022 162 2091 si
180 2021 299 2107 faciet,
325 2036 489 2111 agnoscet
509 2018 600 2095 hanc
616 2025 703 2115 legis
728 2024 939 2118 sententiam
962 2025 1029 2094 sibi
1054 2027 1118 2096 ad-

134 2124 234 2193 sidue
250 2125 522 2216 obstrepentem.

235 2224 427 2315 Quomodo
445 2227 554 2316 igitur
567 2251 648 2297 vera
664 2229 750 2298 fides
773 2228 891 2299 existit
911 2226 1120 2299 inanimis?

132 2322 223 2396 Cum
255 2329 431 2399 credimus
462 2345 605 2420 propter
634 2325 816 2400 Christum
843 2329 951 2421 gratis
985 2331 1118 2401 remitti

134 2444 293 2518 peccata,
316 2446 347 2502 ct
364 2454 429 2499 nos
447 2431 581 2522 placers
596 2430 693 2515 Deo,
719 2447 753 2502 et
775 2433 953 2518 exaudiri,
981 2433 1117 2501 etiamsi

135 2555 256 2602 sumus
277 2533 430 2621 indigni.
481 2530 578 2601 Haec
601 2532 752 2623 gratuita
775 2534 962 2621 promissio
983 2535 1117 2603 revela-

134 2647 194 2705 tur
215 2628 473 2723 inEvangelio.
526 2632 614 2706 Cum
634 2632 742 2723 igitur
755 2634 898 2705 intuens
913 2658 973 2705 cor
988 2637 1027 2703 in
1044 2660 1117 2703 me-

134 2733 306 2803 diatorem
321 2747 354 2804 et
368 2732 569 2827 pontificem
587 2732 779 2821 Christum,
803 2737 914 2806 credit
931 2738 997 2806 sibi
1016 2738 1118 2827 igno-

134 2835 183 2905 sci
205 2849 351 2927 propter
372 2837 494 2921 illum,
521 2838 616 2907 iuxta
640 2839 931 2929 promissionem,
958 2853 992 2910 et
1013 2841 1118 2908 invo-

133 2949 207 3022 cat,
225 2939 327 3028 petit,
349 2950 505 3031 expectat
520 2939 690 3011 auxilium
706 2964 726 3010 a
741 2938 836 3025 Deo,
861 2965 927 3013 nec
942 2941 1011 3011 sibi
1025 2935 1118 3011 hanc

132 3040 296 3110 fiduciam
311 3042 426 3113 excuti
441 3042 526 3112 sinit
542 3055 731 3134 conspectu
746 3043 910 3135 propriae
923 3043 1117 3133 indignita-

133 3142 195 3225 tis,
222 3136 306 3211 haec
323 3143 407 3213 fides
429 3143 541 3213 vincit
556 3157 737 3233 peccatum
763 3158 797 3213 et
813 3157 966 3216 terrores
981 3146 1117 3230 mortis,

133 3256 167 3313 et
195 3243 361 3335 impetrat
387 3245 481 3339 hona
505 3269 526 3315 a
549 3245 648 3332 Deo,
680 3246 771 3316 sicut
790 3247 910 3339 inquit
933 3242 1116 3318 Christus:

133 3342 314 3437 Quicquid
341 3346 511 3437 petieritis
535 3361 671 3438 patrem
696 3348 734 3416 in
758 3349 905 3418 nomine
926 3372 1024 3434 meo,
1050 3344 1116 3419 hoc

130 3447 268 3517 faciam.

230 3545 310 3616 Etsi
329 3558 446 3618 autem
464 3548 634 3622 differunt
650 3551 804 3641 pericula
820 3575 900 3623 cnm
916 3552 1046 3645 quibus
1059 3553 1116 3622 lu-

131 3661 247 3718 ctatur
262 3648 359 3728 fides,
386 3651 454 3720 alia
472 3665 556 3723 sunt
571 3654 715 3742 negocia
732 3651 857 3740 Moisi,
883 3655 952 3723 alia
972 3651 1116 3725 Gedeo-

131 3751 210 3834 nis‚
237 3750 306 3819 alia
330 3748 497 3833 Davidis‚
532 3755 601 3824 alia
632 3753 751 3826 Pauli:
794 3768 913 3826 tamen
946 3757 985 3825 in
1015 3757 1115 3826 omni

131 3852 357 3921 invocatione
382 3866 414 3923 et
440 3856 539 3923 omni
563 3858 730 3933 exercitio
758 3858 860 3942 fidei,
897 3859 1014 3927 lucere
1039 3859 1113 3948 pri-

129 3978 228 4024 mum
245 3949 331 4022 haec
346 3953 431 4023 fides
448 3957 567 4040 debet,
594 3982 683 4050 quae
700 3972 748 4028 est
768 3959 897 4028 fiducia
914 3959 1115 4031 misericor-

709 216 835 293 antu.
862 216 979 294 Mttu.
1007 213 1219 295 sctttPTa
1245 214 1550 298 EXEGETICA.

2063 221 2147 301 lidi

1168 393 1288 488 quirit.
1340 387 1388 462 Et
1409 392 1650 483 repudiandae
1673 404 1758 461 sunt
1781 391 2062 482 imaginationes
2082 419 2150 488 pro·

1167 498 1291 580 lanae,
1316 518 1407 588 quae
1431 495 1531 565 aliud
1547 495 1832 586 interpretantur
1848 495 1963 564 fidem
1990 496 2031 566 in
2044 494 2152 582 Paulo,

1169 622 1248 668 cum
1266 599 1309 666 de
1326 598 1396 667 lide
1412 596 1884 682 iustificanteeoncionatur,
1901 598 2006 668 aliud
2023 597 2150 672 inl’ssl·

1168 700 1254 784 mis,
1282 700 1380 769 aliud
1400 699 1438 767 in
1455 696 1607 785 Genesi,
1633 699 1784 769 credidit
1799 693 1993 769 Abraham
2011 699 2086 772 Deo
2099 717 2151 780 etc.

1168 801 1301 872 Paulus
1317 801 1413 870 enim
1432 797 1500 871 hoc
1517 802 1760 872 testimonium
1783 801 1921 887 citans,
1948 805 2105 874 ostendit
2124 829 2152 877 se

1168 905 1212 972 de
1231 904 1340 973 simili
1356 904 1426 972 fide
1442 905 1554 997 loqui.
1607 900 1679 972 Nec
1702 916 1755 973 est
1773 904 1929 973 obscura
1954 901 2064 975 Pauli
2086 931 2152 978 sen·

1168 1006 1290 1077 tentia.
1342 1003 1420 1075 Etsi
1442 1006 1538 1074 enim
1560 1001 1653 1075 haue
1676 1028 1819 1098 quoque
1844 1021 2087 1099 corrumpunt
2100 1012 2149 1080 sd·

1169 1108 1334 1192 versarii,
1360 1121 1478 1176 tamen
1506 1109 1593 1202 quid
1618 1107 1720 1193 velit,
1746 1107 1842 1176 sanis
1864 1121 1901 1178 et
1925 1107 2002 1200 piis
2022 1111 2151 1182 minine

1169 1211 1318 1282 dubium
1334 1223 1396 1284 est.

1271 1309 1322 1382 Ut
1337 1311 1447 1401 igitur
1462 1310 1572 1398 magis
1589 1310 1743 1400 intelligi
1766 1309 1897 1400 possit,
1925 1311 2030 1382 diets
2040 1313 2084 1384 de
2096 1313 2150 1384 ide

1169 1414 1208 1482 in
1221 1411 1333 1483 Paulo
1352 1426 1386 1483 ει
1399 1412 1546 1504 reliquis
1561 1413 1747 1503 scripturis
1762 1425 1857 1482 recte
1874 1413 2090 1500 consentire,
2102 1439 2150 1485 ex·

1170 1515 1309 1607 plicabo
1327 1516 1503 1604 integrum
1521 1514 1638 1584 locum
1656 1515 1700 1582 de
1717 1513 1984 1600 iustificatione,
2010 1539 2150 1608 praesen

1169 1618 1234 1688 tim
1258 1640 1337 1687 cum
1370 1611 1468 1686 hunc
1496 1637 1599 1708 saepe
1630 1615 1669 1683 in
1690 1612 1861 1686 Ecclesiis
1886 1618 2004 1710 repeti
2028 1640 2150 1688 necesse

1169 1719 1225 1792 sit.

1214 1803 1220 1820 ⁸
1271 1815 1337 1891 Est
1360 1819 1470 1909 igitur
1491 1814 1578 1888 baec
1601 1818 1677 1888 eius
1700 1817 1772 1887 loci
1795 1840 1949 1893 somma.
2004 1815 2152 1894 Christus

1170 1923 1372 2014 complexus
1387 1935 1440 1992 est
1455 1943 1629 1990 summam
1637 1918 1835 2009 Evangelii,
1851 1945 1934 1991 com
1951 1923 2052 1994 iubat
2064 1947 2151 2016 prae·

1171 2025 1282 2094 dicari
1298 2022 1554 2116 poenitentiam
1570 2035 1606 2092 et
1620 2020 1866 2092 remissionem
1883 2024 2152 2114 peecatommin

1171 2127 1318 2198 nomine
1343 2148 1419 2199 suo.
1481 2122 1603 2214 Quare
1635 2146 1775 2193 necesse
1806 2137 1858 2195 est
1888 2127 1928 2194 fn
1964 2127 2151 2198 ministerio

1171 2224 1359 2318 Evangelii
1374 2229 1475 2317 argui
1493 2238 1632 2316 peccata
1649 2222 1855 2310 homiuum,
1882 2228 1980 2298 sicut
1994 2228 2045 2300 sit
2057 2224 2151 2300 Chri-

1171 2345 1259 2401 stus:
1283 2328 1439 2422 Spiritus
1454 2328 1494 2401 S.
1513 2342 1634 2418 arguet
1654 2330 1831 2397 mundum
1845 2330 1891 2398 de
1908 2345 2068 2419 peccato.
2111 2326 2152 2401 Ει

1169 2435 1215 2501 ad
1239 2427 1332 2502 hane
1354 2455 1429 2502 rem
1452 2428 1689 2499 ministerium
1714 2428 1904 2519 Evangelii
1934 2432 2053 2503 utitur
2079 2454 2151 2502 vocs

1171 2534 1276 2625 legis,
1309 2557 1400 2627 quae
1422 2546 1561 2601 accusat
1588 2554 1711 2599 omnes
1739 2526 1923 2612 homines,
1961 2546 1999 2603 et
2018 2547 2150 2604 testator

1171 2659 1249 2705 reos
1266 2659 1339 2705 esse
1364 2637 1437 2704 irae
1456 2634 1547 2723 Dei,
1577 2633 1667 2701 sicut
1688 2630 1821 2702 Paulus
1842 2633 1969 2727 inquit
1989 2632 2093 2707 Rom.
2107 2635 2148 2708 S:

1171 2735 1240 2806 Per
1255 2738 1367 2828 legem
1384 2736 1540 2824 cognitio
1556 2734 1699 2825 peccati.
1751 2733 1839 2804 Item
1857 2732 1974 2806 Rom.
1992 2735 2045 2814 7,;
2067 2734 2148 2808 Con-

1170 2838 1422 2931 cupiscentiam
1455 2836 1655 2906 nesciebam
1683 2858 1757 2905 esse
1779 2849 1985 2932 peccatum,
2018 2838 2087 2909 nisi
2102 2838 2148 2908 lex

1171 2942 1323 3022 diceret,
1348 2938 1430 3011 Non
1445 2939 1681 3029 concupisces.
1721 2935 1792 3007 Sed
1809 2960 1885 3005 non
1901 2949 2047 3010 tantum
2062 2937 2146 3029 argui

1169 3057 1309 3133 peecata
1330 3055 1486 3134 oportet,
1512 3062 1577 3108 nec
1591 3052 1729 3108 tantum
1746 3039 1801 3108 lex
1816 3039 1983 3109 docenda
2005 3055 2076 3127 est,
2096 3041 2146 3109 sed

1170 3168 1311 3215 necesse
1330 3159 1381 3215 est
1395 3144 1479 3213 addi
1492 3137 1747 3230 Evangelium,
1775 3143 1820 3210 de
1832 3134 1984 3212 Christo
1997 3157 2032 3214 et
2048 3144 2144 3212 dare·

1169 3249 1340 3317 missione
1362 3257 1605 3335 peccatorum,
1631 3244 1676 3311 de
1691 3241 1963 3329 iustificatione,
1988 3258 2023 3315 et
2038 3245 2144 3314 deds-

1169 3350 1315 3420 natione
1330 3346 1487 3438 Splritns
1503 3344 1615 3414 sancti
1632 3356 1666 3413 et
1680 3343 1774 3413 vitae
1787 3357 1966 3419 aeternae.

1270 3449 1393 3522 Sciant
1410 3449 1520 3538 igitur
1532 3445 1802 3539 perterrefactos
1817 3459 1967 3532 mentes,
1993 3446 2033 3514 in
2040 3441 2143 3516 Eno-

1168 3552 1262 3642 gelio
1277 3551 1438 3643 promitti
1454 3549 1698 3620 remissionem
1721 3560 1969 3638 peecatorum,
1993 3547 2143 3618 iustiiea

1168 3655 1303 3725 tionem
1337 3668 1372 3723 et
1405 3652 1636 3722 donationem
1666 3648 1821 3741 Spiritus
1848 3650 1985 3734 uncti,
2016 3661 2144 3741 propter

1167 3752 1352 3827 Christum
1385 3755 1513 3845 gratis,
1546 3753 1590 3821 iis
1621 3752 1683 3845 qui
1714 3752 1866 3821 eredunt
1895 3748 1939 3822 in
1964 3745 2143 3823 Christum

1168 3856 1245 3928 Hac
1268 3857 1337 3926 fide
1353 3856 1465 3927 sciant
1490 3878 1526 3923 se
1541 3853 1710 3943 consequi
1729 3852 1976 3922 remissionem
2002 3867 2143 3946 peecato-

1167 3979 1269 4050 rum,
1295 3971 1330 4028 et
1355 3957 1628 4049 imputationem
1654 3954 1833 4035 iusticias,
1866 3966 1902 4023 et
1923 3951 2143 4025 donationem

16 4387 21 4399 ’
127 4374 242 4452 pectat
257 4362 428 4455 auxilium
446 4364 484 4431 in
500 4362 737 4458 qualicunque
754 4367 957 4437 tentatione.
986 4364 1112 4455 Quan-
1165 4367 1331 4436 traditur.

130 4055 226 4141 diae,
253 4080 320 4148 qua
336 4057 457 4126 statuit
473 4080 551 4136 cor,
576 4081 613 4127 se
629 4054 759 4128 habere
774 4060 1017 4128 remissionem
1032 4083 1115 4152 pec·
1167 4060 1323 4152 Spiritus
1340 4059 1470 4143 saneti,
1496 4058 1605 4148 gratis
1622 4070 1766 4147 propter
1781 4051 1990 4142 Christum,
2015 4058 2077 4151 qui
2091 4076 2143 4148 pro

128 4171 300 4242 catorum,
327 4173 360 4228 et
377 4157 598 4250 placereDeo
616 4175 761 4253 propter
774 4158 967 4242 Christum,
994 4164 1114 4253 gratis.
1166 4162 1271 4234 nobis
1294 4163 1407 4232 lactus
1431 4175 1484 4231 est
1506 4160 1668 4243 victima,
1699 4171 1734 4226 et
1757 4156 2003 4248 propitiator,
2031 4182 2071 4228 ac
2093 4174 2146 4227 sua
2177 4190 2178 4195 ¹

128 4257 205 4329 Hac
226 4259 295 4329 fide
312 4274 430 4342 ,erecta
447 4285 546 4331 mens
565 4263 707 4333 invocat
723 4262 857 4348 Deum,
883 4266 971 4355 petit
994 4278 1027 4337 et
1053 4289 1113 4335 ex·
1165 4277 1281 4334 morte
1302 4276 1482 4355 peccatum
1506 4262 1671 4344 sustulit,
1712 4259 1803 4328 sieut
1823 4255 1934 4331 Rom.
1957 4259 1995 4332 8.
2021 4259 2145 4352 copiose

128 4488 233 4555 quam
258 4462 366 4550 igilur
394 4466 537 4554 negocia
562 4480 595 4537 et
617 4468 773 4559 pericula
806 4483 888 4538 sont
911 4467 1112 4554 dissimilia,
1267 4463 1423 4538 Difficile
1448 4479 1499 4535 est
1522 4477 1643 4534 autem
1667 4459 1895 4532 conscientiis
1918 4459 1960 4531 in
1987 4485 2073 4534 vero
2095 4485 2147 4553 pe-

127 4577 244 4636 tamen
262 4563 346 4634 fides
369 4566 512 4638 intuens
527 4568 643 4639 Deum
667 4584 700 4639 et
715 4566 985 4662 apprehendens
1006 4572 1112 4640 mise·
1164 4591 1249 4639 vore
1264 4583 1402 4639 tantum
1420 4591 1458 4637 se
1473 4561 1540 4636 hac
1556 4565 1800 4635 consolatione
1815 4574 2038 4651 sustentare,
2063 4563 2145 4659 qnod

125 4666 332 4746 ricordiam,
364 4668 459 4738 iuxta
493 4671 782 4761 promissionem,
827 4688 876 4743 est
911 4671 1038 4743 similis
1072 4673 1110 4742 in
1163 4671 1232 4741 fide
1256 4672 1364 4761 gratis
1391 4682 1536 4762 propter
1555 4663 1738 4739 Christum
1759 4663 1974 4756 contingant
1999 4665 2147 4737 remissio

126 4767 292 4835 omnibus
327 4770 413 4859 piis,
454 4771 492 4839 in
525 4769 726 4857 Abraham,
760 4772 894 4858 Maiae,
929 4772 1110 4860 Gedeone,
1162 4786 1195 4842 et
1218 4770 1429 4844 iustificatio.
1483 4769 1570 4842 Ideo
1595 4766 1938 4863 quaeruntmerita,
1966 4783 2003 4841 et
2026 4791 2147 4840 conen-

126 4865 284 4950 Davide,
308 4866 480 4950 Ezechia,
506 4870 618 4943 Paulo
644 4889 678 4945 et
701 4876 792 4950 aliis.
852 4875 977 4945 Talem
1003 4877 1108 4946 fidem
1161 4888 1221 4946 tur
1236 4875 1405 4967 operibus
1422 4873 1576 4964 propriis
1599 4871 1729 4942 mereri
1753 4868 2017 4944 remissionem.
2068 4869 2146 4942 Nan

124 4969 275 5061 requirit
299 4984 332 5040 et
356 4968 414 5042 hic
437 4972 619 5060 Psalmus,
644 4977 714 5044 nisi
739 4979 833 5045 enim
858 4980 938 5046 talis
955 4979 1041 5047 fides
1064 4979 1108 5050 sit
1161 4979 1252 5049 ratio
1278 4973 1432 5047 humana
1458 5000 1533 5045 non
1558 4974 1726 5062 intelligit
1749 4971 1931 5042 iusticiam
1957 4970 2065 5058 fidei,
2096 4969 2147 5041 sed

123 5072 320 5152 inanimis,
347 5074 458 5144 vincit
481 5077 676 5163 dubitatio,
702 5093 735 5148 et
758 5080 956 5168 indignatio
981 5083 1107 5150 adver·
1161 5079 1328 5170 intelligit
1344 5098 1442 5148 suam
1461 5078 1655 5160 iusticiam,
1680 5100 1742 5145 scu
1763 5096 1914 5164 operum
1937 5076 2146 5147 doctrinam:

122 5196 180 5244 sus
194 5169 330 5258 Deum,
358 5176 397 5243 in
412 5179 505 5244 veris
520 5180 692 5266 agonibus
709 5205 747 5249 ac
763 5182 939 5270 periculis.
1087 5253 1093 5273 ⁸
1159 5184 1239 5252 ideo
1263 5195 1413 5252 conatur
1436 5180 1590 5270 propriis
1620 5181 1788 5269 operibus
1819 5176 1953 5245 mereri
1978 5175 2147 5248 remissio-

220 5275 404 5347 Discamus
427 5277 552 5366 igitur,
588 5283 795 5372 scripturam
824 5286 867 5352 de
900 5285 1009 5353 simili
1037 5286 1105 5356 fide
1158 5309 1239 5354 nem
1257 5299 1290 5355 et
1304 5283 1459 5353 instituit
1476 5284 1592 5351 varius
1607 5279 1847 5365 cultus,sicn·t
1863 5281 2064 5352 ostendunt
2079 5302 2146 5347 ms·

118 5379 341 5464 concionari,
367 5380 505 5475 quoties
528 5404 646 5450 veram
670 5386 774 5455 fidem
792 5387 971 5480 praedicat
991 5402 1025 5482 et
1048 5414 1103 5458 re-
1128 5387 1132 5473 !
1157 5371 1356 5458 nachorum
1374 5385 1542 5476 exempla.
1582 5382 1654 5455 Sed
1671 5379 1909 5471 Evangelium
1929 5397 2076 5455 revocat
2090 5399 2147 5452 ost
