4538 5754
113 245 190 323 ass
335 237 572 319 senum
588 238 675 318 eu.
702 234 819 314 usn.
845 234 916 313 an
938 234 1067 314 msa.
1089 233 1237 317 eaor.
1261 235 1329 315 ur
1356 234 1548 318 runos.
1575 235 1901 319 seraranan.
2068 210 2155 323 aa

118 426 210 493 a‘e're.
262 415 353 488 Nam
378 415 496 486 coelos
518 426 552 485 et
577 413 717 484 a‘e‘ream
741 412 924 502 regionem
945 433 1017 480 una
1042 432 1106 502 ap-
1153 408 1290 503 rogatio
1319 409 1360 481 in
1382 409 1520 503 ironia,
1553 425 1653 503 gestu
1676 426 1712 484 et
1735 413 1839 486 vultu
1859 412 2067 505 significans
2084 442 2128 491 re.

116 522 309 616 pellatione
330 517 510 589 coelorum
533 509 862 606 comprehendunt,
886 525 928 583 ut
949 536 1029 583 cum
1049 512 1106 580 di·
1153 508 1449 607 prehensionem,
1476 527 1517 585 ut
1531 513 1570 584 in
1588 537 1700 606 agone
1715 510 1866 588 Christi:
1892 512 2129 591 Dormiteiu

117 636 220 697 cunt:
249 621 419 693 Volucres
436 618 538 689 coeli.
1155 627 1189 685 et
1216 614 1445 707 requiescite,
1477 637 1539 686 seu
1569 617 1735 688 dormitis
1764 617 1894 690 iamet
1914 618 2129 714 requiesci&

219 720 277 796 Ad
303 721 478 793 fallaciam
502 718 635 807 figurae
659 715 829 787 dictionis
850 727 944 786 reete
967 738 1103 793 socom·
1153 714 1256 809 quasi
1278 716 1389 788 dicat:
1415 713 1512 788 Num
1534 717 1575 787 in
1592 713 1662 791 hoc
1682 718 1842 811 periculo
1860 732 1962 792 tanta
1977 719 2128 793 munta

117 830 310 900 mudantur
325 836 358 894 et
376 811 629 917 ἅκυρολογίαι.
1155 830 1207 888 est
1228 817 1451 905 animorum,
1474 832 1516 890 ut
1534 820 1692 891 dormire
1712 821 1880 913 possitis?
1928 820 2128 895 Nunceuirs

271 921 455 1018 Quicquid
473 943 548 990 non
563 917 730 1005 amisisti,
756 915 877 1000 habes,
1154 918 1307 988 maxime
1328 919 1549 1011 vigilandum
1571 934 1657 995 erat.
1708 918 1774 994 Est
1796 921 1893 992 enirn
1910 917 2127 1014 reprehensi·

270 1026 415 1098 Cornua
433 1045 506 1092 nou
522 1021 685 1106 amisisti,
1154 1020 1353 1090 securitatis
1376 1036 1410 1092 et
1432 1022 1687 1115 negligentiae,
1709 1047 1784 1095 non
1807 1023 1916 1093 modo
1939 1023 2041 1095 illius
2054 1039 2127 1097 tem·

270 1125 369 1222 Ergo
387 1147 518 1196 cornua
535 1117 656 1194 babes.
1155 1120 1272 1210 poris,
1307 1123 1367 1192 sed
1395 1123 1502 1195 etiam
1532 1122 1639 1196 huius
1665 1125 1813 1197 ultimae
1840 1137 1987 1196 nostrae
2010 1127 2127 1199 aetati.

223 1246 290 1317 Vel
307 1246 373 1316 sic:
1154 1218 1203 1295 Et
1228 1222 1374 1294 deinde:
1407 1222 1507 1314 Quid
1530 1239 1582 1296 est
1603 1227 1757 1298 veritas?
1815 1224 1907 1296 Nam
1928 1225 2040 1297 iudex
2060 1250 2126 1321 pro·

273 1346 453 1441 Quicquid
472 1367 546 1413 nou
564 1339 731 1423 amisisti,
758 1335 878 1427 habes,
1157 1317 1297 1416 phanus
1328 1326 1448 1395 omnia
1472 1326 1512 1395 in
1534 1327 1767 1418 religionibus
1790 1327 1954 1398 fabulosa
1978 1349 2052 1398 esse
2070 1328 2127 1399 eri·

273 1448 396 1522 croesi
415 1445 558 1517 divitias
575 1466 650 1511 non
666 1443 825 1522 amisisti,
1156 1425 1293 1507 stimat,
1326 1450 1391 1497 nec
1412 1429 1627 1523 turbandam
1649 1452 1723 1499 esse
1743 1427 2059 1521 tranquillitatem,
2084 1430 2127 1501 is·

273 1546 370 1642 Ergo
385 1547 507 1621 Croesi
526 1545 670 1616 divitias
684 1540 803 1618 habes,
1158 1526 1350 1620 quisitione
1374 1529 1554 1614 veritatis,
1580 1555 1686 1622 quam
1710 1555 1784 1600 non
1799 1552 1901 1621 posse
1917 1529 2073 1601 inveniri
2084 1554 2127 1601 ar·

222 1652 321 1744 Nego
338 1647 649 1744 consequentiam,
676 1647 813 1716 stratio
829 1658 891 1730 est,
916 1643 1000 1737 quia
1017 1639 1108 1716 ἀχυ.
1156 1628 1319 1701 bitratnr.
1371 1627 1491 1718 Quare
1514 1644 1548 1701 et
1572 1654 1668 1701 nunc
1683 1655 1825 1726 quoque
1841 1631 2056 1703 deridentur
2068 1646 2128 1705 stu·

122 1751 276 1858 poloys'a
305 1755 343 1823 in
373 1753 483 1823 verbo
517 1748 685 1832 amisisti,
718 1747 802 1818 lacit
832 1746 1109 1835 ambiguitatem,
1157 1729 1249 1799 diosi
1279 1730 1455 1817 veritatis,
1487 1733 1535 1803 ita
1564 1733 1603 1800 in
1627 1728 1685 1802 his
1710 1732 1829 1803 verbis
1853 1732 1994 1804 ironice
2016 1733 2127 1805 derisit

121 1864 243 1935 Maior
266 1870 413 1949 propser
434 1843 874 1948 ἅχυρολογίαμριῑιῃιςῃ,
896 1866 900 1873 ·
926 1846 1109 1938 significat
1158 1845 1225 1903 est:
1259 1827 1357 1920 Quid
1386 1846 1437 1903 est
1466 1833 1616 1903 veritas?
1681 1831 1863 1905 Recenseo
1897 1835 1937 1903 in
1969 1830 2040 1906 hoc
2068 1835 2127 1905 too

122 1966 216 2036 enim
238 1956 322 2031 hoc:
350 1953 531 2050 Quicquid
557 1976 631 2022 nou
657 1951 824 2035 amisisti,
849 1948 923 2020 sive
940 1949 978 2018 id
996 1948 1110 2034 affuit,
1158 1931 1265 2003 ‘iiim
1288 1932 1380 2004 dicii
1401 1939 1624 2028 μιμητικῶς,
1652 1959 1736 2004 uam
1761 1936 1801 2004 in
1824 1931 1882 2005 his
1901 1960 2047 2030 quoque
2066 1958 2129 2005 seu-

122 2069 196 2140 sive
226 2086 300 2133 nou
330 2059 456 2144 affuit,
488 2055 526 2125 id
553 2049 680 2139 habes,
713 2052 885 2147 Sequitur
914 2071 997 2139 ergo
1021 2049 1109 2120 falsa
1157 2031 1268 2105 ῑθῦῑῖθ
1297 2047 1397 2123 &⁹⁸1⁰
1419 2049 1595 2127 mutatur»
1632 2051 1666 2107 θῑ
1690 2038 1801 2108 Ῑθθῑῡῑ
1823 2060 1898 2106 ¹¹⁰ss
1920 2037 2130 2109 animadv&-

75 2184 85 2196 ·
122 2165 314 2240 conclusio,
1158 2147 1237 2207 tens
1266 2135 1497 2209 mutationem
1526 2160 1695 2230 personae
1718 2138 1917 2232 loquentis,
1960 2138 2129 2230 decipitur.

273 2263 371 2336 Deus
389 2260 524 2354 inquit:
551 2252 627 2346 Ego
645 2255 835 2339 indurabo,
1158 2235 1322 2331 Suntque
1340 2239 1557 2312 admonendi
1578 2240 1754 2321 iuniores,
1780 2241 1873 2312 utin
1890 2240 2130 2334 qualibetora·

275 2361 371 2455 Ergo
392 2360 487 2432 Deus
506 2370 558 2428 est
575 2380 676 2427 causa
696 2357 839 2448 peceati.
1159 2339 1257 2409 tione
1285 2333 1353 2410 hoc
1384 2341 1575 2411 discrimen
1599 2342 1842 2427 considerent,
1874 2365 1967 2435 quae
1988 2342 2130 2414 memhn

224 2469 322 2556 Nego
347 2457 653 2555 consequentiam,
680 2474 714 2530 et
738 2459 828 2529 ratio
853 2470 924 2537 est,
950 2455 1034 2547 quia
1060 2467 1111 2525 est
1159 2430 1232 2510 sint
1259 2441 1471 2513 asseveratio
1497 2465 1559 2512 seu
1582 2443 1767 2535 dispositio
1788 2443 1970 2528 docentis,
2001 2457 2037 2515 et
2056 2464 2130 2538 quse

125 2560 354 2667 ἀχυρολογία
384 2564 423 2633 in
453 2559 579 2630 verbo:
621 2559 819 2645 indurabo,
859 2573 892 2630 ει
928 2557 1112 2647 significas,
1158 2554 1340 2660 ppnantur
1353 2543 1557 2628 recitative,
1583 2545 1619 2614 id
1635 2559 1705 2630 est,
1729 2567 1819 2638 quae
1832 2558 1981 2616 narrent
1995 2544 2129 2616 aliorun

123 2679 239 2746 sinam
256 2673 451 2741 durescere.
1160 2645 1254 2713 decta
1279 2655 1340 2713 aut
1362 2645 1472 2731 laeta,
1503 2661 1544 2717 ut
1565 2642 1633 2716 hoc
1655 2645 1788 2717 dictum
1812 2645 1852 2715 in
1876 2641 2029 2719 historia
2049 2650 2128 2717 sacta

1161 2743 1339 2815 recitative
1360 2747 1522 2839 ponitur:
1549 2745 1648 2819 Reus
1671 2761 1723 2818 est
1742 2748 1878 2819 mortis.
1932 2746 1995 2821 Sic
2016 2745 2055 2818 in
2072 2742 2127 2818 Co·

533 2839 705 2908 Arcesius.
1124 2898 1128 2906 .
1160 2846 1375 2918 lossensibus
1401 2849 1583 2920 recitative
1605 2862 1790 2941 ponuntur
1811 2845 1898 2920 haec
1920 2849 2032 2921 dicta:
2063 2846 2126 2920 lton

226 2956 473 3030 Recensentur
496 2947 535 3019 in
558 2943 627 3017 hoc
651 2946 756 3017 titulo
772 2947 950 3038 exempla,
976 2946 1014 3015 in
1030 2944 1111 3038 qui·
1161 2949 1324 3038 attingas,
1350 2973 1424 3020 non
1439 2966 1565 3041 gustes,
1592 2975 1664 3021 non
1678 2964 1882 3027 contrectes,
1920 2948 2020 3021 Haec
2035 2971 2125 3019 men·

124 3069 192 3136 bus
223 3056 435 3148 ambiguitas
460 3052 576 3123 oritur
602 3072 643 3118 ex
667 3060 834 3133 accentu,
867 3043 1112 3139 diphthongis,
1159 3050 1224 3120 bra
1247 3074 1329 3121 eum
1344 3048 1477 3124 Paulus
1500 3054 1640 3138 recitet,
1667 3067 1835 3146 tanquam
1859 3053 2018 3145 exempla
2036 3049 2126 3123 tradi-

125 3181 186 3239 aut
200 3177 299 3254 gestu
315 3153 633 3252 pronunciationis.
674 3147 729 3220 De
746 3145 980 3242 diphthongis
995 3173 1111 3218 exem·
1160 3152 1320 3238 tionum,
1347 3176 1434 3245 quas
1453 3150 1701 3247 reprehendit,
1728 3166 1847 3224 tamen
1865 3154 1979 3248 aliqui
1996 3155 2125 3226 oscitan-

126 3271 227 3363 plum
251 3273 440 3332 venustum
463 3256 645 3327 recitatur:
679 3250 769 3321 Cum
793 3252 988 3343 imperator
1011 3249 1111 3320 Hen—
1160 3266 1212 3325 tes
1245 3269 1456 3325 enarrarunt
1484 3270 1653 3348 tanquam
1682 3254 1784 3325 Pauli
1815 3269 2015 3346 praecepta.
2073 3250 2124 3323 Hit

126 3371 221 3440 ricus
237 3356 534 3452 Lucelpurgensis
556 3378 630 3422 non
651 3354 774 3444 procul
793 3375 812 3421 a
828 3351 993 3423 Bononia
1009 3376 1111 3443 prae·
1161 3375 1262 3424 error
1291 3357 1489 3449 corruptela
1520 3371 1572 3427 est
1604 3357 1711 3427 totius
1739 3357 2003 3448 disputationis.
2060 3354 2123 3425 ldeo

126 3470 250 3542 teriret
273 3486 387 3534 arcem
415 3458 592 3553 quandam
616 3453 796 3547 propriam
813 3452 884 3522 viri
900 3453 1052 3538 nobilis,
1077 3466 1112 3524 et
1161 3457 1394 3529 discernenda
1424 3472 1508 3528 sunt
1538 3458 1630 3527 dicta
1657 3462 1864 3551 μιμητικῶς
1892 3459 1938 3529 ab
1970 3478 2124 3529 assevera-

127 3565 287 3666 quaestio
307 3576 403 3634 mola
426 3570 533 3642 casei,
558 3579 605 3625 ³¹1
626 3579 666 3625 0³
685 3578 748 3624 θη
768 3555 874 3625 eliam
890 3555 1112 3646 imperatoris
1161 3557 1258 3629 tione
1274 3559 1442 3629 docentis.
1475 3647 1478 3654 Ι
1495 3558 1535 3631 Si
1552 3561 1633 3652 quis
1648 3574 1765 3630 autem
1781 3561 1917 3630 mavult
1934 3559 2019 3632 talia
2032 3568 2123 3629 erran

128 3685 237 3750 esset,
262 3668 333 3737 duo
351 3658 598 3736 Iurisconsulti
619 3659 713 3727 inter
737 3679 774 3727 se
794 3658 993 3743 certabant,
1019 3679 1111 3751 quo·
1160 3660 1199 3730 in
1224 3659 1330 3732 aliam
1350 3660 1546 3745 fallaciam,
1572 3673 1611 3731 ut
1636 3684 1741 3752 supra
1763 3662 2005 3751 inambigua,
2031 3674 2122 3731 trans·

128 3798 207 3847 rum
232 3768 320 3839 alter
341 3764 571 3847 defendebat,
596 3773 689 3831 recte
705 3759 792 3845 dici,
819 3760 939 3829 omnia
957 3783 1029 3829 esse
1044 3760 1112 3827 im·
1161 3763 1272 3846 ferre,
1304 3762 1388 3855 quia
1412 3762 1563 3832 stolidus
1585 3761 1695 3832 lector
1717 3787 1790 3833 non
1816 3764 1929 3849 videt,
1955 3786 2045 3856 quae
2062 3780 2122 3853 pet·

127 3870 317 3972 peratoris,
351 3868 458 3938 etiam
480 3862 642 3957 proprias
669 3863 851 3932 facultates
875 3863 1111 3953 privatorum:
1164 3885 1250 3934 sona
1268 3863 1453 3954 loquatur,
1480 3886 1554 3933 non
1572 3887 1742 3955 repugno.
2030 3863 2032 3867 '
2056 3850 2059 3855 ’

127 3982 218 4052 alter
240 3984 404 4054 econtra,
427 3986 707 4057 unumquenque
725 3963 932 4033 factrltatum
949 3962 1114 4052 propria·
1728 3980 1732 3987 ·

127 4105 207 4154 rum
230 4074 418 4147 dominum
441 4090 533 4150 esse,
565 4089 630 4137 nec
652 4077 744 4137 recte
766 4065 858 4148 dici,
887 4060 1112 4155 Imperatoris

127 4207 201 4257 esse
223 4200 280 4250 res
296 4172 458 4270 proprias
474 4167 705 4261 privatorum.
756 4162 810 4237 De
825 4159 893 4235 hac
907 4165 1113 4257 quaestione

129 4310 208 4359 enm
240 4280 305 4352 diu
326 4283 536 4355 certassent,
572 4269 716 4339 landem
739 4266 986 4358 imperatorem
1013 4263 1114 4334 Hen-
1264 4263 1346 4337 Non
1369 4267 1568 4338 existiment
1594 4266 1752 4337 iuniores
1775 4262 1861 4336 haec
1886 4283 2066 4363 praecepta
2085 4278 2122 4335 te·

128 4392 244 4460 risum
262 4383 416 4453 iudicem
433 4373 587 4457 faciunt,
612 4382 648 4440 et
661 4369 845 4453 convenit,
867 4381 907 4439 ut
921 4390 1032 4462 equus
1048 4368 1114 4438 do·
1164 4391 1260 4439 mere
1280 4370 1356 4439 sine
1378 4369 1471 4439 veris
1492 4367 1607 4439 causis
1621 4369 1750 4439 tradita
1767 4391 1857 4452 esse,
1882 4370 1974 4442 sicut
1990 4374 2029 4441 in
2043 4366 2124 4444 totis

129 4502 277 4560 naretur
305 4478 452 4564 victori,
491 4473 593 4547 cuius
621 4471 779 4564 precium
809 4471 960 4540 solveret
990 4470 1115 4542 victus.
1164 4471 1203 4541 in
1225 4470 1384 4554 alea,'in
1410 4470 1638 4554 latrunculis,
1662 4470 1699 4539 in
1726 4470 1823 4554 talis,
1849 4471 2000 4542 arbitrio
2020 4472 2159 4543 tuaene

131 4591 329 4681 Imperator
343 4606 424 4657 cum
438 4576 641 4650 Bononiam
656 4572 838 4657 rediisset,
864 4570 1116 4664 pronunciavit
1164 4571 1254 4642 tium
1272 4570 1365 4662 leges
1384 4571 1495 4641 factae
1517 4584 1621 4654 sunt,
1649 4595 1712 4640 nec
1728 4586 1811 4652 sunt
1827 4594 1868 4640 ex
1885 4588 2015 4644 natura
2030 4589 2126 4642 rerum
2149 4562 2159 4619 ἶ

131 4706 224 4765 recte
241 4687 333 4770 diei,
357 4683 476 4755 omnia
492 4702 565 4749 esse
580 4673 823 4770 imperatoris,
846 4686 887 4744 ut
901 4695 1003 4763 saepe
1019 4672 1116 4741 iudi·
1165 4685 1300 4743 sumtae
1327 4694 1462 4746 causae.
1519 4670 1669 4743 Prodest
1695 4687 1812 4743 autem
1843 4675 1886 4742 ad
1916 4674 2130 4747 iudicandum

107 4789 272 4865 .cessibi
288 4786 375 4879 ipsis
391 4783 638 4855 blandiuntur.
686 4774 801 4848 Datus
818 4787 868 4845 est
882 4774 992 4864 igitur
1003 4797 1115 4867 equus
1165 4774 1286 4844 videre
1309 4786 1573 4866 praeceptorum
1596 4773 1723 4847 fontes.
1775 4773 1896 4864 Quare
1922 4771 1991 4846 hoc
2010 4773 2132 4847 locode

132 4893 272 4967 victori.
322 4887 393 4959 Sed
415 4883 519 4955 faceti
542 4877 705 4953 homines
726 4871 1024 4969 reprehendentes
1043 4875 1115 4943 ini·
1166 4874 1315 4947 consilio
1330 4873 1532 4947 Aristotelis
1553 4898 1661 4966 pauca
1678 4876 1861 4956 adiiciam,
1888 4880 1986 4970 qnod
2003 4879 2042 4948 in
2057 4898 2137 4948 enu-

132 5019 240 5093 quam
263 4988 492 5070 sententiam,
518 4987 623 5074 vulgo
645 4976 742 5051 hunc
765 4978 882 5049 iocum
899 4991 1116 5069 sparserunt:
1165 4979 1362 5048 meratione
1387 4977 1610 5071 sequentium
1640 4977 1860 5048 fallaciarum
1883 4994 2025 5049 secutus
2048 4979 2139 5049 vide·

134 5099 236 5170 Alter
257 5088 443 5182 respondit
466 5110 637 5179 aequum,
663 5085 723 5151 sed
746 5080 835 5152 alter
852 5074 958 5149 habet
975 5103 1117 5172 equum.
1166 5092 1237 5151 tur.
1298 5077 1394 5149 Nam'
1417 5080 1551 5170 primae
1573 5079 1775 5168 partitionis
1797 5103 1899 5149 causa
1923 5103 2141 5176 nequaquam

135 5200 265 5275 Gestus
287 5193 391 5265 etiam
414 5192 452 5259 in
474 5186 769 5282 pronunciatione
786 5181 977 5252 sententias
994 5193 1117 5264 mutat,
1167 5183 1315 5252 obscura
1341 5193 1409 5250 est:
1448 5176 1491 5249 ln
1516 5179 1616 5250 omni
1639 5181 1845 5271 deceptione
1867 5183 1955 5251 oriri
1978 5207 2145 5262 errorem,

132 5317 174 5375 ut
194 5302 233 5371 in
256 5296 388 5379 ironia,
419 5289 508 5365 Cum
530 5287 738 5360 affirmativa
760 5284 920 5354 oratione
942 5282 1117 5372 signitica-
1167 5297 1227 5354 aut
1256 5304 1449 5373 exgenere
1478 5283 1667 5367 sermonis,
1705 5296 1765 5357 aut
1787 5306 1829 5352 ex
1853 5288 1967 5358 rebus.
2031 5285 2085 5357 Ac
2107 5289 2146 5356 de

132 5412 220 5479 mus
235 5399 452 5492 negativam,
479 5406 541 5464 aut
563 5401 718 5463 econtra.
772 5384 867 5458 lnest
887 5385 982 5457 enim
1003 5386 1118 5457 inter·
1167 5385 1358 5457 verborum
1397 5399 1432 5457 et
1465 5387 1667 5457 orationum
1692 5385 1889 5477 praestigiis
1915 5388 1986 5456 iam
2017 5391 2149 5463 dictum

1345 4100 1566 4187 Fallaciae
1594 4108 1715 4185 extra
1739 4101 1973 4186 dictionem.
