4538 5754
125 250 238 328 10191
334 295 337 299 ι

169 552 171 556 ⁴
262 526 591 621 Argumentum
626 538 681 589 uc
714 513 971 608 dispositio

454 653 574 764 primi
613 648 784 733 Psalmi.

133 864 135 869 v
176 832 324 899 Beatus
349 826 408 894 uir
434 825 497 914 qui
522 837 597 890 non
620 812 779 888 obiitin
801 814 956 886 oonsilio
978 813 1112 903 impio·

175 952 261 1001 ram
282 936 354 1000 etc.

123 1085 274 1173 Primus
306 1090 468 1163 Psalmus
502 1104 669 1182 tanquam
705 1085 875 1179 praefatio
915 1099 967 1156 est
1003 1085 1112 1156 totius

109 1199 260 1294 operis,
287 1209 322 1266 et
343 1206 396 1263 est
417 1192 555 1282 generis
578 1188 846 1260 demonstrativi
867 1211 928 1258 seu
951 1188 1111 1259 didasca-

125 1303 201 1374 lici:
235 1294 298 1369 Est
328 1295 422 1365 enim
453 1291 659 1381 descriptio,
692 1292 822 1362 doeens
848 1312 938 1382 quac
961 1290 1007 1361 sit
1028 1313 1110 1360 vero

124 1400 280 1475 Ecclesia
302 1394 390 1479 Dei,
415 1417 504 1489 quae
527 1392 691 1464 videlicet
713 1391 937 1483 amplectitur
961 1391 1109 1461 verbum

124 1504 206 1578 Dei.
257 1499 303 1570 Et
324 1494 411 1566 haec
433 1493 646 1564 discernitur
668 1518 687 1563 a
710 1492 856 1563 caeteris
874 1492 994 1577 sectis,
1019 1517 1110 1585 quac

125 1604 260 1677 habent
274 1597 551 1684 commentitiam
568 1596 788 1677 doctrinam,
812 1595 890 1664 sine
907 1595 1015 1664 verbo
1031 1592 1110 1664 Dei.

125 1705 371 1797 Ampliticatur
400 1711 516 1769 autem
544 1696 734 1789 descriptio
764 1696 954 1767 collatione
975 1718 1110 1766 succes-

126 1830 229 1880 suum
253 1820 287 1875 et
303 1823 508 1896 poenarum.
561 1795 658 1869 Haec
673 1798 814 1868 collatio
831 1797 1109 1868 consolationem

126 1909 294 1983 continet.
344 1901 387 1973 ln
402 1901 509 1973 tantis
522 1900 702 1970 aerumnis
715 1899 856 1970 videtur
864 1894 1020 1969 Ecclesia
1034 1899 1111 1970 fru-

126 2026 196 2082 stra
213 2007 389 2097 suscipere
406 2003 545 2073 labores
560 2015 595 2072 et
611 2000 786 2095 pericula,
813 2002 961 2070 sednon
980 2000 1108 2071 frustra

123 2110 291 2202 suscipit,
317 2107 389 2174 imo
409 2104 551 2173 llorebit
574 2117 612 2175 ut
626 2105 761 2197 palma,
785 2115 941 2173 caeterae
954 2126 1038 2173 vero
1056 2125 1109 2172 se-

125 2230 198 2284 ctae
215 2211 438 2306 delebuntur.

227 2347 319 2417 Cum
354 2356 472 2414 antem
494 2306 605 2414 'docet
636 2365 726 2437 quae
756 2342 801 2410 sit
829 2365 910 2411 vera
941 2339 1110 2426 Ecclesia,

124 2463 246 2522 monet
266 2469 349 2530 nos,
373 2445 551 2533 alligatam
569 2466 642 2514 esse
660 2444 703 2512 ad
724 2444 869 2513 verbum
884 2440 972 2528 Dei,
998 2454 1032 2511 et
1048 2467 1109 2512 co-

124 2552 318 2644 gnitionem
340 2545 449 2616 'verbi
478 2541 566 2631 Dei,
612 2557 647 2615 et
677 2544 913 2616 ministerium
943 2545 1109 2614 omnibus

125 2651 359 2725 commendat.

224 2784 340 2856 Primi
367 2783 439 2853 duo
461 2803 582 2851 versus
605 2795 688 2852 sunt
709 2781 897 2873 descriptio
922 2778 1110 2866 Ecclesiae,

125 2902 286 2984 quaeest
308 2897 410 2956 aucta
432 2878 610 2955 antithesi.
661 2880 820 2954 Primum
839 2884 933 2953 enim
949 2885 1109 2975 negative

125 3003 342 3074 recensetur,
367 2985 430 3080 qui
452 3009 525 3056 non
549 2984 621 3055 sint
641 2987 799 3055 membra
823 2979 1017 3064 Ecclesiae,
1043 3010 1109 3076 po-

123 3109 196 3163 stea
216 3091 361 3162 additur
376 3086 596 3157 affirmativa.
647 3081 703 3154 Et
721 3083 760 3155 in
778 3083 855 3181 lego
870 3082 1033 3156 Domini
1049 3111 1108 3156 vo·

124 3189 253 3264 luntas
276 3189 375 3282 cius,
401 3189 438 3259 id
462 3202 532 3274 est,
557 3188 619 3281 qui
642 3183 711 3257 boc
734 3190 882 3259 verbum
906 3184 1016 3258 aDeo
1036 3203 1108 3260 tra·

122 3298 237 3368 ditum
255 3290 499 3385 amplectitur,
524 3304 560 3361 et
574 3313 649 3358 non
665 3292 824 3383 sequitur
839 3285 1014 3361 humanas
1030 3291 1108 3383 opi-

122 3399 248 3467 niones
269 3397 313 3463 de
335 3390 433 3475 Deo,
463 3413 525 3460 seu
545 3383 734 3476 Ethnicas,
759 3415 821 3462 seu
843 3388 1024 3477 Iudaicas,
1047 3415 1108 3462 seu

117 3489 403 3589 philosophicas,
428 3515 489 3562 seu
510 3513 738 3587 quascunque
760 3506 855 3564 extra
880 3494 1028 3563 verbum
1041 3489 1108 3564 Dei

107 3599 298 3694 confictas.

223 3729 371 3823 Reliqui
391 3746 512 3799 versus
527 3747 651 3796 omnes
667 3725 851 3801 continent
864 3727 1109 3819 amplificatio-

123 3859 205 3906 nem
232 3835 277 3904 de
301 3828 519 3901 successibus
542 3840 578 3899 et
597 3827 772 3899 fructibus
795 3851 899 3899 verae
919 3825 1109 3914 Ecclesiae,

121 3938 219 4007 etde
240 3932 356 4025 exitio
370 3931 573 4021 impiorum.
625 3926 722 3999 Haec
741 3910 966 4020 amplifie'srio
982 3954 1108 4003 conso·

121 4041 218 4111 latur
231 4036 328 4130 pios,
353 4046 515 4123 utsupra
532 4030 619 4102 dixi.

262 4327 594 4423 Arpumentuns
625 4340 680 4391 ac
714 4303 974 4415 dispositio

488 4453 649 4539 Psalmi
683 4453 739 4538 ll.

175 4630 300 4711 Quare
318 4616 564 4716 frenrnernnt
584 4606 739 4710 (lentes,
775 4629 816 4692 et
837 4624 964 4715 populi
984 4621 1110 4697 medi·

73 4736 81 4743 ’
173 4731 251 4800 toti
266 4733 356 4798 sunt
370 4720 531 4797 inania?
555 4731 626 4794 etc.

224 4874 410 4949 Secundus
438 4886 491 4944 est
518 4867 701 4964 prophetia
723 4872 769 4940 de
788 4884 939 4943 venturo
963 4871 1108 4948 Messio.

120 4977 168 5051 Et
187 4999 390 5072 quanquam
414 4973 453 5043 in
474 4975 620 5045 exordio
642 4988 677 5045 et
692 4986 771 5063 post
785 4973 1025 5046 narrationem
1041 4971 1106 5047 ha-

119 5083 180 5151 bet
208 5078 364 5169 insignes
390 5077 566 5162 adiectus,
603 5061 876 5164 obiurgationes
893 5090 928 5148 et
957 5079 1107 5147 commi-

120 5182 302 5264 nationes,
335 5192 451 5247 tamen
479 5176 687 5270 principalis
710 5176 867 5248 narratio
892 5192 945 5248 est
968 5181 1106 5268 generis

120 5278 409 5350 demonstrativi:
451 5278 538 5348 dicit
568 5279 682 5358 enim,
726 5292 760 5348 ct
789 5279 1004 5351 mittendum
1032 5305 1106 5352 esse

118 5380 304 5463 Messium,
329 5380 464 5471 etquis
485 5379 551 5459 sit„
578 5393 612 5449 et
635 5379 697 5453 obi
719 5394 929 5469 regnaturos
949 5383 1013 5454 sit,
1058 5380 1108 5456 Et

714 245 842 324 PlllL.
868 243 985 319 MEL.
1010 244 1219 320 SCRlPTA
1246 243 1550 322 EXEGETlCA.

2058 261 2143 330 1020

1165 411 1203 480 in
1221 410 1290 481 fine
1304 413 1449 484 additur
1467 415 1711 488 testimonium
1728 421 1876 507 deiide,
1901 450 1976 518 qua
1995 429 2147 500 benefida

1163 510 1316 584 Messiae
1330 516 1534 607 accipienda
1549 533 1644 594 sunt.

1267 644 1496 731 Exordium,
1520 648 1709 725 vehemens
1723 654 1920 750 increpatio
1935 675 1994 734 est
2006 657 2147 736 hostium

1162 749 1349 841 Evangelii
1372 765 1406 823 et
1428 753 1668 829 comminatio.
1725 754 1774 826 Hi
1798 761 1961 834 adiectus
1983 789 2026 853 ac
2046 781 2147 838 motu

1163 853 1382 924 conveniunt
1406 855 1580 940 exordiis,
1603 870 1644 928 ut
1666 881 1707 927 ex
1730 865 1925 953 praeceptis
1952 867 2146 957 vulgaribus

1162 966 1291 1025 notum
1314 968 1375 1025 est.
1425 951 1473 1031 Et
1497 959 1685 1050 praecipue
1705 975 1788 1031 suut
1811 963 1935 1036 usitati
1960 964 2146 1060 Prophetis,

1163 1080 1316 1149 quorum
1332 1055 1436 1127 initia
1450 1081 1597 1149 magnos
1612 1059 1752 1131 dolores
1767 1063 1986 1153 significant,
2011 1085 2052 1141 ut
2066 1075 2144 1162 apud

1161 1155 1319 1228 Esaiam:
1346 1160 1481 1230 Audite
1495 1161 1586 1230 coeli
1601 1174 1635 1231 et
1647 1176 1753 1234 terra.
1801 1166 2064 1240 Admonentur
2077 1197 2145 1262 ergo

1163 1283 1260 1349 reges
1289 1275 1323 1331 et
1351 1260 1546 1352 principes,
1587 1287 1632 1331 ne
1659 1260 1803 1335 Christo
1834 1270 2093 1358 adversentur,
2118 1288 2146 1343 et

1162 1362 1377 1433 damnantur
1395 1362 1464 1432 iam
1483 1387 1605 1434 omnes
1622 1365 1827 1441 adversarii.

1263 1492 1539 1593 Dirumpamns
1555 1497 1700 1569 vincula
1717 1500 1858 1602 eornm]
1872 1514 2086 1600 μιμητικῶς
2098 1512 2143 1578 di·

1163 1597 1273 1685 citur,
1306 1613 1339 1669 et
1369 1623 1435 1671 vox
1461 1615 1512 1671 est
1534 1601 1742 1691 impiorum,
1775 1607 1834 1698 qui
1859 1623 1996 1696 negant
2020 1635 2058 1679 sc
2080 1635 2145 1702 pas-

1162 1720 1263 1770 suros
1280 1696 1466 1791 Evangelii
1491 1704 1788 1793 propagationem.
1829 1707 1980 1779 Deinde
2005 1714 2145 1802 opponi-

1162 1813 1221 1871 tur
1250 1802 1371 1872 divina
1404 1805 1646 1874 cornminatio:
1679 1804 1852 1876 Habitans
1878 1810 1915 1877 in
1940 1814 2053 1882 coelis
2077 1815 2144 1883 itri-

1163 1902 1261 1972 debit
1278 1926 1348 1975 eos.

1264 2037 1442 2113 Narratio.
1493 2035 1580 2134 Ego
1603 2039 1744 2137 inungo
1766 2066 1883 2137 regam
1908 2071 2032 2117 meum
2049 2073 2146 2144 snper

1164 2133 1261 2208 Zion
1285 2149 1442 2210 montem
1466 2152 1646 2217 sanctum.
1714 2144 1754 2213 ln
1779 2142 1845 2216 hoc
1871 2173 1980 2219 versu
2004 2151 2145 2222 affirmat

1162 2239 1277 2322 Deus,
1304 2257 1398 2314 certo
1415 2244 1657 2315 remissurum
1674 2270 1745 2316 esse
1757 2244 1950 2336 Messiam,
1977 2266 2013 2322 ct
2026 2253 2144 2323 diserte

1163 2342 1296 2435 inquit:
1331 2339 1407 2435 Ego
1439 2347 1592 2435 inungo,
1625 2362 1664 2418 ut
1696 2349 1846 2417 sciamus
1877 2375 1955 2422 non
1988 2347 2144 2422 humanis

1163 2443 1317 2530 viribus,
1343 2449 1402 2517 sed
1428 2446 1584 2517 mirabili
1608 2452 1716 2519 modo
1737 2450 1910 2524 divinitus
1933 2456 2141 2525 constituen-

1163 2547 1248 2616 dum
1266 2570 1340 2616 esse
1355 2542 1423 2618 boc
1439 2572 1600 2637 regnum.
1635 2580 1640 2588 ·

1265 2676 1404 2751 Deinde
1432 2683 1533 2753 addit
1562 2683 1641 2777 quis
1660 2683 1705 2750 sit
1727 2678 1786 2753 hic
1811 2710 1891 2771 rex,
1926 2703 1963 2759 et
1979 2692 2087 2784 vquale
2104 2693 2142 2761 sit

1162 2777 1231 2851 hoc
1252 2805 1400 2873 regnum
1422 2784 1602 2867 futurum,
1629 2784 1793 2855 videlicet
1810 2786 1847 2855 in
1867 2814 1942 2881 quo
1958 2789 2070 2861 Filius
2083 2791 2142 2862 Dei

1162 2899 1387 2973 agnoscatur,
1415 2899 1449 2956 et
1468 2886 1545 2955 eius
1561 2885 1728 2955 beneficia
1745 2889 1992 2978 celebrentur,
2014 2906 2142 2984 etquo-

1162 3008 1272 3079 usque
1290 2987 1378 3056 lines
1392 2985 1596 3080 proterendi
1613 2982 1694 3059 sint.

1263 3115 1446 3190 Postremo
1474 3119 1577 3192 etiam
1603 3120 1701 3190 addit
1723 3123 1767 3189 de
1789 3125 1911 3207 modo,
1949 3153 2021 3220 quo
2044 3131 2141 3200 beno.

1162 3218 1240 3291 ficia
1255 3214 1362 3290 huius
1379 3222 1479 3311 regni
1496 3223 1719 3292 consecuturi
1735 3223 1856 3296 simus.

1264 3355 1356 3445 Quis
1378 3356 1447 3428 sit?
1496 3354 1566 3427 Hic
1587 3355 1736 3429 Messias
1760 3372 1811 3429 est
1828 3358 1943 3432 Filius
1959 3362 2044 3438 Dei:
2068 3364 2141 3438 Do·

1162 3455 1286 3526 minus
1318 3453 1418 3528 dixit
1447 3452 1503 3527 od
1532 3480 1601 3545 me,
1634 3452 1764 3529 itlius
1795 3484 1831 3529 es
1852 3470 1910 3547 lo,
1948 3488 2014 3560 ego
2045 3463 2144 3539 hodie

1159 3558 1274 3654 genui
1291 3567 1334 3629 te.

1263 3677 1379 3768 Quale
1393 3702 1541 3769 regnum
1557 3680 1648 3749 erit?

1263 3796 1346 3866 Non
1366 3799 1624 3888 gubernabitur
1644 3810 1684 3868 ut
1697 3802 1849 3884 caetera,
1876 3801 2020 3891 legibus
2032 3809 2138 3878 focen-

1161 3898 1259 3969 sibus
1281 3911 1317 3969 et
1337 3899 1464 3983 armis,
1488 3902 1549 3969 sed
1569 3913 1709 3989 regetur
1725 3924 1819 3970 novo
1834 3903 1947 3973 verbo
1964 3907 2010 3977 de
2025 3908 2140 3997 volun-

1161 4013 1233 4073 tate
1264 3996 1332 4069 Dei
1362 4000 1490 4090 placati
1522 4024 1585 4092 per
1612 3996 1707 4072 hunc
1730 3999 1876 4073 Filium.
1930 4004 2020 4078 Ideo
2050 4010 2156 4082 didit.

1161 4094 1392 4171 Praedioobo
1423 4096 1466 4170 de
1491 4111 1696 4198 praecepto,
1738 4097 1868 4174 Wlios
1899 4128 2005 4179 meus
2035 4133 2070 4182 es
2096 4102 2157 4183 nt.

1160 4204 1264 4274 Hanc
1285 4226 1415 4274 novam
1432 4204 1639 4274 sententiam
1658 4203 1708 4273 ait
1723 4225 1760 4273 se
1774 4204 2064 4296 praedicaturum
2077 4226 2146 4283 esse

1162 4306 1206 4374 de
1218 4303 1325 4378 Filio.
1376 4299 1425 4374 Et
1445 4305 1528 4397 quia
1543 4302 1696 4376 affirmat
1710 4327 1747 4374 sc
1761 4308 2054 4397 praedicaturum
2070 4338 2141 4395 esse,

1161 4406 1321 4479 instituet
1354 4406 1591 4478 ministerium
1622 4402 1824 4497 Evangelii:
1866 4411 2073 4486 docendum
2098 4429 2139 4486 est

1161 4507 1288 4599 igitur,
1312 4519 1350 4593 et
1368 4507 1589 4579 discendum.
1640 4504 1688 4577 Et
1705 4509 1744 4576 in
1759 4503 1827 4578 hoc
1843 4510 1941 4583 dicto
1960 4518 2139 4606 cogitemus

1162 4611 1207 4711 de
1230 4609 1358 4680 studiis
1378 4611 1527 4680 nostris:
1553 4607 1653 4681 Deus
1674 4610 1836 4682 adfirmat
1857 4634 1892 4682 se
1917 4609 1989 4687 hoc
2004 4639 2133 4710 regnum

1160 4711 1433 4804 praedicationis
1465 4712 1557 4782 velle
1587 4712 1818 4782 constituere:
1852 4716 2023 4792 defendet
2044 4722 2134 4813 igitur

1144 4813 1276 4885 ‘studia
1297 4825 1332 4884 et
1350 4814 1569 4898 doctrinam,
1597 4837 1662 4883 nec
1680 4812 1771 4884 sinet
1787 4836 1933 4905 prorsus
1951 4822 2068 4893 deleri
2078 4817 2128 4892 Ec·

1160 4893 1300 4996 clesias,
1324 4910 1479 4999 scholas,
1505 4928 1539 4984 et
1556 4915 1735 4985 domicilia
1750 4918 1946 4990 doctrinae.

1261 5047 1457 5143 Quousque
1470 5027 1696 5142 *prosecentur
1712 5051 1824 5121 fines?

1259 5181 1453 5267 Pertotum
1469 5206 1582 5274 genus
1596 5179 1809 5261 humanum:
1837 5183 1955 5259 Dabo
1971 5189 2123 5267 tibiGeo·

1158 5291 1210 5356 tes
1228 5280 1479 5357 haereditatem
1498 5302 1595 5368 tuam
1610 5301 1700 5389 eto,
1723 5281 1784 5357 hic
1796 5292 2004 5368 continetur
2019 5297 2125 5370 doctri.

1156 5387 1648 5479 nadsvuatiooconsium·
1785 5459 1789 5470 .
1911 5456 1917 5497 2
