4538 5754
118 260 192 347 147

118 433 249 502 factum
274 420 400 516 puniat
429 433 464 490 et
486 421 642 492 destruat
663 443 752 490 reos.
803 417 882 492 Etsi
907 437 1022 494 autem
1046 415 1106 491 hic

120 531 224 607 dolor
239 527 278 595 in
292 521 397 593 malis
412 522 671 614 aliquantisper
683 518 791 593 hebes
805 537 867 609 est,
892 537 1008 592 tamen
1027 537 1109 593 tan-

122 636 201 704 dem
219 628 258 697 tit
275 646 377 694 sevus
400 636 434 693 et
459 623 632 711 extinguit
651 646 729 708 eos,
754 624 838 719 quia
862 624 919 694 lex
942 638 992 695 est
1014 622 1109 692 iudi-

123 734 217 804 cium
233 725 313 798 Dei.
346 719 394 793 Et
409 723 542 793 accedit
556 726 599 792 ad
616 723 811 795 naturalem
830 727 1003 809 dolorem,
1029 749 1110 813 per-

124 826 341 909 terrefactio,
373 848 444 916 qua
466 822 562 894 Deus
584 824 659 916 ipse
684 849 748 895 ceu
768 826 919 896 fulmine
941 825 1111 918 opprimit

82 919 85 926 ⁵
126 937 258 1014 fontes,
280 925 377 998 utin
393 924 534 995 Psalmo
553 926 701 996 dicitur:
738 922 781 994 In
804 928 857 998 ira
872 943 934 999 tua
950 926 1111 998 turbabis

127 1057 208 1117 eos,
231 1027 341 1121 imple
358 1026 464 1096 facies
477 1050 600 1097 eorum
619 1026 829 1118 ignominia.
879 1026 985 1100 Item:
1011 1025 1113 1100 Sicut

127 1137 205 1216 leo,
229 1126 398 1211 contrivit
413 1127 533 1197 omnia
548 1151 625 1199 ossa
643 1151 732 1201 mea.
783 1128 837 1200 lta
853 1131 1035 1200 sciendum
1051 1140 1113 1212 est,

128 1254 249 1307 causas
274 1227 408 1300 doloris
430 1230 551 1318 plures
573 1251 665 1317 esse,
697 1230 830 1302 scilicet
857 1233 943 1301 alias
965 1244 1113 1301 naturae

129 1334 311 1418 ordinem,
335 1330 421 1400 alias
437 1327 553 1401 Deum
577 1331 682 1400 etiam
706 1332 909 1403 immediate
927 1331 1115 1402 effunden-

31 1522 34 1527 .
130 1451 201 1509 tem
215 1434 305 1502 iram
320 1454 437 1517 suam,
461 1432 557 1502 utin
575 1430 663 1504 luda
678 1446 713 1503 et
727 1434 914 1509 similibus.
955 1431 1052 1502 Haec
1070 1433 1114 1500 de

130 1535 244 1609 causis
260 1533 424 1604 dolorum
438 1535 476 1601 in
488 1533 701 1605 conscientia
717 1535 941 1606 considerare
955 1534 1042 1605 utile
1054 1544 1115 1605 est.

223 1649 412 1724 'Usitatum
429 1663 480 1720 est
497 1652 591 1742 apud
609 1648 812 1743 Theologos
828 1675 959 1722 nomen
982 1641 1112 1742 συντή-

133 1776 255 1852 ρησις,
288 1775 360 1844 quo
382 1751 587 1841 intelligunt
608 1756 776 1824 noticiam
799 1754 904 1842 legis,
939 1774 1028 1846 quae
1048 1774 1116 1820 no·

131 1859 270 1929 biscum
294 1852 469 1937 nascitur,
493 1876 599 1944 quam
616 1855 697 1924 ideo
723 1855 910 1924 nominant
934 1844 1117 1946 συντήρη-

136 1979 210 2043 ων,
234 1955 319 2047 quia
334 1976 472 2045 semper
486 1953 526 2021 in
542 1948 687 2025 homine
702 1957 807 2026 etiam
821 1955 987 2025 scelerato
1002 1964 1117 2022 servet

134 2053 417 2131 admonitionem
439 2054 701 2142 ostendentem,
726 2057 813 2149 quid
837 2069 970 2126 rectum
994 2055 1057 2139 sit,
1082 2065 1118 2122 et

135 2159 231 2253 quod
250 2157 298 2227 sit
312 2155 483 2226 iudicium
506 2153 588 2226 Dei.
638 2154 686 2227 Et
706 2157 817 2250 aliqui
841 2157 891 2225 sic
911 2157 1117 2226 discernunt

135 2256 221 2330 haec
232 2257 420 2341 vocabula,
445 2257 624 2327 dicuntia
641 2258 844 2351 syllogismo
861 2258 1014 2347 practico
1029 2277 1118 2326 con-

136 2359 317 2432 scientiam
332 2379 464 2448 ponere
484 2357 661 2428 minorem
682 2372 716 2429 et
733 2359 1015 2443 conclusionem,
1040 2379 1117 2428 ma-

135 2463 248 2532 iorem
271 2482 356 2527 vero
379 2480 452 2527 esse
474 2452 718 2552 συντήρησιν,
740 2474 780 2531 ut
802 2459 889 2532 Saul
913 2479 1116 2557 quanquam

97 2627 101 2635 ,
135 2561 335 2648 sceleratus,
360 2571 478 2628 tamen
493 2558 541 2629 ita
559 2561 799 2631 ratiocinatur.
849 2559 946 2631 Deus
960 2556 1119 2629 horribi-

137 2664 220 2733 liter
239 2659 401 2730 irascitur
415 2654 623 2746 homicidis,
648 2664 710 2756 qui
728 2657 891 2731 homines
913 2662 1119 2731 innocentes

136 2761 374 2845 interficiunt,
396 2773 431 2830 et
455 2761 609 2830 vicissim
632 2764 719 2833 tales
739 2757 935 2844 homicidas
960 2761 1053 2852 rapit
1073 2761 1118 2829 ad

138 2885 283 2958 poenas.
327 2858 410 2952 Ego
426 2864 622 2934 sacerdotes
636 2864 841 2935 innocentes
857 2864 987 2934 multos
1007 2863 1120 2932 inter-

138 2965 217 3037 feci.
269 2960 366 3034 Deus
386 2963 496 3052 igitur
519 2961 610 3034 mihi
631 2966 813 3047 irascitur,
848 2978 882 3035 et
904 2989 961 3035 me
986 2965 1120 3053 puniet.

139 3064 183 3136 ln
197 3065 260 3138 tali
273 3064 479 3159 syllogismo
493 3065 665 3137 maiorem
681 3068 868 3136 nominant
882 3058 1119 3160 συντήρησιν,

141 3166 390 3238 conscientiam
431 3187 515 3234 vero
554 3168 729 3238 minorem
775 3181 809 3237 et
844 3167 1121 3240 conclusionem.

139 3264 272 3338 Paulus
288 3278 399 3336 totum
421 3264 663 3357 syllogismum
681 3267 1119 3338 nominat-conscientiam.

139 3365 243 3436 Hanc
264 3369 407 3437 brevem
429 3366 708 3438 admonitionem
731 3369 776 3435 de
796 3364 850 3438 his
871 3366 1121 3458 adpellationi-

140 3470 208 3539 bus
222 3466 371 3550 inserui,
384 3466 428 3535 de
443 3465 573 3559 quibus
584 3470 646 3538 alii
661 3468 791 3554 multas
803 3468 1005 3560 peregrinas
1015 3491 1123 3561 quae-

142 3568 274 3640 stiones
288 3579 451 3652 movent,
476 3592 567 3661 quae
583 3565 639 3640 bis
654 3569 767 3640 initiis
783 3573 931 3660 coguitis
949 3570 1051 3640 facile
1066 3570 1123 3639 iu·

143 3669 255 3740 dicari
270 3681 428 3761 possunt.

293 3874 354 3973 De
371 3875 567 3947 intellectu
587 3883 724 3973 ugente
741 3837 780 3950 et
791 3878 973 3969 patiente.

242 4015 322 4092 Etsi
345 4044 489 4111 magnae
512 4037 594 4095 sunt
617 4027 861 4095 contentiones
877 4025 921 4092 de
943 4024 1124 4095 intellectu

72 4118 85 4137 ‘
142 4135 264 4214 agente
288 4136 323 4193 et
343 4124 513 4215 patiente,
539 4136 658 4195 tamen
673 4126 703 4195 si
718 4126 891 4195 sumimus
906 4125 951 4193 ab
973 4126 1124 4195 actioni-

142 4225 209 4393 blus
226 4224 433 4344 discrimen,
458 4224 606 4317 simplex
628 4240 670 4297 et·
685 4226 868 4318 perspicua
885 4238 937 4297 est
954 4219 1040 4297 baec
1063 4252 1123 4298 ex·

143 4349 165 4415 p
181 4340 296 4397 rcatro.

245 4438 353 4515 Oculi
374 4447 569 4517 incolumes
592 4444 827 4537 plurimorum
858 4446 1035 4518 intuentes
1058 4450 1124 4519 ali-

142 4543 253 4636 quid,
284 4547 415 4635 pariter
435 4548 473 4617 id
499 4547 635 4619 vident.
685 4547 735 4617 At
758 4560 892 4619 mentes
912 4551 1018 4619 etiam
1042 4555 1122 4620 ru'm

145 4644 238 4713 idern
256 4660 440 4738 quaerunt,
460 4661 577 4720 nmen
591 4672 663 4719 non
678 4648 809 4741 pariter
824 4649 1024 4721 inveniunt.
1056 4648 1123 4720 ln·-

145 4759 249 4817 venta
270 4745 403 4838 pariter
420 4742 619 4840 'intelligere
643 4762 812 4843 possunt,
834 4751 1123 4822 cum'declaran-

144 4866 218 4932 tur,
242 4860 283 4917 ut
305 4848 477 4919 rationem
498 4853 692 4942 adparandi
711 4852 868 4944 pulveris
891 4853 1123 4940 tormentarii,

142 4960 177 5018 et
193 4948 371 5018 iaculandi
388 4949 512 5038 globos
528 4952 689 5024 iuvenire
704 4958 814 5024 nenio
825 4951 959 5046 potuit,
984 4967 1123 5044 praeter

140 5061 315 5220 autqrem:
355 5048 541 5121 Inventam
571 5054 782 5147 intelligunt*
807 5068 842 5127 et
873 5056 1026 5147 probant
1059 5056 1120 5126 alii

139 5163 206 5221 arti
233 5168 299 5221 ces.

349 244 561 326 SCRIPTA
587 245 663 320 PH.
689 244 804 325 MEL.
831 247 899 322 Ab
924 249 1052 324 HlST.
1079 246 1225 330 PROF.
1248 249 1316 324 ΕΤ
1343 245 1535 328 PHILOS.
1568 245 1913 323 SPECTANTlA.'

2073 244 2149 317 148

1159 423 1363 506 oculorum,
1389 421 1451 514 qui
1469 433 1606 492 tantum
1631 421 1811 513 accipiunt
1832 419 1967 488 obiecta
1991 417 2152 508 singula-

1159 525 1232 606 ria,
1259 520 1352 593 nibil
1373 523 1642 595 ratiocinantur.
1696 520 1745 599 At
1765 521 1965 592 intellectus
1988 543 2070 590 curn
2093 542 2153 590 ac-

1160 625 1252 718 cepit
1265 624 1413 707 obiecta,
1439 624 1632 712 componit,
1659 623 1801 706 dividit,
1828 620 2073 705 ratiocinatur,
2096 621 2154 691 iu-

1161 728 1267 798 dicat.
1312 722 1356 794 lu
1371 721 1438 794 bac
1459 724 1729 794 ratiocinatione
1744 724 1841 793 aliud
1857 749 1898 793 ex
1914 722 1986 794 alio
2002 722 2153 795 invenit.

1160 825 1231 896 Hic
1256 826 1421 896 inventor
1446 825 1664 911 intellectus,
1690 837 1724 895 et
1746 838 1915 918 tanquam
1937 829 2042 916 poie'ta
2060 823 2155 895 dici-

1163 942 1220 1000 tur
1234 951 1360 1018 agens,
1385 950 1446 996 seu
1461 926 1591 997 rectius
1604 927 1746 997 faciens

1263 1043 1426 1116 Alterum
1449 1042 1604 1113 officium
1629 1056 1680 1113 est
1703 1057 1821 1136 postea
1846 1043 1992 1113 inventa
2016 1038 2158 1113 intelli-'-

1164 1168 1263 1235 gere,
1289 1167 1487 1234 agnoscere,
1515 1159 1549 1215 et
1565 1157 1732 1237 tauquam
1746 1146 1873 1214 dictata
1890 1144 2061 1235 accipere.
2093 1139 2155 1213 Ab

1165 1244 1233 1318 hoc
1255 1247 1372 1316 officio
1396 1245 1603 1316 nominatur
1627 1245 1826 1315 intellectus
1852 1245 2000 1335 patiens.
2054 1238 2158 1312 Vidit

1165 1347 1373 1419 Aristoteles
1395 1346 1433 1414 in
1457 1347 1555 1415 omni
1570 1347 1662 1431 vita,
1689 1347 1728 1414 in
1751 1347 1906 1428 artibus,
1932 1347 1971 1415 iu
1993 1342 2156 1415 consiliis

1166 1449 1318 1538 publicis
1341 1461 1375 1517 et
1399 1448 1565 1536 privatis,
1591 1448 1629 1514 iu
1653 1448 1976 1536 stratagematibus,
2001 1447 2043 1515 in
2066 1450 2157 1536 poli·

1166 1551 1253 1634 tica,
1277 1550 1315 1617 in
1333 1549 1552 1641 eloquentia,
1577 1548 1666 1618 alios
1680 1549 1761 1618 aliis
1777 1548 2052 1639 perspicaciores
2068 1567 2158 1628 esse,

1167 1665 1201 1722 et
1222 1650 1429 1721 inventione
1452 1649 1532 1739 plus
1554 1648 1686 1719 valere:
1719 1647 1822 1719 Alios
1850 1649 1995 1719 inventa
2017 1647 2158 1718 intelli-

1167 1775 1268 1841 gere,
1295 1765 1329 1821 et
1345 1750 1418 1820 suis
1435 1750 1707 1840 cogitationibus
1728 1750 1921 1835 anteferre,
1947 1763 1987 1821 ut
2002 1743 2158 1819 Themi-

1167 1854 1291 1923 stocles
1308 1854 1477 1937 suadens,
1503 1866 1542 1923 ut
1557 1852 1649 1921 cives
1666 1853 1785 1922 relicta
1801 1854 1890 1921 urbe
1905 1873 2011 1921 naves
2033 1850 2159 1938 ingre·

1168 1955 1330 2032 diantur,
1357 1956 1438 2043 plus
1452 1952 1543 2021 valet
1564 1953 1746 2023 intellectu
1769 1953 1936 2037 faciente,
1960 1974 2067 2045 quam
2083 1949 2161 2036 alii,

1166 2057 1228 2125 sed
1247 2056 1376 2125 coeteri
1393 2054 1597 2144 intelligunt
1612 2055 1850 2125 consiliumet
1869 2053 2083 2144 adprobant.

1262 2170 1447 2241 Hannibal
1465 2171 1676 2240 interclusus
1693 2194 1712 2240 a
1731 2170 1843 2240 Fabio
1860 2171 1949 2240 mira
1967 2182 2043 2239 arte
2057 2182 2159 2261 pate-

1168 2274 1251 2344 fecit
1271 2273 1340 2342 sibi
1367 2273 1509 2342 exitum.
1560 2270 1677 2342 Boum
1701 2273 1868 2341 cornibus
1898 2270 2058 2360 alligavit
2079 2293 2160 2339 sar-

1169 2388 1287 2445 menta
1303 2374 1466 2452 incensa,
1492 2386 1532 2442 ut
1549 2373 1716 2444 exercitui
1733 2371 1898 2445 Romano
1916 2395 2072 2441 errorem
2091 2373 2159 2442 ob·

1171 2477 1327 2545 iicerent.
1382 2473 1422 2543 ld
1452 2497 1526 2542 non
1551 2474 1702 2543 venisset
1729 2474 1877 2544 cuilibet
1908 2474 1948 2542 in
1978 2485 2159 2554 mentem,

1170 2576 1307 2646 etiamsi
1323 2575 1508 2644 inventum
1527 2575 1656 2644 coeteri
1672 2574 1875 2664 intelligunt
1890 2587 1925 2645 et
1941 2574 2107 2666 probant.

1271 2692 1362 2765 Cum
1380 2693 1584 2762 Alexandro
1608 2692 1645 2760 in
1668 2693 1766 2761 aditu
1788 2693 1894 2763 Asiae
1917 2691 2162 2778 nunciaretur,

1170 2796 1312 2865 sudasse
1328 2789 1468 2885 Orphei
1487 2807 1658 2879 statuam,
1683 2794 1791 2887 idque
1807 2794 1987 2864 videretur
2007 2793 2160 2887 quibus·

1171 2900 1251 2966 dam
1274 2896 1372 2966 triste
1396 2919 1520 2978 omen,
1545 2892 1747 2964 Alexander
1769 2909 1891 2987 contra
1916 2894 2052 2989 inquit,
2080 2896 2160 2986 pla·

1171 3022 1248 3069 cere
1275 2996 1343 3066 sibi
1370 3019 1494 3081 omen,
1529 2995 1705 3066 facturum
1733 3018 1770 3065 ss
1796 3018 1963 3087 maguum
1996 2996 2159 3066 laborem

1172 3099 1298 3191 politis.
1362 3095 1481 3167 Huius
1519 3097 1605 3166 dicti
1642 3097 1878 3167 urbanitatem
1910 3096 2162 3184 intelligebant

1173 3199 1320 3282 coeteri,
1344 3201 1406 3290 qui
1425 3213 1541 3269 tamen
1567 3197 1673 3267 etiam
1688 3198 1752 3268 diu
1772 3211 1982 3294 quaerentes
2000 3220 2074 3268 nou
2096 3198 2159 3266 in-

1172 3301 1362 3370 venissent.

1274 3397 1365 3469 Cum
1389 3413 1505 3471 autern
1535 3399 1659 3489 ingens
1681 3402 1787 3471 decus
1816 3400 1862 3472 sit
1887 3400 1926 3471 iu
1950 3400 2050 3473 omni
2073 3401 2159 3487 vita,

1174 3515 1267 3573 recta
1281 3502 1441 3572 inventio
1456 3525 1516 3572 seu
1531 3500 1690 3587 consilii,
1715 3524 1778 3574 seu
1798 3503 2000 3589 doctrinae,
2026 3516 2060 3573 et
2080 3526 2159 3572 ma-

1175 3605 1287 3674 ximas
1307 3627 1361 3673 res
1383 3602 1573 3691 gubernet,
1599 3603 1725 3674 merito
1744 3604 1970 3694 amplissimis
1988 3603 2158 3673 laudibus

1175 3700 1384 3776 Aristoteles
1401 3700 1495 3772 bunc
1511 3703 1733 3774 inventorem
1751 3705 1970 3776 intellectum
1983 3717 2100 3776 ornat.
2153 3772 2155 3777 .

1276 3821 1326 3896 Ut
1338 3822 1460 3892 lumen
1477 3823 1598 3891 oculos
1615 3822 1776 3908 adiuvat,
1804 3823 1851 3893 ita
1868 3823 1917 3894 ait
1939 3822 2157 3895 intellectum

1174 3924 1367 4016 patientem
1399 3923 1445 3991 ab
1473 3921 1659 3992 inventore
1692 3924 1865 3994 adiuvari.
1924 3921 2073 3994 Necesse
2105 3938 2158 3996 est

1177 4025 1272 4094 enim
1285 4047 1351 4094 nos
1366 4036 1427 4093 aut
1442 4023 1603 4093 invenire
1617 4024 1713 4115 ipsos
1735 4024 1902 4111 consilia,
1926 4040 1989 4097 aut
2003 4026 2158 4097 aliorum

1172 4126 1348 4219 irruentis,
1375 4139 1543 4218 tanquam
1558 4126 1697 4199 dictatis
1711 4128 1778 4200 uti.

1276 4242 1383 4314 Hunc
1406 4242 1455 4312 ait
1477 4235 1680 4312 abstrahere
1703 4265 1723 4312 a
1746 4238 2063 4334 phantasmatibus.
2115 4245 2157 4315 Id

1112 4391 1114 4394 >
1175 4360 1245 4433 est,
1277 4341 1337 4415 hic
1359 4343 1520 4414 celeriter
1538 4343 1673 4413 obiecta
1697 4346 1850 4431 confert,
1883 4343 1981 4436 signa
2006 4346 2158 4439 quaerit,

1171 4472 1215 4543 ex
1230 4447 1340 4539 signis
1361 4467 1480 4514 causas
1497 4457 1559 4514 aut
1574 4445 1738 4532 effectus,
1761 4446 1987 4535 collationes,
2008 4447 2159 4517 allusio·

1174 4573 1255 4631 nes,
1278 4561 1312 4618 et
1328 4547 1411 4615 inde
1425 4544 1523 4634 eligit
1544 4547 1638 4638 quod
1662 4559 1712 4616 est
1728 4546 1960 4639 aptissimum.
2010 4544 2058 4620 Ut
2073 4571 2158 4618 cum

1173 4648 1348 4720 Demades
1369 4645 1503 4740 inquit:
1541 4644 1689 4718 Mortuo
1710 4646 1932 4738 Alexandro,
1965 4649 2156 4721 exercitum

1174 4751 1251 4822 eius
1274 4750 1424 4820 similem
1447 4748 1523 4818 fore
1538 4748 1687 4842 Cyclopi
1710 4749 1835 4820 effosso
1863 4752 1988 4834 oculo,
2013 4748 2158 4823 celerri-

1174 4876 1268 4922 mam
1302 4851 1529 4923 collatiouem
1562 4850 1645 4920 fecit
1674 4851 1793 4940 magni
1829 4853 2000 4924 exercitus
2025 4851 2157 4922 amisso

1167 4946 1281 5040 duce,
1304 4955 1350 5024 ad
1366 4975 1535 5043 magnum
1547 4974 1675 5044 corpus
1690 4947 1873 5047 Cyclopis,
1898 4954 2025 5026 amisso
2040 4953 2157 5027 oculo.

1274 5066 1459 5141 Praeterea
1480 5068 1596 5160 inquit
1612 5065 1838 5152 Aristoteles,
1869 5064 1966 5141 hunc
1988 5072 2156 5142 invento·

1172 5194 1246 5241 rem
1263 5171 1479 5244 intellectum
1496 5170 1594 5239 velut
1613 5183 1725 5240 artem
1742 5194 1815 5241 esse
1821 5224 1832 5256 ,
1856 5171 2006 5242 alterum
2024 5184 2063 5243 ut
2079 5195 2155 5241 ma·

235 5264 413 5339 Discernit
438 5268 547 5359 igitur
562 5268 772 5342 Aristoteles
794 5275 866 5344 duo
882 5271 995 5346 officia
1013 5274 1120 5347 intel·
1172 5272 1316 5358 teriam,
1342 5295 1447 5364 quarn
1470 5272 1600 5341 format
1618 5285 1651 5344 et
1669 5273 1800 5362 expolit
1821 5271 1967 5361 artifex,
1992 5287 2032 5346 ut
2056 5297 2158 5365 prae-

138 5366 267 5458 lectus,
286 5382 370 5443 sunt
391 5369 485 5442 euim
500 5371 612 5465 ‚plura
631 5370 747 5443 officia
767 5373 987 5464 intellectus,
1010 5401 1119 5476 quam
1171 5386 1292 5464 ceptor
1306 5373 1489 5445 formatae
1504 5373 1622 5444 erudit
1637 5372 1860 5467 discipulum.
