4538 5754
108 185 195 311 ‘ssa
358 226 571 306 sontem
596 228 674 301 ru.
700 224 819 303 unu
841 226 910 304 an
936 229 1065 307 urse.
1086 227 1236 307 ,enon
1261 230 1328 307 nn
1354 231 1548 314 euuos.
1573 176 1935 313 senesanna
2053 222 2152 318 ess

225 357 366 476 Olfilllo
389 416 507 474 aulem
529 422 667 472 meum
689 401 822 472 ⁸⁰l⁸r²⁸
844 414 878 471 el
901 401 1041 483 civile&
1075 414 1110 471 et
1159 407 1280 492 cessit,
1305 406 1513 479 intercurrit
1528 421 1648 480 noster
1663 410 1760 481 visus
1777 395 2007 482 interSolem
2023 424 2058 481 et
2074 408 2152 484 Ln-

122 521 260 580 tantnm
278 507 322 574 de
335 505 523 576 lunaribus
537 504 661 573 dicam.
701 499 785 573 ideo
803 503 898 572 enirn
916 503 1108 573 discrimen
1159 532 1226 578 nae
1246 521 1383 600 portem
1406 511 1590 579 obversam
1613 509 1710 591 Soli,
1742 525 1777 582 et
1801 534 1873 605 qno
1896 511 2039 601 longius
2062 537 2151 604 pro·

58 665 65 678 f
123 607 317 681 tenendum
334 621 402 691 est,
429 606 513 701 quia
529 603 717 696 scriptores
731 604 818 674 alias
839 607 883 674 de
904 604 985 673 aliis
1007 627 1109 673 men·
1159 611 1319 700 greditur
1345 609 1468 693 Luna,
1506 634 1548 679 eo
1582 611 1753 681 maiorem
1783 625 1920 704 partem
1951 613 2149 686 illuminati

29 708 31 712 '
122 711 222 781 sibus
236 709 445 802 loquuntur.
1159 711 1268 803 spacii
1290 707 1523 802 apprehendit
1546 725 1667 783 noster
1689 713 1826 788 oculus.
1876 711 1973 786 Hinc
1996 714 2150 786 diversi-

227 808 376 902 Tripler
392 809 501 899 igitur
515 822 567 880 est
588 807 725 878 lunaris
747 805 878 876 mensis
891 797 1108 902 περιοδικός,
1161 825 1213 882 tas
1227 827 1279 882 est
1293 813 1591 902 apparentiamm.

6 942 8 946 ·
124 912 256 984 dieitur
269 913 376 1002 vulgo
396 909 528 980 mensis
550 908 824 999 peragrationis,
850 921 971 1002 estque
996 907 1109 978 inter·
1262 910 1414 984 Videtur
1436 929 1554 986 autem
1581 915 1816 1000 corniculata,
1849 917 1932 1010 qnia
1960 914 2064 986 Luna
2096 930 2150 987 est

125 1015 280 1095 vallum,
306 1020 378 1107 quo
391 1011 495 1084 Luna
509 1012 554 1081 ad
569 1011 659 1081 illud
681 1024 850 1102 punctum
869 1007 1029 1097 signiferi
1052 1033 1109 1077 re·
1160 1036 1289 1105 corpus
1306 1009 1551 1104 sphaericum,
1575 1017 1614 1086 ht
1635 1017 1744 1107 igitur
1765 1041 1960 1088 convexum
1986 1018 2149 1098 luminis,

124 1116 198 1202 dit,
230 1117 327 1185 unde
348 1114 503 1205 digressa
529 1111 639 1183 estin
661 1109 821 1203 proxima
846 1109 1109 1184 coniunctione.
1160 1139 1272 1186 arcus.
1328 1112 1377 1187 Et
1399 1118 1483 1210 quia
1508 1131 1631 1188 noster
1651 1118 1777 1188 oculus
1798 1119 2006 1214 exobliqno
2022 1120 2149 1212 aspicit

123 1215 194 1288 Hic
206 1216 375 1287 circuitus
390 1228 442 1286 est
455 1215 595 1284 dierum
613 1210 674 1297 27,
701 1208 870 1282 horarum
888 1211 924 1296 7,
949 1210 1108 1281 ηιὶηιιιοὲ
1159 1216 1309 1300 lineam,
1334 1240 1424 1310 qnae
1443 1217 1573 1288 dividit
1589 1219 1827 1288 illuminatam
1846 1231 1982 1309 partem
1993 1222 2044 1290 ab
2059 1244 2149 1312 opa-

125 1343 207 1390 rnm
223 1315 293 1403 48,
312 1319 549 1388 secundorum
566 1312 601 1385 7.
1161 1341 1223 1402 ea,
1249 1319 1390 1388 videtur
1405 1314 1490 1388 haee
1505 1319 1600 1390 linea
1615 1322 1778 1390 recedere
1793 1322 1837 1389 ad
1853 1343 2046 1390 convexam
2061 1345 2149 1412 pro-

226 1411 455 1505 Συνοδικός,
479 1415 738 1488 consecutionis
752 1435 815 1484 seu
838 1413 1109 1485 coniunctiona·
1161 1432 1241 1510 pter
1253 1419 1391 1509 globosi
1407 1421 1566 1510 corporis
1586 1420 1747 1511 liguram.
1801 1419 1861 1492 Fit
1881 1422 1991 1511 igitur
2011 1422 2149 1514 species

124 1523 182 1608 lis,
207 1534 258 1592 est
272 1521 512 1603 intervallum,
529 1542 601 1613 quo
615 1516 718 1589 Luna
733 1538 809 1586 non
821 1517 938 1586 solum
954 1517 999 1586 ad
1014 1516 1109 1585 idem
1161 1521 1316 1613 primurn
1329 1521 1556 1595 corniculata.

125 1637 300 1718 punctum
324 1622 435 1706 redit,
467 1623 565 1691 unde
585 1618 811 1702 discesserat,
830 1618 904 1688 -sed
925 1619 970 1687 ad
993 1616 1109 1707 ipsum
1259 1618 1399 1691 Deinde
1420 1646 1505 1692 vero
1521 1636 1600 1714 post
1616 1621 1766 1712 primam
1782 1636 1963 1714 quartam,
1988 1625 2072 1717 quia
2090 1646 2148 1693 re-

126 1723 268 1808 Solem,
298 1724 361 1818 qui
393 1723 526 1794 interea
550 1721 692 1811 longius
712 1740 936 1812 progressus,
968 1719 1111 1788 recessit
1161 1733 1217 1791 eta
1237 1722 1426 1814 aspicimus
1452 1723 1604 1805 lineam,
1643 1746 1734 1815 qnae
1754 1723 1885 1795 dividit
1910 1724 2147 1796 illuminatam

126 1829 240 1899 aloco
256 1825 435 1915 proximae
454 1822 728 1906 coniunctionis,
753 1821 813 1890 sed
830 1816 934 1888 Luna
949 1841 1030 1891 eum
1046 1820 1110 1888 ad·
1162 1833 1297 1913 partem
1314 1825 1358 1895 ab
1376 1847 1505 1914 opaca,
1529 1825 1671 1893 videtur
1693 1823 1792 1917 quasi
1808 1827 1916 1895 secari
1931 1846 2058 1916 corpus
2072 1825 2149 1896 Ln-

124 1926 286 2023 sequitur
304 1926 408 1997 aline
424 1923 555 1994 mensis
572 1920 761 2015 periodici,
787 1919 905 2013 spacio
927 1919 1110 2014 aliquanto
1149 1947 1241 1993 snae.
1293 1922 1377 1996 ldeo
1400 1939 1486 1997 tunc
1508 1949 1583 1994 non
1608 1925 1844 2007 corniculata,
1869 1928 1928 1996 sed
1950 1919 2149 2019 διχότομος

124 2030 260 2100 maiore
276 2050 383 2123 qnam
397 2025 511 2100 bidui.
561 2021 628 2097 Est
640 2038 758 2097 autem
771 2021 903 2091 mensis
917 2021 1110 2115 synodicus
1161 2023 1390 2116 conspicitur.

124 2131 283 2209 medius,
308 2129 449 2199 dierum
466 2127 528 2213 29,
544 2120 713 2197 horarum
735 2127 797 2207 12,
811 2122 1034 2193 minutorum
1047 2119 1111 2207 44,
1262 2124 1424 2221 Cumque
1441 2149 1523 2220 pars
1537 2127 1685 2197 obversa
1700 2124 1776 2197 Soli
1799 2127 2040 2214 illuminetur,
2065 2151 2149 2198 ver-

123 2232 359 2305 secuudornm
375 2227 410 2302 8.
1161 2226 1205 2300 tit
1220 2250 1322 2297 arcus
1337 2251 1470 2299 cornua
1486 2228 1603 2300 aSole
1617 2250 1738 2298 versus
1753 2228 1939 2315 orientem,
1954 2253 2036 2299 cum
2043 2227 2148 2300 Luna

226 2330 364 2403 Mensis
378 2329 654 2400 illuminationis
670 2341 723 2400 est
742 2323 970 2396 intervallum
991 2348 1011 2395 s
1034 2323 1110 2416 pri·
1161 2328 1449 2400 sconiunctione
1469 2331 1611 2401 recedit.
1662 2324 1818 2399 Econsra
1847 2354 1932 2400 vero
1956 2329 2067 2399 simili
2087 2354 2147 2400 ra-

126 2459 185 2504 mo
208 2446 400 2524 conspectu
422 2432 598 2501 nascentis
611 2429 736 2500 Lunae
756 2449 868 2520 usqne
883 2426 928 2496 ad
943 2425 1108 2496 ultimum
1161 2429 1259 2499 tione
1281 2453 1413 2501 comna
1435 2432 1482 2502 sd
1502 2453 1664 2501 occasum
1683 2430 1789 2501 vertit
1813 2433 1982 2501 accedens
1999 2433 2045 2503 ad
2060 2454 2146 2504 con·

125 2536 220 2606 diem
238 2531 486 2615 evanescentis,
511 2533 607 2625 quod
624 2532 730 2622 vulgo
744 2527 869 2598 dicunt
882 2549 955 2597 esse
969 2527 1109 2596 dierum
1161 2530 1391 2603 iunctionem.

123 2635 187 2721 28,
208 2635 305 2729 quod
329 2647 447 2721 tapnen
467 2657 542 2703 non
569 2646 620 2703 est
641 2645 869 2726 perpetuum,
902 2627 986 2722 quia
1005 2626 1109 2698 Luna
1660 2711 1669 2728 ·
1719 2710 1727 2726 .

125 2736 214 2807 alias
228 2734 382 2818 tardius,
407 2735 494 2804 alias
509 2734 613 2805 citius
626 2756 663 2804 se
678 2732 783 2804 nohis
799 2730 964 2803 ostendit.
990 2725 1110 2800 lnter-
1501 2706 1562 2777 90
1587 2703 1807 2798 E‘illlmlmi-

124 2841 210 2911 dum
225 2838 336 2909 altero
352 2836 410 2906 die
427 2848 504 2928 post
519 2835 818 2914 coniunctionem,
843 2831 1023 2902 interdum
1037 2843 1109 2900 ter-
1263 2833 1462 2908 Multarum
1485 2861 1604 2908 rerum
1634 2837 1870 2907 admiratione
1898 2849 1932 2908 et
1959 2838 2147 2910 manifesta

126 2940 196 3024 tio,
220 2939 399 3010 interdum
416 2951 543 3031 quarto
563 2938 620 3009 die
640 2937 772 3029 prodit.
822 2930 872 3004 Et
891 2955 1015 3005 causae
1040 2927 1110 3003 hu·
1161 2933 1315 3008 utilitate
1333 2952 1449 3009 motae
1472 2954 1555 3011 sunt
1577 2935 1753 3009 humanae
1767 2949 1924 3024 mentes,
1948 2951 1988 3009 ut
2004 2941 2146 3012 coelum

125 3042 182 3113 ius
196 3039 373 3111 varietatis
391 3034 457 3108 hae
474 3051 571 3110 sunt.
622 3039 707 3111 Sole
721 3033 954 3110 iterfaciente
968 3034 1013 3104 ab
1037 3032 1109 3102 ini·
1161 3036 1368 3126 diligentius
1388 3042 1603 3133 aspicerent,
1628 3043 1723 3112 etde
1748 3052 1865 3109 mente
1885 3035 2147 3112 architectatri-

125 3143 176 3215 tio
184 3138 395 3233 Capricorni
409 3141 454 3211 ad
470 3140 575 3211 finem
586 3138 836 3216 Geminorum,
850 3133 954 3207 Luna
969 3147 1110 3226 teplen·
1161 3161 1219 3224 ce,
1240 3152 1275 3209 et
1288 3142 1533 3230 gubernatrice
1558 3156 1705 3213 naturae
1727 3135 1914 3210 hominum
1936 3142 2144 3230 cogitarent.

100 3279 104 3286 ·
125 3245 339 3316 trionalihus
352 3240 558 3312 climatibus
574 3241 678 3310 citius
692 3242 858 3333 adparet,
883 3247 1029 3327 propter
1050 3261 1110 3307 zo-
1161 3234 1359 3312 iucundum
1375 3243 1442 3314 fuit
1463 3245 1583 3314 videre
1604 3244 1752 3332 liguram
1774 3253 1810 3311 et
1831 3242 1994 3311 ordinem
2015 3258 2147 3334 corpo-

126 3344 220 3415 diaci
234 3358 269 3416 et
284 3339 480 3414 horizontis
495 3339 742 3434 obliquitatem
765 3355 800 3412 et
821 3337 967 3407 illorum
990 3337 1110 3427 signo-
1160 3363 1262 3427 rum,
1287 3357 1322 3413 et
1338 3343 1466 3414 deinde
1481 3359 1592 3416 cenas
1612 3357 1774 3415 motuum
1797 3343 1911 3430 leges,
1942 3357 1978 3414 et
2001 3346 2147 3435 conspi-

123 3469 203 3518 rnm
218 3459 355 3517 rectum
368 3446 586 3516 descensum.
1161 3443 1255 3512 citur
1267 3444 1413 3518 utilitas.
1465 3444 1555 3516 Nam
1574 3448 1618 3516 ad
1634 3441 1839 3537 accipienda
1853 3459 1887 3514 et
1910 3445 2065 3516 fovenda
2088 3468 2148 3516 se·

228 3545 298 3619 Sed
320 3540 389 3617 hoc
410 3545 526 3637 ipsum
549 3541 707 3613 variatur
732 3551 878 3632 propter
907 3540 994 3610 alias
1021 3541 1111 3611 duas
1161 3543 1279 3631 mina,
1303 3559 1337 3615 et
1359 3550 1587 3617 maturandos
1609 3549 1746 3636 fruges,
1777 3547 1983 3616 conducunt
2007 3541 2147 3641 hyemis

124 3670 247 3721 causas
260 3647 357 3718 varie
371 3658 638 3728 concurrentes,
664 3641 767 3712 citius
787 3641 907 3733 prodit
925 3642 963 3711 in
986 3641 1110 3714 latitu-
1161 3658 1195 3715 et
1211 3647 1352 3717 aestatis
1367 3648 1469 3721 vices.
1521 3647 1704 3718 Praeterea
1718 3646 1806 3718 utile
1821 3659 1870 3717 est
1889 3642 2066 3717 humanae
2091 3649 2147 3717 vi·

125 3751 210 3821 dine
227 3747 516 3842 septentrionali,
539 3770 646 3840 quam
662 3741 879 3829 meridiana,
903 3742 1007 3814 citius
1023 3743 1109 3816 item
1161 3759 1217 3817 tae
1232 3760 1352 3818 tenere
1366 3772 1543 3820 annorum
1555 3763 1665 3820 metas
1680 3762 1715 3820 et
1729 3747 1866 3820 seriem.

123 3852 246 3946 prodit
270 3854 413 3946 quando
438 3861 490 3920 est
511 3849 615 3919 velox
638 3857 750 3931 motu,
773 3867 880 3938 qnam
896 3847 1039 3939 quando
1058 3859 1110 3916 est
1186 3866 1192 3876 ‘
1261 3847 1332 3920 Sed
1350 3848 1444 3918 inter
1458 3851 1528 3920 alia
1551 3851 1722 3921 miracula
1745 3849 1837 3919 coeli
1864 3850 2018 3919 multum
2036 3849 2144 3919 οῑίεω

126 3954 237 4027 tarda.
783 4024 785 4028 ,
1160 3961 1348 4040 conspectu
1373 3951 1557 4041 eclipsium
1588 3946 1751 4022 homines
1780 3951 1870 4020 moti
1896 3965 1992 4025 sunt.
2056 3946 2148 4036 Cur,

227 4049 293 4125 Est
311 4066 429 4125 antem
450 4064 568 4146 motus
593 4046 745 4122 diurnus
768 4045 893 4117 Lunae
916 4070 1028 4119 novae
1048 4062 1110 4121 aut
1161 4072 1241 4120 cum
1265 4051 1345 4120 aliis
1366 4053 1476 4124 stellis
1497 4077 1571 4122 nou
1595 4053 1730 4123 accidat
1750 4052 1832 4123 talis
1850 4052 1980 4140 caligo,
2004 4064 2146 4123 tantum

125 4159 252 4251 plenae
268 4155 360 4227 circa
377 4154 543 4249 perigeon
560 4153 707 4246 epicycli
723 4151 895 4240 graduum
909 4146 968 4235 14,
987 4149 1109 4219 minu·
1161 4146 1246 4221 haec
1260 4153 1445 4244 praecipua
1462 4154 1597 4251 lumina
1613 4152 1871 4224 obscurantur?
1909 4151 1984 4224 Cur
2001 4164 2074 4223 tam
2090 4166 2146 4225 te·

126 4274 244 4331 tomm
268 4255 332 4331 24.
388 4254 438 4329 At
461 4254 553 4325 circa
573 4275 733 4345 apogeon
758 4250 905 4344 epicycli
934 4253 1108 4342 graduum
1159 4266 1251 4340 tram
1273 4266 1308 4323 et
1330 4248 1540 4326 horribilem
1564 4254 1779 4343 ferruginem
1805 4255 1910 4324 terris
1928 4255 2149 4325 ostendunt?

127 4361 191 4447 12,
221 4360 443 4432 minutorum
466 4356 501 4427 8.
554 4352 651 4426 Haec
673 4352 818 4426 tarditas
840 4352 974 4424 diutins
994 4365 1111 4447 potest
1159 4351 1296 4425 Nocent
1311 4379 1357 4425 ne
1373 4357 1495 4441 terris,
1519 4357 1626 4428 rebus
1644 4355 1871 4425 nascentibus
1892 4366 1927 4425 et
1949 4355 2148 4426 animanti·

123 4462 299 4534 occultare
314 4458 468 4535 Lunam.
1160 4456 1228 4526 bus
1242 4450 1279 4524 hi
1295 4458 1451 4528 defectus
1475 4457 1653 4541 siderum,
1679 4455 1762 4550 qnia
1780 4455 1913 4525 interea
1929 4455 2025 4541 luce,
2051 4478 2146 4549 qnae

227 4559 297 4630 Hic
311 4561 416 4631 etiam
434 4581 557 4630 causae
573 4569 796 4653 ‹psaemntur
808 4555 1023 4627 diversitatis
1045 4579 1108 4649 ap-
1159 4556 1310 4628 calorem
1325 4570 1360 4628 et
1373 4553 1559 4628 humorem
1576 4559 1616 4627 in
1631 4557 1860 4637 inferioribus
1874 4557 1987 4640 fovet,
2007 4573 2147 4644 esrem,

124 4661 367 4757 parentiamm
385 4675 420 4732 et
435 4662 640 4752 figurarum.
1159 4681 1206 4728 an
1230 4682 1314 4727 vero
1344 4659 1492 4729 timidae
1513 4673 1660 4731 naturae
1684 4661 1813 4728 frustra
1836 4651 1921 4726 haec
1945 4658 2144 4749 spectacula

225 4759 306 4834 Etsi
336 4785 473 4853 semper
502 4761 672 4831 dimidius
694 4759 819 4849 globus
840 4758 964 4830 Lunae
984 4782 1004 4828 a
1025 4753 1108 4827 Sole
1158 4759 1349 4831 metuunt?

124 4865 369 4949 illuminatur,
395 4877 512 4934 tamen
530 4886 605 4932 non
618 4884 756 4952 semper
772 4875 846 4932 tota
868 4883 948 4953 pars
971 4860 1107 4930 illumi·
1259 4857 1337 4931 Hae
1351 4862 1575 4956 quaestiones
1589 4881 1710 4932 curam
1725 4857 2026 4950 investigationis,
2049 4880 2145 4953 quo-

123 4981 208 5040 nata
233 4964 470 5058 conspicitur,
507 4964 569 5034 sed
596 4985 638 5033 ea
665 4975 826 5045 tautum,
859 4986 949 5056 quae
978 4961 1109 5032 nostris
1158 4963 1321 5033 modoet
1344 4965 1488 5056 quando
1512 4963 1600 5032 fiant
1621 4959 1785 5056 eclipses,
1816 4961 1962 5052 etquid
1984 4958 2144 5030 veleffi-

124 5068 237 5147 oculis
249 5065 398 5139 obvers‘a
413 5077 477 5141 est.
518 5061 609 5134 Nam
624 5064 664 5134 in
678 5062 755 5155 ipsa
768 5063 1019 5137 coniunctione
1034 5086 1109 5132 non
1158 5065 1272 5148 ciant,
1295 5064 1353 5133 vel
1369 5063 1584 5154 significent,
1610 5059 1820 5133 excitarunt.

54 5220 57 5227 ,
124 5168 332 5252 intercurrit
344 5181 465 5241 noster
478 5157 588 5251 visus,
607 5189 668 5237 seu
686 5167 780 5236 oculi
796 5167 918 5257 radius
931 5165 1026 5236 iuter
1040 5162 1109 5237 so-
1258 5160 1337 5237 Etsi
1358 5178 1475 5236 sutem
1498 5187 1596 5235 nnnc
1615 5165 1659 5234 de
1678 5163 1860 5235 effectibus
1879 5186 1943 5234 seu
1964 5163 2144 5256 significa-

123 5273 195 5345 lem
213 5285 249 5346 et
261 5269 413 5346 Lunam.
456 5266 563 5339 Tunc
584 5265 693 5356 igitur
708 5291 783 5338 non
796 5266 1012 5362 conspicitur
1026 5289 1107 5357 pars
1157 5267 1315 5339 tionibus
1331 5290 1406 5337 non
1420 5266 1556 5352 dicam,
1581 5279 1700 5337 tamen
1720 5265 1882 5335 omniurn
1899 5272 2142 5337 aetatnm'ex·

123 5375 335 5448 illuminata.
388 5369 459 5446 Sed
481 5366 653 5464 paulatim
676 5391 757 5438 cnm
772 5368 909 5445 Lunae
925 5369 1010 5444 Sole
1030 5367 1107 5441 dis-
1157 5369 1283 5460 empla'
1297 5378 1489 5457 testantnr',
1514 5389 1657 5460 mamas
1679 5364 1894 5438 mutationes
1909 5367 2143 5456 renem-se·
