4538 5754
117 295 194 373 503
355 275 564 362 SCRIPTA
596 275 674 354 PH.
699 271 819 355 Mlti.
844 269 915 347 An
936 267 1066 347 utar.
1090 248 1237 343 Phor.
1262 258 1332 339 ΕΤ
1355 251 1550 332 PHILOS
1582 248 1908 330 SPECTANTIA.
2071 244 2149 324 504

130 439 205 530 ‘'f''
240 463 346 575 '‘Qffl
397 453 489 527 Nam
505 473 548 521 es
562 428 669 520 bouis
686 460 721 518 et
738 440 1000 539 praestantibus
1016 449 1122 509 auto·
1175 432 1293 528 qualis
1312 429 1428 502 oratio
1448 425 1640 498 conveniat
1658 421 1853 517 Epistolis,
1869 442 1967 540 ‘quas
1991 441 2095 536 saepe
2118 414 2165 482 de

134 512 237 584 ”¹³⁰⁸
262 529 309 576 ¹¹⁸
347 535 629 624 ‘Tsenavus
648 545 740 635 luit,
773 561 816 617 ut
830 545 908 617 siue
924 541 1026 614 omui
1038 560 1122 609 cura
1175 534 1339 632 maximis
1353 534 1459 603 rebus
1475 544 1510 607 et
1525 530 1569 598 ad
1582 535 1741 598 summos
1763 526 1943 617 principes
1963 521 2167 600 scribamus,

111 608 385 733 »²⁰.ss⁰⁰³li⁰2¹¹¹⁸
413 617 613 675 mmuh*
645 656 860 724 assereret.
918 644 971 714 Ac
998 640 1124 713 Cicero
1176 637 1294 731 qualis
1308 635 1423 706 oratio
1438 633 1478 701 in
1502 627 1791 708 narrationibus,
1814 623 2100 704 laudationibus,
2125 619 2167 685 in

140 728 247 786 ‘¹¹⁸⁰
262 731 342 780 ‘⁸¹¹⁰
359 729 435 777 ⁰⁰¹¹
450 705 646 776 mumdum
662 728 818 775 ''emh‘'
837 744 925 814 ‘exit
946 743 1126 832 periodos,
1178 735 1523 829 vituperationibus,
1555 730 1672 826 qualis
1694 727 1735 795 in
1755 725 2060 818 disputationibus
2082 744 2169 813 pro-

144 827 195 887 est
209 810 306 882 enim
322 807 471 879 liberior
485 806 600 877 oratio
617 805 657 874 iu
668 802 839 897 Epistolis
854 818 890 877 et
906 829 1128 908 pamm.
1180 841 1310 895 nem„
1349 835 1470 909 0um
1496 832 1649 906 ,eudemi
1676 851 1799 897 omne,
1831 820 2047 895 adhortandi
2075 835 2172 905 sunt,

146 914 193 1007 eis
218 912 340 996 libris,
366 923 483 980 tamen
505 904 576 979 hoc
599 907 747 977 nomine
770 923 913 999 superat
934 908 1044 996 alios,
1071 929 1133 1003 qut
1182 938 1224 997 ue
1245 943 1351 1016 quam
1375 915 1571 1009 plumam...
1598 934 1722 1010 aqam
1742 925 1971 1011 cimonem,
2002 938 2037 994 ,t
2060 927 2107 993 ,b
2128 945 2172 993 ω

143 1015 280 1086 nullam
297 1007 541 1083 adhibuerunt
557 1009 594 1078 in
611 1012 861 1101 componendo
876 1032 1010 1096 curam,
1035 1013 1130 1104 quod
1186 1025 1341 1112 primum
1373 1019 1481 1078 verba
1511 1035 1552 1080 ac
1581 1013 1975 1101 purast-mmmm.
2030 1023 2173 1096 Deinde

144 1130 264 1197 cavet,
288 1139 335 1184 ne
351 1124 566 1203 concurrant
581 1111 775 1182 sententiae
792 1111 935 1200 longius
951 1112 1132 1198 distantes,
1186 1110 1335 1185 cousttia
1349 1109 1426 1180 eius
1441 1110 1480 1179 in
1501 1111 1720 1183 inveniendo
1742 1134 1783 1183 ac
1803 1115 2028 1205 disponendo
2052 1127 2174 1186 cousi.

145 1232 207 1291 aut
222 1216 316 1287 male
332 1212 573 1297 cohaerentes,
597 1226 658 1283 arrt
673 1214 807 1308 nequid
824 1213 1049 1307 relinquatur
1063 1215 1132 1281 im·
1184 1213 1322 1282 dereut.
1373 1209 1559 1283 Postremo
1576 1226 1685 1284 totam
1707 1216 1881 1286 orationis
1904 1217 2077 1303 formam,
2102 1213 2172 1289 hoc

143 1321 352 1416 perlectum.
403 1314 500 1386 Haec
523 1336 599 1383 uon
622 1328 747 1385 cavent
767 1314 964 1400 Salustius,
988 1313 1133 1396 Seneca,
1185 1326 1248 1398 est,
1262 1314 1519 1385 sententiarum
1533 1315 1709 1402 ordinem,
1723 1319 2000 1388 exornationum
2018 1320 2173 1411 copiam,

24 1459 31 1471 ·
146 1421 307 1506 Plinius,
331 1431 367 1489 et
389 1417 453 1488 alii
474 1417 699 1490 recentiores.
750 1413 872 1504 Quare
895 1416 1033 1487 etiamsi
1057 1437 1131 1484 non
1184 1428 1289 1508 atque
1302 1417 1449 1487 modum
1465 1429 1639 1509 quantum
1654 1418 1799 1508 ingenio
1816 1444 1856 1489 ac
1869 1420 1989 1491 studio
2003 1423 2173 1514 consequi

147 1545 272 1619 omnes
302 1519 574 1613 compositionis
601 1532 718 1611 partes
747 1518 971 1607 effingemus,
1013 1532 1132 1588 tamen
1186 1529 1375 1607 poterunt,
1401 1517 1535 1588 imitari
1560 1533 1747 1590 conentur.
1801 1519 1850 1593 Ut
1872 1523 1969 1590 enim
1983 1519 2174 1612 Elegiacus

146 1627 251 1696 illum
278 1621 534 1693 sententiarum
558 1621 724 1692 ordinem
746 1633 852 1715 atque
872 1618 1132 1690 absolutionem
1187 1618 1268 1703 ille,
1295 1621 1428 1712 dequo
1445 1621 1663 1711 supradixi,
1686 1622 1764 1692 sine
1776 1625 2020 1694 controversia
2043 1625 2174 1694 melior

148 1726 259 1817 magis
278 1725 472 1818 poterimus
491 1721 529 1791 in
544 1720 737 1804 Cicerone,
764 1745 870 1816 quam
893 1722 932 1790 in
955 1720 1036 1791 aliis
1057 1743 1133 1789 cer·
1186 1722 1311 1792 evadet
1323 1716 1501 1791 exOvidii
1518 1722 1681 1808 lectione,
1707 1748 1813 1817 quam
1832 1724 1864 1794 si
1879 1726 1972 1814 legat
1980 1721 2081 1796 Odas
2094 1723 2174 1795 Ho-

148 1853 244 1900 nere.
295 1825 348 1897 Ac
362 1827 392 1894 si
407 1848 514 1918 quem
529 1825 679 1895 omnino
692 1824 869 1894 delectant
889 1822 1135 1914 incomposita,
1186 1821 1288 1907 tatii,
1320 1835 1357 1893 et
1380 1820 1557 1895 Hernicus
1583 1825 1713 1896 scribet
1736 1826 1920 1910 foelicius,
1952 1826 1982 1898 si
2004 1841 2175 1923 sequetur

148 1929 285 2002 nullius
301 1927 417 1998 oratio
433 1928 529 2018 apud
543 1924 692 1996 Latinos
706 1927 930 2020 aequabilior
952 1936 1003 1995 est
1027 1946 1133 2017 quam
1187 1920 1331 2013 Virgilii
1348 1925 1620 2018 proprietatem,
1646 1928 1733 1997 etin
1750 1928 1960 1998 ordinandis
1981 1943 2087 2023 atque
2109 1931 2175 1999 ab·

147 2031 348 2111 Ciceronis,
381 2029 487 2098 etiam
513 2051 595 2099 cum
616 2050 652 2097 se
675 2028 799 2098 eximit
821 2051 863 2097 ex
886 2027 958 2096 illis
981 2023 1135 2095 vinculis
1185 2025 1367 2096 solvendis
1388 2028 1558 2098 membris
1581 2030 1842 2117 oeconomiam,
1876 2031 2033 2124 quamsi
2055 2028 2174 2104 Luca·

149 2135 254 2220 artis,
278 2131 471 2225 dequibus
494 2130 568 2220 ipse
591 2129 807 2221 inperfecto
833 2141 973 2200 oratore
998 2125 1135 2218 praeci·
1188 2150 1275 2197 num
1297 2141 1358 2199 aut
1373 2127 1549 2215 Statium,
1575 2130 1639 2224 qui
1662 2145 1746 2201 sunt
1763 2132 1971 2224 improprii,
1996 2132 2112 2203 inflati
2140 2146 2176 2203 et

5 2318 8 2325 Ι
41 2301 46 2310 ,
149 2238 214 2329 pit.
267 2231 414 2307 Rectius
431 2232 541 2322 igitur
554 2227 650 2303 hunc
667 2231 889 2303 imitabimur
905 2252 1011 2323 quam
1035 2228 1136 2312 alios,
1187 2229 1348 2315 obscuri,
1374 2229 1545 2305 imitetur.
1582 2230 1634 2303 lta
1657 2233 1816 2303 dubitari
1838 2258 1913 2303 non
1928 2234 2055 2320 debet,
2082 2236 2174 2328 quin

149 2352 211 2410 aut
231 2336 369 2421 tristes,
408 2331 592 2419 horridos,
631 2332 810 2414 concisos,
842 2344 904 2403 aut
926 2330 1075 2423 supinos
1100 2342 1135 2398 et
1187 2330 1250 2399 ille
1268 2344 1391 2402 noster
1415 2332 1574 2404 imitator
1600 2357 1642 2403 es
1665 2334 1818 2405 lectione
1837 2332 2024 2406 Ciceronis
2044 2337 2174 2406 melior

150 2439 293 2531 longius
315 2439 407 2507 insto
428 2436 599 2514 fluentes,
632 2446 667 2504 et
696 2436 820 2525 plenos
844 2430 1068 2528 hyperbatis,
1102 2445 1136 2501 et
1187 2455 1294 2526 quam
1317 2457 1358 2502 er
1381 2433 1463 2504 aliis
1483 2435 1668 2506 autoribus
1689 2435 1832 2507 futurus
1855 2438 1912 2508 sit.
1963 2434 2056 2508 Cum
2075 2439 2175 2507 enim

151 2542 215 2637 qui
230 2554 361 2612 temere
375 2537 566 2607 sententias
581 2550 791 2627 congerunt.
841 2533 916 2606 Nos
931 2535 1136 2605 adolescen·
1188 2534 1227 2602 in
1244 2536 1379 2625 poetica
1390 2535 1579 2606 malrimam
1594 2537 1668 2606 vim
1684 2561 1758 2608 esse
1772 2539 1983 2609 imitationis
1996 2551 2177 2632 appareat,

151 2645 218 2714 tuli
242 2640 435 2709 incidimus
457 2639 497 2706 in
512 2637 736 2708 Politianum
759 2652 794 2708 et
815 2637 1046 2729 posteriorem
1059 2633 1137 2704 Pli-
1188 2636 1346 2707 dubitari
1369 2661 1444 2707 non
1467 2639 1607 2726 debet,
1617 2639 1706 2730 quin
1726 2653 1762 2711 et
1784 2641 1822 2710 iu
1855 2635 1921 2710 hac
1950 2642 2068 2711 vicina
2098 2654 2176 2713 arte

151 2746 266 2834 nium,
292 2764 444 2836 quorum
462 2762 529 2809 nos
544 2740 745 2811 invitabant
761 2739 908 2810 subtiles
923 2751 1136 2830 argutaeque
1189 2737 1385 2830 plurimum
1403 2738 1549 2830 polleat.
1600 2739 1720 2812 Tanta
1734 2754 1786 2813 est
1801 2742 1897 2811 enim
1910 2742 2005 2813 inter
2026 2738 2089 2813 has
2112 2768 2176 2813 co-

151 2843 403 2924 senteutiolae,
437 2841 568 2935 quibus
597 2842 761 2912 abundat·
780 2854 949 2935 uterque,
983 2840 1135 2910 delecta·
1188 2854 1311 2929 gnatas
1333 2853 1424 2910 artes
1448 2839 1666 2927 similitudo,
1691 2856 1732 2913 ut
1756 2844 1938 2936 plaerique
1961 2845 2176 2915 illustriores

151 2952 249 3020 bant
259 2947 298 3016 in
320 2940 378 3014 his
398 2957 434 3014 et
454 2943 517 3013 alii
538 2944 685 3038 quidam
709 2943 867 3028 flosculi,
894 2937 1027 3011 hahent
1041 2941 1135 3011 euim
1188 2938 1449 3012 lociCiceronis
1463 2966 1503 3013 ac
1517 2940 1626 3024 Livii,
1652 2944 1682 3014 si
1697 2960 1792 3018 recte
1807 2946 2061 3034 existimemus,
2086 2948 2177 3039 po'e'·

152 3051 246 3120 dicta
271 3047 443 3142 quaedam
464 3046 559 3116 belle
582 3049 741 3137 detorta,
776 3047 836 3147 sed
868 3045 1027 3134 argutiae
1054 3043 1136 3113 illae
1187 3056 1283 3113 mata
1295 3043 1374 3115 iure
1389 3044 1460 3116 dici
1478 3045 1626 3135 possint.
1996 3065 1998 3069 ·

85 3231 87 3235 ,
151 3146 835 3223 sententiarumetbelledictamirumin
849 3148 1137 3216 modumaman-
1502 3219 1509 3234 Ι

153 3269 212 3326 tur
232 3278 251 3322 a
274 3251 465 3322 iuvenibus
489 3264 523 3321 et
537 3248 730 3341 imperitis,
753 3263 787 3320 et
805 3248 998 3341 placentin
1016 3241 1136 3317 schola
1376 3215 1436 3287 De
1457 3214 1576 3288 ΨΜ
1598 3215 1795 3313 θΜῶω
1821 3216 1988 3292 diffidi·

153 3353 373 3435 ludentibus,
394 3353 452 3421 scd
468 3350 507 3417 in
521 3351 621 3418 seriis
636 3350 792 3444 negociis
807 3345 900 3418 nihil
917 3363 968 3420 est
981 3348 1137 3439 ineptius
1291 3345 1492 3421 Plurimum
1526 3349 1632 3422 etiam
1659 3353 1829 3424 conducit
1853 3356 1899 3426 ad
1930 3348 2178 3438 iudicandum,

152 3470 258 3549 atque
274 3454 417 3523 inanius
434 3451 507 3519 illis
519 3450 689 3520 affectatis
703 3451 862 3541 argutiis.
904 3448 1002 3538 Quid
1019 3465 1136 3522 autem
1189 3473 1378 3544 agnoscere
1394 3451 1532 3523 diversa
1548 3453 1844 3544 generedicendi.
1895 3453 1985 3526 Nam
2009 3455 2177 3545 iugenio·

153 3555 303 3629 assecuti
317 3576 440 3624 sumus
457 3547 586 3622 horum
601 3553 778 3624 lectione?
826 3551 989 3622 Primum
1003 3552 1137 3622 aridio-
1189 3578 1269 3624 rum
1284 3544 1556 3639 dissimilitudo,
1577 3555 1735 3626 diversas
1749 3552 1893 3643 formas,
1918 3582 1980 3628 seu
1994 3555 2188 3629 utGraeci·

153 3682 210 3731 res
222 3656 306 3728 lacti
322 3676 465 3738 sumus,
488 3677 570 3726 cum
595 3666 722 3725 natura
745 3678 871 3746 parum
893 3655 1021 3725 uberes
1045 3676 1137 3724 esse·
1189 3642 1380 3726 nominant
1390 3660 1629 3752 χαρακτῆρας
1644 3681 1810 3750 operum,
1836 3661 2040 3730 nonsolum
2055 3661 2093 3728 iu
2109 3653 2179 3729 hac

153 3783 252 3845 mus,
277 3758 408 3829 deinde
421 3757 502 3826 illas
517 3755 641 3827 inanes
659 3757 871 3848 argutiolas,
897 3779 985 3849 quas
1003 3756 1137 3845 praeci·
1190 3770 1284 3838 arte,
1310 3756 1370 3825 sed
1394 3758 1435 3828 in
1461 3758 1662 3852 plaerisque
1683 3759 1764 3829 aliis
1787 3761 1932 3852 peperit.
1983 3758 2033 3831 Et
2056 3775 2177 3832 tamen

153 3887 223 3957 pue
236 3861 501 3944 auferebamus,
525 3870 644 3951 postea
662 3857 900 3930 intelleximus
917 3858 1022 3928 nobis
1046 3858 1139 3927 abii·
1190 3859 1279 3929 certi
1296 3859 1397 3951 quasi
1419 3862 1550 3948 gradus
1571 3861 1810 3931 animadversi
1833 3875 1939 3945 sunt,
1963 3861 2058 3933 intra
2085 3886 2178 3956 quos

154 3966 298 4036 ciendas
312 3986 352 4031 ac
367 3956 598 4030 dediscendae
612 3982 701 4033 esse.
744 3958 891 4049 Quanto
909 3960 1036 4029 melius
1051 3981 1138 4028 con·
1190 3957 1258 4031 hae
1268 3961 1404 4029 formae
1421 3961 1630 4046 consistunt,
1656 3962 1821 4032 videlicet
1836 3958 1973 4033 humile
1986 3986 2118 4053 genus,
2143 3977 2179 4034 et

153 4067 345 4140 suluissent
366 4063 470 4133 nobis
495 4077 753 4154 praeceptores,
779 4063 809 4132 si
833 4076 867 4132 et
887 4063 932 4130 ad
955 4057 1139 4158 Ciceronis
1191 4061 1247 4132 illi
1276 4061 1479 4154 oppositum
1510 4066 1656 4154 grande.
1717 4062 1880 4140 Tertium
1908 4078 1961 4136 est
1986 4066 2179 4147 mediocre,

110 4192 112 4203 ’
154 4170 341 4242 lectionem
364 4165 559 4256 discipulos
580 4164 845 4235 assuefecissent
870 4177 904 4235 et
926 4161 1140 4249 docuissent,
1192 4164 1288 4258 quod
1307 4163 1422 4256 primo
1436 4187 1565 4255 genere
1582 4165 1722 4256 plenius
1737 4179 1801 4250 est,
1827 4179 1862 4237 ct
1878 4180 1996 4238 tamen
2011 4167 2178 4260 aliquan-

154 4296 229 4343 non
245 4273 362 4341 solum
377 4269 485 4339 verba
500 4291 541 4337 es
552 4263 721 4338 Cicerone
739 4289 939 4357 excerpere,
954 4265 1016 4336 sed
1033 4265 1138 4335 etiam
1193 4266 1308 4338 tulum
1330 4289 1351 4334 a
1376 4269 1654 4350 summoabest,
1688 4269 1727 4336 in
1752 4268 1901 4358 picturis
1924 4267 2028 4338 facile
2050 4269 2179 4361 depre-

154 4371 301 4469 phrasin
315 4371 469 4456 imitari,
493 4382 529 4440 et
547 4381 658 4439 totam
682 4365 855 4437 orationis
877 4369 1046 4452 sormam,
1071 4361 1140 4437 hoc
1192 4364 1304 4450 hendi
1333 4361 1401 4437 hae
1430 4369 1652 4440 differentiae
1680 4384 1840 4461 possunt.
1897 4368 2060 4441 Durerus
2079 4372 2179 4440 enim

154 4491 218 4556 est,
239 4474 496 4545 sententiarum
511 4470 675 4540 ordinem
689 4482 795 4562 atque
810 4481 1019 4540 ornamenta
1036 4468 1139 4537 elfin·
1193 4468 1361 4563 pingebat
1379 4471 1500 4540 omnia
1519 4471 1728 4559 grandiora,
1753 4486 1789 4542 et
1812 4473 2110 4565 frequentissimis
2133 4474 2179 4542 li-

154 4601 247 4671 gere.
296 4572 374 4664 Ego
390 4575 509 4666 itaque
525 4595 600 4643 non
616 4584 756 4644 tantum
772 4571 810 4640 in
828 4567 967 4656 schola,
993 4572 1140 4640 sedma·
1191 4570 1268 4641 neis
1285 4571 1431 4645 variata.
1482 4569 1599 4643 Lucae
1618 4574 1774 4664 picturae
1800 4575 1947 4662 graciles
1962 4586 2063 4658 sunt,
2087 4597 2179 4667 quae

153 4681 207 4772 gis
222 4700 288 4749 usu
304 4700 423 4755 rerum
437 4677 562 4745 doctus
578 4673 736 4767 comperi
751 4673 886 4744 nullius
901 4670 1040 4762 generis
1057 4672 1141 4740 imi·
1193 4672 1271 4743 et'si
1288 4672 1441 4743 blandae
1455 4687 1557 4758 sunt,
1583 4688 1702 4746 tamen
1724 4688 1896 4767 quantum
1918 4674 2049 4744 distent
2064 4698 2084 4744 a
2101 4672 2179 4746 Du-

26 4791 31 4804 '
154 4782 344 4864 tationem,
369 4778 449 4870 plus
473 4777 672 4851 conducere
695 4769 772 4855 his,
798 4774 930 4867 quibus
950 4795 1007 4842 res
1028 4773 1140 4843 seriae
1192 4773 1263 4844 reri
1286 4774 1473 4866 operibus,
1507 4777 1649 4848 collatio
1675 4776 1841 4847 ostendit.
1879 4771 2052 4845 Matthias
2076 4777 2179 4869 quasi

154 4899 188 4957 et
205 4905 352 4973 magnae
367 4879 569 4951 tractandae
591 4889 693 4962 sunt,
720 4900 827 4971 quam
851 4874 1025 4946 orationis
1037 4873 1140 4946 Cice·
1193 4876 1471 4947 mediocritatem
1495 4880 1668 4952 servabat.
1728 4877 1928 4947 Miscentur
1948 4873 2180 4948 autem··haec

153 4985 336 5069 ronianae.
386 4977 435 5055 Et
447 4978 616 5052 instruxit
631 4979 781 5073 artifices
795 4977 984 5049 cuiuslibet
1002 4976 1141 5074 generis
1191 5000 1319 5066 genera
1334 4978 1428 5049 inter
1445 4981 1499 5064 se',
1525 4980 1617 5048 sicut
1631 4979 1756 5048 musici
1771 4991 1876 5049 tonos
1890 4979 2051 5049 miscent
2086 4977 2180 5050 Nam

13 5100 22 5121 '
152 5087 299 5167 Cicero,
338 5087 528 5180 quianon
561 5081 676 5151 solum
705 5079 884 5152 orationes
905 5093 941 5150 et
959 5075 1141 5176 Epistulas
1193 5093 1227 5150 et
1251 5080 1306 5149 illi
1328 5081 1497 5174 quisunt
1520 5082 1715 5162 tenuiores,
1742 5079 1922 5148 interdum
1944 5080 2081 5172 aliquid
2105 5083 2181 5151 effi-

152 5186 319 5284 reliquit',
354 5184 544 5259 sedetiam
574 5181 845 5276 disputationes.
893 5178 967 5252 Nec
994 5181 1141 5251 difficile
1192 5181 1292 5252 ciunt
1314 5180 1468 5273 plenius.
1528 5178 1578 5251 Et
1603 5182 1640 5250 in
1668 5182 1793 5251 eodem
1819 5195 1978 5272 tempore
2011 5182 2074 5252 alii
2111 5183 2179 5253 loci

151 5295 218 5365 erit
233 5292 433 5386 intelligere
446 5286 571 5359 lectori
586 5309 662 5357 non
679 5285 801 5370 stulto,
823 5283 854 5355 si
869 5281 907 5352 in
921 5278 1009 5353 haec
1024 5306 1141 5353 exem·
1191 5286 1343 5372 grandes
1357 5277 1460 5362 sunt,
1487 5282 1548 5351 alii
1565 5284 1690 5370 eriles,
1716 5282 1813 5354 iuxta
1828 5306 1949 5353 rerum
1965 5283 2183 5370 varietatem,

150 5397 210 5488 pla
231 5393 449 5479 intuebitur,
478 5389 566 5486 quid
597 5388 637 5459 in
665 5387 838 5481 quolibet.
860 5408 988 5478 genere
1010 5387 1142 5472 deceat,
1192 5386 1384 5480 dequibus
1404 5383 1548 5461 dicitur.
