4538 5754
108 252 211 330 1⁰2⁹
706 249 772 327 IX.
821 246 1189 328 commutarant!
1216 248 1274 327 ut
1289 244 1535 325 Psauttou
2030 254 2130 329 1080

102 424 180 496 cilis
194 423 383 517 explicatio
404 435 457 496 est
474 422 688 497 sententiam
704 421 810 496 Pauli
832 422 1087 496 consideranti:
1140 404 1176 495 te
1189 445 1311 493 revera
1327 444 1401 493 esse
1417 422 1557 508 Deum,
1584 422 1646 516 qui
1671 436 1707 496 te
1728 424 1767 495 in
1790 425 1901 497 lsrail
1922 426 2128 519 patefecisti,

102 521 206 596 Nihil
229 523 321 597 mibi
342 526 503 598 conscius
525 549 624 608 sum,
647 527 770 598 sedin
794 520 863 597 hoc
885 550 960 597 non
983 524 1088 596 iusti·
1139 539 1174 596 et
1189 527 1336 594 verbum
1352 537 1453 595 tuum
1470 525 1574 595 nobis
1591 526 1783 598 tradidisti.

101 626 333 699 ficatussum.
383 624 684 699 Aliaestiusticia
707 651 896 719 personae,
921 652 991 721 qua
1007 650 1089 716 per·
1239 625 1383 696 Tertius
1412 648 1535 695 versus
1563 627 1723 700 continet
1747 629 2018 716 inficiationem,
2051 654 2122 724 qua

100 748 191 799 sona
208 743 283 801 tota
297 752 414 802 coram
430 727 508 799 Deo
522 730 632 818 gratis
645 742 828 822 reputatur
844 730 948 803 iusta.
992 726 1090 798 llaec
1140 724 1234 797 iurat
1248 741 1282 796 ει
1298 725 1412 796 Deum
1429 740 1551 797 testem
1568 726 1669 813 facit,
1694 752 1732 799 sc
1748 754 1823 802 non
1843 754 1916 802 esse
1940 755 2040 803 rcum
2063 754 2126 802 eo-

99 829 294 922 imputstio
315 843 454 903 tantum
475 830 545 900 lide
556 830 746 922 accipitur,
769 854 835 901 nec
857 843 1090 922 opponuntur
1139 852 1218 897 rum
1242 829 1453 913 criminum,
1479 853 1569 922 quae
1586 827 1703 901 Semei
1729 831 1861 906 obiicit.
1912 830 1995 902 Non
2020 835 2124 923 rapui

97 946 246 1003 nostrae
270 932 418 1003 virtutes
445 946 509 1002 aut
530 932 712 1006 beneficia.
769 929 860 1002 Cum
884 944 1000 1001 atatem
1023 924 1088 999 hac
1139 951 1306 1018 regnunt,
1339 954 1415 999 non
1448 942 1624 1017 grassatus
1650 956 1730 1003 sum
1762 934 1897 1024 privata
1929 935 2124 1025 cupiditate

96 1034 243 1104 iusticia
261 1057 431 1125 personae
446 1034 571 1105 donati
584 1034 715 1117 simos,
740 1056 878 1103 necesse
901 1047 952 1104 εει
968 1033 1088 1101 adesse
1139 1033 1307 1100 adversus
1322 1030 1467 1102 Saulem
1484 1048 1518 1105 et
1533 1032 1609 1101 eius
1623 1035 1873 1125 posteritatem.
1925 1033 1978 1109 lta
2000 1050 2035 1107 ει
2056 1060 2123 1107 nos

96 1135 299 1209 etalteram
314 1136 489 1205 iusticiam
506 1136 622 1205 bonae
637 1134 892 1220 conscientiae,
916 1157 978 1213 seu
1001 1156 1086 1223 ope·
1140 1133 1298 1223 profiteri
1320 1156 1459 1202 causam
1485 1134 1614 1203 iustam
1638 1139 1824 1213 debemus.
1870 1134 1967 1209 Haec
1987 1140 2123 1229 profes-

96 1260 200 1327 runt:
254 1261 328 1307 non
359 1237 609 1325 indulgeamus
636 1236 703 1307 ulli
740 1235 927 1327 cupiditati
965 1249 1086 1305 contra
1138 1234 1190 1303 sio
1205 1248 1351 1325 propter
1372 1229 1535 1305 homines
1550 1237 1744 1307 necessaria
1767 1252 1840 1320 εει,
1866 1236 2120 1330 ctplacetDeo

96 1336 369 1408 conscientiam.
431 1334 477 1409 Et
503 1332 588 1407 baec
608 1336 748 1408 iusticia
767 1339 882 1407 bonae
904 1336 1088 1406 conscien·
1136 1335 1194 1426 (ιιι
1209 1335 1343 1407 dictum
1358 1334 1427 1424 est)
1443 1337 1483 1405 in
1492 1337 1748 1411 reconciliatis.

96 1438 170 1511 tiae
192 1440 308 1530 placet
322 1436 398 1509 Deo
421 1438 461 1507 in
483 1440 737 1523 reconciliatis,
762 1438 852 1510 sicut
875 1436 1007 1508 Paulus
1028 1437 1085 1505 in·
1238 1435 1346 1509 Sexto
1375 1459 1481 1507 versu
1509 1438 1637 1526 repetit
1665 1438 1923 1530 precationem,-
1960 1456 1996 1515 et
2021 1442 2123 1513 addit

96 1540 195 1635 quit:
226 1537 404 1610 Gloriatio
418 1553 537 1610 nostra
554 1536 639 1611 haec
652 1555 720 1623 cst,
744 1540 985 1611 testimonium
1001 1563 1087 1609 con·
1136 1560 1294 1608 causam:
1346 1532 1505 1631 Exurge
1523 1534 1704 1622 Domine,
1737 1545 1883 1610 restitue
1904 1535 2002 1613 milti
2020 1538 2122 1613 tadi·

96 1641 269 1713 scientiae
283 1654 435 1713 nostrae.
468 1676 471 1683 ·
487 1637 534 1711 Et
557 1639 664 1714 Rom.
687 1638 764 1713 liu
797 1639 872 1729 Qui
890 1640 928 1709 in
952 1634 1009 1709 his
1031 1663 1087 1709 se-
1137 1637 1252 1719 cium,
1272 1640 1394 1722 idest,
1418 1642 1710 1727 gubernationem
1726 1665 1833 1736 quam
1852 1645 2038 1729 mandasti,
2064 1669 2121 1715 re-

96 1742 176 1815 mit
194 1736 362 1828 Christo,
388 1743 502 1831 placet
515 1740 615 1831 Deo,
647 1757 683 1814 et
703 1743 871 1833 probatus
892 1755 944 1813 est
968 1737 1087 1810 liomi-
1137 1741 1242 1811 stitue
1258 1736 1346 1809 mihi
1365 1764 1524 1830 regnum,
1550 1767 1595 1812 ne
1611 1744 1840 1815 dominentur
1855 1743 1958 1836 impii
1974 1770 2120 1839 oppres·
2204 1797 2209 1812 .

96 1844 222 1917 nibus.
274 1840 321 1915 Et
336 1845 507 1935 professio
526 1840 633 1915 buius
649 1843 807 1914 iusticias
827 1866 946 1913 coram
969 1838 1088 1911 homi·
1137 1842 1210 1913 suri
1236 1866 1352 1910 veram
1379 1843 1597 1928 doctrinam,
1630 1848 1691 1915 sed
1716 1847 1905 1921 reducatur
1934 1851 1978 1916 ad
2004 1861 2039 1918 te
2060 1872 2119 1943 sy-

96 1946 211 2017 nibus
228 1945 267 2014 in
285 1946 421 2029 causis,
442 1945 507 2015 ubi
522 1944 674 2015 aliorum
689 1944 923 2015 conscientiae
943 1943 1086 2036 pericli·
1138 1965 1270 2033 nagoga
1287 1941 1519 2033 populorum,
1545 1958 1690 2038 propter
1705 1941 1796 2015 banc
1812 1960 1908 2017 tuam
1923 1944 2120 2029 Ecclesiam

96 2061 265 2121 tarentnr
285 2071 324 2115 re
345 2046 583 2132 dissimulata,
608 2046 802 2117 necessaria
824 2059 895 2132 est,
925 2045 1022 2115 iuxta
1042 2044 1087 2112 il·
1139 2059 1312 2115 revertere
1328 2059 1367 2115 tn
1380 2047 1422 2114 ad
1439 2069 1525 2130 nos,
1551 2060 1585 2117 ει
1603 2045 1762 2119 reducito
1776 2071 1843 2118 me.

96 2148 183 2219 lud:
215 2147 299 2217 Non
324 2147 420 2217 dicas
449 2148 577 2218 falsum
602 2147 857 2222 testimouium.
907 2145 947 2218 si
970 2144 1085 2217 David
1240 2143 1282 2215 ln
1308 2169 1412 2216 versu
1433 2160 1558 2217 octavo
1583 2163 1752 2240 provocat
1774 2151 1818 2218 ad
1844 2147 2016 2219 iudicium
2039 2148 2119 2235 Dei,

96 2248 285 2323 confessus
306 2262 396 2319 esset
418 2272 453 2319 se
472 2250 579 2319 fuisse
601 2248 825 2332 seditiosum,
851 2249 1088 2340 perturbasset
1138 2248 1231 2341 qnod
1254 2271 1328 2315 non
1350 2249 1395 2317 de
1415 2271 1583 2337 persona,
1613 2251 1674 2320 sed
1696 2253 1740 2320 dc
1762 2274 1865 2319 causa
1889 2249 2119 2341 intelligatur.
2151 2286 2154 2291 Δ

96 2349 335 2425 munientia
357 2374 498 2435 corum,
532 2350 593 2443 qui
620 2352 766 2421 fuerunt
788 2348 943 2420 ministri
971 2349 1088 2418 consi·
1137 2348 1284 2437 Semper
1298 2343 1476 2419 Ecclesiae
1496 2374 1598 2420 causa
1623 2350 1757 2445 iniquis
1776 2350 1917 2421 iudiciis
1947 2353 2120 2423 maximae

96 2452 235 2523 liorum
250 2448 412 2526 Davidis.
464 2453 517 2521 Ac
541 2451 692 2522 maxime
714 2453 753 2519 in
776 2474 878 2545 causa
904 2449 1087 2520 doctrinae
1138 2450 1377 2521 multitudinis
1405 2452 1605 2522 damnatur.
1662 2451 1732 2525 Sed
1756 2447 1853 2523 Deus
1873 2454 2015 2525 tandem
2047 2454 2120 2525 suis

96 2552 315 2625 amveratio
339 2554 534 2623 neccssaria
558 2567 628 2632 εει,
654 2556 749 2646 quod
773 2574 829 2622 rcs
855 2574 955 2623 veras
970 2564 1004 2623 ει
1023 2574 1087 2620 ne-
1137 2551 1347 2622 testimoniis
1363 2553 1520 2623 ostendit
1536 2577 1675 2622 causam
1690 2550 1868 2624 Ecclesiae
1887 2578 2003 2637 voram
2027 2578 2119 2635 osse:

96 2655 286 2733 sestarios,
312 2654 406 2725 bona
421 2652 634 2726 conscientia
649 2657 850 2728 doceamus.
1136 2646 1271 2721 Iudico
1293 2673 1348 2720 me
1369 2648 1532 2722 Domine
1554 2647 1752 2725 secundum
1777 2651 1965 2727 iusticiam
1985 2678 2117 2738 meam,

200 2752 357 2825 Prorsus
380 2757 506 2846 igitur,
539 2769 581 2829 ut
599 2754 716 2827 David
738 2757 909 2825 adversus
928 2775 1010 2824 suos
1028 2776 1086 2823 ca-
1137 2779 1210 2825 non
1229 2777 1396 2847 personae
1411 2757 1472 2823 sed
1487 2777 1623 2847 causae,
1649 2759 1693 2825 de
1710 2752 1774 2826 bac
1787 2758 1964 2848 loquitur:
1990 2771 2024 2830 et
2039 2783 2120 2851 pcr-

96 2854 334 2929 lnmr'sistores
350 2870 530 2947 precatur,
555 2871 592 2929 et
611 2857 796 2949 profitetur
811 2854 986 2927 iusticiam
1003 2877 1086 2924 suac
1137 2855 1296 2951 spicuum
1313 2869 1364 2925 est
1385 2854 1597 2947 discrimen,
1620 2857 1859 2939 consideranti
1880 2882 1919 2934 ea
1945 2883 2036 2951 quae
2057 2885 2120 2931 su-

96 2957 340 3029 nonscicntiae
359 2980 421 3028 scu
446 2983 588 3044 causae,
612 2960 660 3029 ita
684 2982 750 3028 nos
771 2958 895 3027 iisdem
911 2955 1028 3026 verbis
1052 2968 1087 3027 et
1139 2981 1201 3049 pra
1217 2958 1312 3027 dicta
1328 2968 1424 3027 sunt.
1488 3010 1493 3017 .

96 3057 362 3155 similiaiicctu
379 3062 496 3131 cordis
512 3082 714 3152 precemur,
740 3072 780 3130 ut
800 3055 897 3127 Deus
918 3057 1085 3148 reprimat
1234 3055 1379 3150 Reliqui
1398 3081 1518 3128 versus
1531 3072 1696 3149 repetunt
1708 3058 1956 3149 precationem,
1982 3076 2016 3131 ct
2030 3058 2117 3134 bor·
2244 3076 2247 3081 “

96 3172 242 3233 malros
257 3155 510 3254 sycophantas,
524 3176 560 3233 ει
575 3161 802 3254 profiteamur
812 3158 987 3230 iusticiam
1001 3181 1085 3231 cau·
1135 3171 1258 3230 tantur
1273 3159 1401 3250 impios
1423 3162 1465 3228 ad
1485 3160 1759 3249 poenitentiam,
1784 3173 1819 3229 ει
1840 3162 2050 3250 praedicunt
2070 3166 2121 3234 eis

96 3284 153 3334 tae
168 3274 329 3332 nostrae.
378 3259 566 3352 Reprimat
590 3276 707 3333 autem
726 3260 822 3333 Deus
842 3255 1085 3353 sycophantas,
1135 3275 1267 3332 certum
1282 3261 1447 3341 exitium,
1472 3261 1502 3330 si
1520 3283 1594 3331 uon
1611 3261 1827 3352 resipiscant.
2037 3342 2040 3347 .

96 3387 141 3435 ne
156 3364 324 3434 deleatur
339 3362 575 3434 ministerium
591 3361 796 3453 Evangelii:
822 3366 882 3432 sed
908 3384 1083 3454 synagoga
1234 3360 1391 3434 Ultimus
1403 3383 1525 3432 versus
1538 3375 1589 3434 εει
1608 3363 1800 3453 gratiarum
1820 3362 1913 3435 actio
1936 3388 2001 3457 pro
2022 3366 2118 3437 tite-

96 3464 317 3559 poprrlorum
335 3464 516 3536 circundat
535 3462 670 3551 Deum,
691 3465 728 3534 id
752 3478 823 3550 cst,
846 3460 1004 3535 Ecclesia
1028 3487 1084 3533 re·
1136 3463 1286 3534 ratione.

96 3568 253 3638 ducatur
266 3565 311 3635 ad
329 3562 459 3638 Deum.
1233 3564 1365 3635 Totum
1389 3576 1505 3635 autem
1526 3563 1707 3635 Psalmum
1728 3566 1996 3638 meminerimus
2015 3573 2120 3643 uobis

199 3664 306 3737 Nunc
323 3666 425 3739 facile
440 3682 491 3739 est
507 3666 628 3738 videre
652 3666 844 3738 sententias
862 3680 896 3737 ct
919 3666 1082 3737 ordinem
1135 3666 1354 3757 propositum
1379 3688 1452 3735 osse
1472 3667 1624 3758 exempli
1645 3689 1760 3737 causa.
1810 3665 1965 3739 Difficile
1986 3687 2038 3741 est
2061 3697 2118 3744 sa·

96 3764 255 3851 Psalmi,
280 3769 497 3839 considerata
515 3765 581 3839 bac
597 3770 794 3860 argumenti
811 3768 1027 3857 expositione
1049 3781 1083 3838 ει
1134 3768 1313 3858 pientibus
1331 3768 1503 3837 sustinere
1518 3768 1724 3842 calumnias.
1775 3767 1887 3840 Docet
1902 3771 2010 3862 igitur
2018 3772 2119 3847 Psal-

96 3868 338 3963 tpplicatione
362 3873 405 3938 ad
430 3885 551 3942 nostra
576 3871 743 3962 pericula.
792 3868 841 3940 Ut
857 3867 973 3941 David
996 3869 1083 3939 titu·
1135 3893 1213 3937 mars
1239 3870 1324 3963 quid
1347 3872 1523 3957 agendum
1546 3870 1612 3954 sit,
1647 3882 1682 3939 ει
1707 3872 1803 3951 unde
1824 3875 1976 3961 petenda
1997 3888 2032 3946 ot
2058 3901 2119 3946 ex·

96 3969 173 4043 lum
190 3969 275 4045 fecit
295 3969 514 4059 ignorantia,
539 3973 577 4042 id
593 3986 656 4053 εει,
680 3971 847 4041 inficiatio
865 3971 1080 4042 calumniae:
1135 3973 1303 4060 pectanda
1319 3970 1496 4054 defensio,
1521 3996 1600 4042 cum
1625 3972 1752 4040 mundi
1774 3973 1906 4043 iudicia
1929 3977 1999 4049 sint
2021 3977 2119 4048 iniu.

96 4070 144 4143 ita
170 4091 239 4142 nos
265 4069 501 4144 inscribamus
523 4075 626 4144 nobis
651 4068 928 4161 hunctitulum,
955 4073 1083 4164 depul-
1132 4088 1197 4145 sta.
1250 4071 1360 4143 Docet
1382 4075 1654 4157 tuendamesse
1685 4072 1857 4144 iusticiam
1890 4077 2004 4145 bonae
2031 4101 2117 4147 con-

96 4172 147 4243 tio
163 4172 388 4258 calumniae,
413 4174 578 4245 videlicet
595 4199 659 4266 per
675 4173 948 4257 inficiationem,
973 4188 1008 4244 et
1020 4197 1084 4265 per
1132 4175 1318 4258 scientiae,
1340 4188 1409 4244 eta
1426 4172 1500 4246 Deo
1517 4176 1702 4267 petendam
1727 4189 1763 4245 ει
1784 4178 2034 4265 expectandam
2052 4182 2118 4249 de-

96 4272 362 4367 precationem,
386 4298 458 4367 qua
478 4274 596 4347 Deum
621 4299 780 4354 oremus,
812 4290 854 4347 ut
876 4275 952 4365 ipse
975 4297 1082 4344 nosa
1132 4277 1327 4346 sensionem
1351 4299 1391 4344 ac
1415 4276 1674 4350 liberationem.
1726 4273 1774 4346 Et
1795 4277 1954 4368 exemplo
1977 4300 2042 4349 suo
2063 4295 2117 4353 te·

96 4369 326 4473 sycophantia
356 4374 501 4462 liberet,
542 4401 588 4448 ne
616 4376 854 4450 ministerium
892 4373 1103 4466 Evangelii,
1133 4390 1245 4465 statur
1269 4374 1408 4462 David,
1442 4376 1557 4448 Deum
1582 4400 1703 4448 revera
1734 4377 1888 4446 refutare
1920 4380 2116 4459 calumnias

96 4476 269 4551 deleatur.
1014 4528 1017 4535 -
1132 4493 1167 4549 et
1179 4473 1447 4573 sycophantias,
1472 4480 1564 4550 sicut
1585 4481 1750 4549 reductus
1770 4490 1823 4546 est
1836 4474 1973 4565 David,
1998 4495 2032 4552 et
2047 4479 2115 4574 pri·

194 4574 340 4649 Primos
361 4603 484 4650 versus
506 4581 627 4672 petitio
648 4594 702 4652 cst
716 4578 951 4656 liberationis.
1001 4574 1083 4651 Ob-
1133 4582 1228 4652 nitus
1244 4579 1375 4650 Semei.
1423 4579 1887 4661 Haedoctrinaconlirmati
1913 4595 1947 4653 ει
1963 4606 2028 4653 nos
2044 4586 2113 4656 iam

96 4702 194 4751 terra
219 4693 337 4769 sutem
362 4683 567 4773 compellari
588 4682 731 4774 propria
760 4683 1000 4774 adpellatione
1022 4706 1081 4751 ve-
1133 4696 1291 4773 petamus
1306 4694 1339 4751 et
1356 4696 1608 4775 expectemusa
1626 4679 1703 4750 Deo
1719 4680 1958 4753 defensionem
1974 4699 2008 4755 ει
2023 4687 2113 4758 libc-

96 4804 175 4853 mm
195 4780 342 4867 Deum,
377 4784 591 4873 patefactum
625 4785 665 4855 in
701 4780 768 4855 boc
798 4785 945 4875 populo.
1004 4782 1081 4853 Hac
1132 4784 1305 4855 rationem
1337 4785 1506 4855 adversus
1530 4783 1726 4852 virulentos
1753 4780 2005 4876 sycophantas,
2050 4788 2113 4881 qui

96 4881 368 4975 aompellatione
397 4886 641 4977 complectitur
670 4883 940 4980 promissiones,
971 4899 1007 4956 ει
1029 4898 1082 4954 ιε-
1131 4885 1236 4956 nohis
1250 4885 1383 4955 crimen
1401 4880 1596 4970 haereseos,
1619 4882 1849 4974 seditionum,
1864 4886 2113 4978 ambitionum,

96 4999 210 5057 statur
240 5005 277 5053 se
298 4985 433 5079 alloqui
456 5011 581 5075 acrum
604 4985 740 5072 Deum,
774 4987 896 5080 quise
920 4987 1081 5078 patefecit
1131 5002 1165 5060 ct
1180 4987 1247 5056 alia
1262 4987 1372 5055 multa
1389 4987 1477 5056 falso
1493 4985 1680 5060 obiiciunt.

96 5084 306 5159 ntradtdtr
339 5087 603 5178 promissiones.
655 5091 739 5158 ldeo
761 5089 866 5172 dicit,
892 5103 925 5159 te
951 5090 1079 5158 invoco
1235 5086 1342 5160 Utilis
1365 5088 1525 5159 doctrina
1547 5100 1581 5158 ει
1605 5088 1719 5158 dulcis
1749 5088 1944 5159 consolatio
1979 5107 2030 5163 εει
2056 5092 2114 5167 hic

96 5191 204 5293 nm,
228 5210 332 5280 quem
346 5190 605 5278 profiteorvere
622 5187 818 5261 esseDcum
833 5214 969 5260 meum:
998 5214 1080 5282 pro·
1130 5188 1292 5259 Psalmus
1311 5190 1424 5260 bonae
1448 5188 1576 5274 menti,
1606 5210 1696 5283 quae
1717 5189 1859 5260 iniustis
1883 5192 1991 5278 odiis,
2016 5196 2114 5266 falsis

96 5294 193 5365 lteor
215 5289 473 5383 Aegyptiorum
503 5306 536 5363 et
559 5290 751 5387 Syro'rum,
777 5308 811 5362 ct
834 5292 987 5362 aliorum
1011 5292 1079 5359 im·
1129 5291 1390 5384 suspicionibus
1424 5304 1460 5363 ει
1488 5291 1666 5363 ementitis
1697 5292 1905 5378 calumniis,
1935 5311 1976 5366 ut
2011 5320 2112 5388 saepe

96 5394 236 5467 tiorum
248 5393 490 5466 commentitia
512 5395 680 5476 numina,
707 5416 782 5463 non
798 5416 871 5465 csse
893 5397 993 5465 deos:
1017 5395 1079 5465 sed
1131 5395 1187 5479 tit,
1213 5406 1447 5486 oppugnatur.

1502 5492 1579 5568 65·
