4538 5754
688 184 690 189 ’
720 192 846 270 autu
873 191 993 273 MEL.
1018 195 1230 274 SCRIPTA
1257 193 1559 273 exacuatur„

122 197 221 274 1163
2068 216 2159 290 tttt

119 372 165 441 iis
188 368 252 463 qui
274 369 426 441 credunt
456 367 574 438 abolet
604 381 786 458 peccatum
816 354 870 538 ἦ
879 383 1042 451 mortem,
1075 382 1112 440 et
1165 393 1257 455 esse,
1280 369 1450 440 omnibus
1465 371 1690 465 perspicuum
1707 389 1779 463 est,
1805 392 1839 449 et
1855 380 2004 473 quidem
2022 383 2103 457 ideo
2118 391 2157 457 de

119 477 229 544 donat
255 471 305 540 eis
327 469 502 540 iusticiam
524 484 557 540 et
573 469 683 540 vitam
714 470 835 541 acteru
861 466 916 556 m,
945 485 988 543 ut
1010 470 1111 541 Psal-
1164 486 1340 564 postrema
1357 486 1495 544 senecta
1511 475 1657 561 muudi,
1684 479 1880 569 singulares
1903 487 2156 575 promissiones

119 598 199 644 mus
214 572 349 666 inquit:
383 569 571 655 Ascendit,
599 569 773 662 captivam
800 573 901 642 duxit
926 573 1110 663 captivita-
1164 575 1314 644 traditae
1328 586 1432 654 sunt,
1458 577 1542 667 quia
1564 578 1677 646 moles
1693 582 1935 669 periculorum
1958 602 1993 659 et
2013 589 2155 660 calami·

119 691 190 747 tem
208 689 270 746 etc.
322 673 427 745 Item:
453 670 687 762 Evangelium
711 688 763 744 cst
786 675 944 766 potentia
970 673 1038 744 Dei
1064 678 1107 745 ad
1163 689 1274 746 tatum
1298 675 1411 744 maior
1434 679 1518 759 erit,
1545 681 1735 771 quamfuit
1756 700 1870 755 antea.
1926 684 2014 759 Ideo
2036 692 2075 760 in
2090 689 2157 763 Da-

119 780 268 849 salutem
290 775 390 848 omni
414 775 585 848 credenti.
643 773 827 866 Significat
860 777 969 866 igitur
994 772 1110 848 ethic
1163 779 1256 846 niele
1270 777 1417 849 dicitur:
1446 773 1602 850 Michaia'l
1619 783 1691 852 dux
1707 807 1856 875 magnus
1870 791 1982 862 stabit
1998 816 2066 882 pro
2079 795 2157 865 liliis

118 879 280 950 Psalmus
304 878 440 948 abolito
461 876 660 946 ministerio
682 875 861 964 Levitico,
892 879 1107 968 agnitionem
1162 878 1285 971 populi
1305 881 1378 963 sui,
1404 873 1501 950 hunc
1517 883 1641 952 ducem
1666 884 1888 974 invocemus,
1916 906 1957 964 ut
1974 915 2046 966 nos
2067 910 2157 986 emt

118 977 226 1051 huius
240 979 372 1052 summi
387 979 579 1049 sacerdotis
593 1003 731 1072 semper
746 979 785 1048 in
800 976 975 1060 Ecclesia,
1001 983 1105 1051 etiam
1161 994 1196 1050 et
1218 980 1421 1066 confirmet,
1446 997 1560 1053 servet
1582 980 1760 1056 Ecclesiae
1783 991 1954 1081 reliquias
1977 993 2076 1067 inter
2095 1021 2155 1068 nos

119 1084 158 1152 in
172 1078 241 1152 hac
254 1081 398 1153 mortali
422 1081 495 1151 vita
512 1105 715 1151 mansuram
733 1104 825 1165 esse,
852 1084 934 1174 quia
954 1082 1107 1153 incoatio
1163 1082 1331 1153 etiamad
1351 1084 1607 1174 posteritatem,
1633 1099 1667 1157 et
1688 1091 1842 1179 depellat
1859 1093 2049 1183 diabolos,
2071 1124 2155 1193 quo·

27 1206 31 1217 ·
118 1182 295 1255 Ecclesiae
320 1184 359 1252 bt
384 1183 423 1251 iu
447 1179 513 1252 bac
534 1184 628 1275 vita,
662 1184 751 1253 sicut
777 1198 811 1254 et
838 1209 942 1274 supra
973 1185 1107 1254 dictum
1162 1208 1242 1255 rum
1267 1208 1421 1254 eonunc
1440 1185 1557 1256 rabies
1581 1188 1693 1258 maior
1711 1205 1780 1277 est,
1809 1193 1891 1287 quia
1914 1196 2038 1268 sciunt
2061 1198 2153 1270 brevi

120 1300 188 1358 est:
217 1285 364 1374 Virgam
390 1284 490 1375 regni
507 1285 561 1354 tui
584 1285 720 1356 emittet
740 1284 917 1357 Dominus
938 1311 979 1355 ex
1005 1286 1109 1372 Zion,

120 1407 155 1461 et
172 1389 357 1458 dominare
370 1385 411 1455 in
429 1385 547 1456 medio
563 1388 792 1457 inimicorum
809 1401 966 1459 tuorum.

221 1487 317 1558 llaec
333 1488 526 1557 consolatio
541 1482 608 1558 hoc
623 1489 700 1558 loco
717 1490 903 1578 cogitanda
926 1503 995 1574 est,
1022 1501 1055 1557 et
1070 1488 1108 1555 io

99 1593 185 1665 -bac
202 1589 344 1661 mortali
360 1590 431 1658 vita
450 1613 589 1682 semper
610 1591 747 1685 aliquas
762 1592 838 1661 fore
856 1592 1026 1683 reliquias
1040 1585 1109 1658 Ec-

119 1696 246 1768 clesiae
260 1691 350 1776 Dei,
375 1714 487 1785 usque
503 1695 548 1762 ad
563 1692 856 1763 resurrectionem
874 1707 1109 1776 mortuorum,

118 1821 208 1894 quae
224 1806 346 1888 postca
361 1817 440 1864 cum
465 1819 603 1864 summo
617 1798 798 1865 sacerdote
816 1796 855 1864 in
878 1796 977 1866 omni
996 1807 1109 1865 acter-

37 1978 40 1985 .
118 1892 228 1972 nitate
245 1897 359 1980 vivet,
385 1912 418 1966 et
433 1892 549 1967 Deum
566 1897 776 1983 celebrabit,
800 1898 895 1983 iuxta
913 1893 999 1966 haec
1016 1896 1109 1965 dicta

119 1996 249 2073 Matth.
264 1999 345 2073 ult:
373 1994 463 2068 Ecce
478 2021 541 2088 ego
560 1999 742 2069 vobiscum
758 2022 835 2069 sum
853 2000 1022 2069 omnibus
1034 1997 1110 2066 die·

8 2133 11 2136 ·
117 2107 186 2176 bus
201 2100 372 2194 usquead
388 2100 729 2170 consummationem
746 2102 865 2175 seculi.
900 2099 1110 2172 1.Cor.11.:

118 2203 347 2278 Annunciate
362 2215 511 2271 mortem
523 2200 671 2271 Domini
687 2205 802 2273 donec
818 2203 946 2272 veniat.
979 2195 1110 2273 Matth.

118 2308 200 2381 24:
234 2301 316 2375 Erit
329 2303 420 2374 sicut
435 2304 473 2371 iu
490 2303 615 2374 diebus
630 2303 726 2388 Noe‘,
752 2307 825 2374 duo
840 2317 943 2374 erunt
961 2304 999 2372 in
1015 2325 1110 2391 agro,

118 2431 212 2482 unus
244 2419 464 2490 assumetur,
505 2407 595 2476 alter
635 2407 857 2498 relinquetur
887 2420 951 2478 etc.
1002 2402 1109 2475 ltem:

118 2508 204 2588 Dies
219 2507 598 2588 istiabbreviabuntur
608 2522 752 2597 propter
766 2509 904 2579 electos.
929 2505 1022 2579 Dan.
1037 2506 1110 2579 12:

119 2614 162 2685 ln
186 2626 345 2700 tempore
370 2608 433 2694 illo
456 2623 575 2696 surget
589 2605 746 2680 Michaet
764 2611 835 2680 dux
856 2630 1023 2698 magnus,
1048 2607 1111 2699 qui

121 2728 190 2786 stat
212 2735 277 2803 pro
300 2709 382 2779 filiis
404 2709 528 2803 populi
554 2709 627 2794 sui,
651 2724 686 2781 et
712 2713 780 2783 crit
802 2725 939 2803 tempus
960 2709 1112 2780 tribula-

120 2815 250 2899 tionis,
273 2815 378 2908 quale
403 2835 478 2881 non
499 2811 567 2882 fuit
586 2837 628 2882 ex
646 2837 717 2906 quo
741 2827 861 2903 gentes
879 2815 1040 2896 fuerunt,
1066 2812 1110 2880 ad

120 2921 157 2989 id
183 2931 342 3008 tempus,
374 2927 409 2986 et
438 2912 503 2984 illo
534 2927 690 3006 tempore
719 2916 931 2986 liberabitur
958 2913 1112 3005 populus

120 3036 224 3104 tuus,
250 3017 368 3087 omnis
385 3015 447 3109 qui
465 3017 616 3107 scriptus
635 3018 800 3088 inventus
816 3018 924 3088 fuerit
948 3017 987 3085 iu
1003 3017 1110 3086 libro.

3 3184 7 3192 .
120 3122 246 3193 Esaiae
258 3116 338 3193 46.;
366 3115 567 3189 Gestamini
581 3119 619 3187 in
635 3132 738 3189 utero
758 3143 854 3206 meo,
881 3120 986 3189 etiam
1002 3120 1040 3187 io
1056 3139 1112 3185 se-

120 3237 223 3297 necta
240 3235 275 3292 et
292 3220 331 3289 in
346 3220 480 3290 canicie
499 3243 561 3290 vos
575 3222 730 3310 gestabo.
781 3218 909 3292 Esaiae
922 3218 1000 3291 59.:
1028 3217 1111 3310 Spi-

6 3369 19 3375 -
122 3329 212 3398 ritus
228 3345 327 3392 meus
343 3321 405 3416 qui
428 3335 480 3395 est
496 3320 602 3405 inte,
630 3337 663 3393 et
679 3323 788 3394 verba
811 3348 888 3393 mea
906 3345 995 3416 quae
1011 3321 1111 3412 posui

122 3430 161 3498 in
178 3449 239 3496 ore
261 3439 344 3507 tuo,
368 3447 442 3491 non
465 3425 630 3492 recedent
647 3425 691 3493 ab
714 3449 776 3492 ore
796 3439 877 3509 tuo,
904 3447 969 3493 nec
991 3425 1113 3492 abore

124 3526 271 3599 seminis
293 3523 368 3608 tui,
390 3523 478 3594 dicit
499 3522 697 3605 Dominus,
723 3549 820 3596 nunc
844 3541 877 3597 et
893 3525 1060 3616 deinceps
1074 3525 1112 3592 in

125 3643 323 3701 aeternum.

227 3730 284 3799 Ad
296 3724 382 3797 haec
392 3727 593 3801 testimonia
610 3728 825 3818 adiungatur
834 3737 867 3794 et
882 3720 951 3795 hoc
961 3727 1113 3796 dictum:

125 3833 186 3904 Tu
201 3855 238 3901 es
263 3833 425 3900 sacerdos
443 3829 481 3898 in
498 3842 679 3900 aeternum
699 3845 763 3902 etc.
815 3826 863 3897 Et
881 3829 1033 3899 recitans
1056 3852 1111 3898 ar·

125 3935 275 4007 ticulum
306 3931 345 4000 in
371 3933 551 4026 symbolo:
585 3929 701 4001 Credo
735 3927 930 4000 Ecclesiam
963 3926 1115 4000 catholi-

126 4062 222 4121 cam,
246 4030 313 4105 hac
328 4047 363 4103 te
379 4032 623 4102 consolatione
645 4045 855 4114 sustentato,
880 4033 974 4122 quod
1000 4028 1115 4102 adbuc

125 4141 171 4210 sit
184 4134 342 4210 Ecclesia
357 4133 443 4221 Dei,
467 4135 563 4227 quod
581 4158 652 4203 non
670 4135 837 4203 reiectum
855 4132 902 4202 sit
925 4145 1038 4203 toturn
1056 4156 1115 4223 ge-

126 4263 196 4313 nus
210 4236 408 4310 humanum
425 4232 550 4322 aDeo,
577 4238 672 4329 quod
688 4234 938 4327 promissiones
954 4259 1028 4305 nou
1044 4236 1116 4306 sint

126 4343 270 4427 irritae,
295 4355 330 4425 et
347 4339 477 4431 cogites
496 4363 587 4432 quae
611 4352 646 4409 ct
660 4337 722 4407 ubi
739 4337 784 4407 sit
798 4332 955 4407 Ecclesia
972 4338 1058 4424 Dei,
1083 4353 1114 4407 et

128 4444 282 4539 teipsum
298 4444 500 4513 membrum
523 4463 596 4512 esse
611 4437 807 4523 Ecclesiae,
833 4453 866 4509 et
882 4438 947 4509 tibi
964 4440 1116 4530 promis-

25 4603 29 4610 e
129 4549 244 4619 siones
262 4559 355 4616 ratas
372 4568 445 4614 esse
462 4544 662 4614 firmissime
678 4541 843 4624 statuito,
868 4554 902 4611 et
925 4543 1117 4611 confessio·

128 4675 193 4735 ne,
217 4647 443 4717 invocatione
465 4659 500 4716 et
523 4647 707 4717 voluntate
727 4643 933 4736 ubicunque
954 4667 990 4713 es
1006 4659 1039 4714 te
1057 4669 1117 4714 re-

128 4775 189 4823 rae
204 4747 384 4821 Ecclesiae
407 4748 602 4837 adiungito.
660 4746 760 4818 Haec
781 4767 860 4836 spes
884 4769 1026 4839 quoque
1050 4746 1116 4816 tibi

129 4856 272 4926 dolores
295 4849 423 4933 leniat,
462 4862 566 4941 teque
594 4851 631 4919 in
656 4849 839 4920 doctrinae
864 4848 1117 4939 propagatione

130 4957 336 5037 confirmet,
371 4953 468 5045 quod
491 4965 624 5021 certum
649 4965 701 5021 est
725 4954 768 5022 ad
792 4963 948 5040 posteros
976 4973 1119 5044 quoque

130 5080 333 5130 mansuram
357 5076 430 5122 esse
453 5048 669 5138 Ecclesiam,
695 5067 729 5122 et
749 5054 868 5144 aliqua
885 5047 1062 5122 Ecclesiae
1084 5067 1117 5122 et

131 5160 314 5233 doctrinae
336 5150 501 5244 hospitia.

232 5257 335 5328 Hanc
354 5256 631 5326 consolationem
658 5256 751 5325 iuter
765 5270 880 5327 tantas
903 5258 1024 5326 ruinas
1049 5259 1118 5326 im-

103 5349 105 5354 ⁴
133 5363 332 5456 periurum,
357 5359 396 5428 in
417 5359 525 5430 tantis
548 5357 859 5449 dissipationibus,
887 5360 1118 5429 necessariam
1143 5348 1147 5430 l

1161 1300 1350 1356 venturum
1379 1309 1451 1356 csse
1479 1288 1673 1375 iudicium,
1700 1291 1780 1363 ideo
1803 1295 1841 1363 in
1860 1296 1911 1365 eis
1927 1300 2047 1390 magis
2061 1303 2154 1372 ardet

1162 1388 1336 1483 cupiditas
1351 1388 1547 1473 vindictae,
1574 1404 1609 1461 et
1626 1395 1751 1463 caeteri
1764 1397 1926 1489 furores,
1953 1400 2044 1471 item
2065 1405 2153 1495 apud

1162 1486 1304 1559 Esaiam
1323 1513 1481 1580 expresse
1499 1491 1631 1561 dictum
1655 1509 1722 1565 est:
1750 1495 1791 1566 ln
1810 1515 1950 1571 senecta
1966 1515 2004 1573 ct
2024 1505 2152 1575 canicie

1162 1608 1197 1663 te
1214 1592 1377 1680 gestabo,
1404 1593 1492 1661 sicut
1506 1594 1651 1682 gravida
1668 1611 1781 1666 mater
1798 1601 1933 1671 foetum
1949 1617 2019 1677 etc.

1262 1691 1455 1785 Postquam
1477 1697 1522 1763 de
1546 1699 1743 1768 sacerdotio
1760 1701 1869 1786 dixit,
1896 1705 1993 1776 redit
2016 1708 2062 1777 ad
2078 1731 2153 1777 nar·

1163 1793 1336 1863 rationem
1355 1795 1538 1863 victoriam
1556 1820 1645 1889 quae
1668 1803 1809 1891 proprie
1829 1804 2045 1878 tribuuntur
2061 1811 2153 1898 regio

1162 1895 1295 1964 officio:
1327 1889 1520 1965 Dominus
1543 1922 1568 1966 a
1593 1892 1736 1970 dextris
1758 1902 1832 1972 luis
1855 1907 2018 2000 percutit
2041 1908 2080 1978 iu
2103 1911 2155 1980 die

1162 1999 1241 2065 irae
1264 2019 1354 2065 suae
1381 2019 1498 2090 reges,
1533 1996 1672 2070 iudicat
1695 2002 1791 2072 iuter
1812 2017 1958 2097 gentes,
1995 2009 2155 2081 cumulat

1161 2093 1363 2179 cadavera,
1388 2099 1543 2193 percutit
1558 2099 1598 2169 in
1611 2108 1709 2172 terra
1731 2117 1840 2200 copul
1855 2133 2051 2204 magnum.
2092 2113 2156 2185 llis

1162 2201 1281 2271 verbis
1295 2202 1453 2270 defensio
1466 2198 1643 2274 Ecclesiae
1658 2205 1697 2274 in
1714 2202 1779 2277 hac
1795 2212 1885 2295 vita,
1913 2228 1949 2284 et
1961 2229 2085 2305 postes
2102 2217 2157 2285 in·

1163 2317 1259 2393 tegra
1289 2303 1453 2372 liberatio
1477 2305 1746 2393 describuntur,
1780 2325 1814 2380 et
1836 2314 2035 2386 collatione
2057 2342 2156 2408 prae·

1164 2405 1317 2475 sentium
1341 2405 1582 2495 periculorum
1605 2422 1638 2478 et
1663 2411 1906 2498 miseriarum,
1933 2432 1979 2486 et
2001 2434 2156 2489 servatae

1163 2504 1341 2578 Ecclesiae
1364 2508 1531 2577 omnibus
1554 2511 1792 2602 temporibus,
1817 2515 1856 2586 lit
1877 2516 2059 2589 illustrior
2077 2545 2153 2590 sen-

1163 2608 1292 2677 tentia:
1320 2607 1457 2678 etiamsi
1477 2610 1608 2699 pariter
1621 2612 1776 2693 diaboli,
1803 2630 1837 2686 et
1861 2617 2037 2711 imperia,
2062 2621 2153 2692 Tur·

1164 2711 1297 2792 cicum,
1323 2708 1572 2797 Pontificium,
1598 2711 1731 2803 Regia,
1761 2740 1975 2807 magnarum
1998 2723 2148 2812 gentium

1165 2812 1266 2891 odia,
1299 2806 1558 2883 baereticorum
1582 2827 1618 2884 et
1643 2830 1817 2886 sectarum
1840 2821 2006 2903 furores,
2041 2824 2147 2894 delere

1165 2911 1357 2984 Ecclesiam
1381 2927 1574 2999 conantur,
1598 2928 1717 2986 tamen
1739 2942 1815 2987 eam
1840 2936 2008 3017 proteget
2030 2940 2065 2996 et
2082 2948 2144 2994 ser·

1165 3017 1262 3084 vabit
1286 3013 1451 3101 Messias,
1485 3030 1519 3087 et
1547 3021 1688 3089 tandem
1720 3021 1887 3091 omnibus
1914 3020 1973 3093 his
1998 3022 2148 3098 hostibus

1165 3117 1350 3208 repressis,
1377 3129 1411 3186 et
1433 3117 1593 3210 imperiis
1614 3121 1742 3189 mundi
1766 3122 1912 3210 deletis,
1939 3151 2087 3219 prorsus
2109 3128 2148 3196 li·

1166 3217 1304 3289 berabit
1320 3241 1407 3287 eam.

1267 3319 1423 3390 Accedat
1454 3333 1570 3390 autem
1602 3321 1687 3392 fides
1719 3327 1761 3393 ad
1796 3321 1860 3395 has
1890 3330 2145 3418 promissiones.

1167 3445 1235 3515 qua
1251 3445 1317 3490 nos
1336 3421 1429 3513 ipsos
1444 3421 1538 3492 inter
1553 3424 1692 3495 assidua
1717 3427 1888 3518 pericula,
1917 3454 1985 3500 nos
2001 3426 2057 3500 his
2072 3455 2144 3501 con-

1167 3523 1402 3593 solationibus
1425 3538 1671 3595 sustentemus.
1733 3527 1895 3599 Sciamus
1920 3526 2020 3602 hunc
2043 3556 2142 3621 regem

1167 3624 1300 3695 Filium
1318 3623 1383 3694 Dei
1406 3649 1488 3694 vere
1512 3628 1696 3697 nobiscum
1721 3653 1813 3714 esse,
1838 3632 1930 3703 sicut
1952 3635 2142 3704 nominatur

1167 3727 1357 3810 Emanuel‚
1383 3750 1449 3797 nos
1463 3751 1545 3796 vere
1559 3730 1694 3819 protegi
1711 3746 1744 3799 et
1760 3735 1892 3802 servari
1910 3736 1957 3805 ab
1973 3761 2017 3806 eo
2031 3751 2064 3807 et
2077 3753 2143 3808 tan·

1168 3853 1275 3924 qaram
1297 3829 1373 3898 cius
1394 3851 1504 3898 manu
1526 3832 1673 3918 gestari,
1700 3834 1789 3903 sicut
1808 3832 1986 3906 Israelitas
2008 3840 2047 3908 in
2069 3838 2143 3906 mari

1168 3933 1278 4001 rubro
1302 3944 1434 4014 servat,
1460 3953 1521 4000 seu
1546 3932 1734 4003 Danielem
1758 3936 1852 4006 inter
1873 3938 2006 4010 leones.
2061 3936 2143 4009 Haec

1168 4031 1362 4104 consolatio
1386 4032 1587 4124 saepissime
1601 4037 1747 4127 repetita
1774 4051 1843 4121 est,
1878 4055 1918 4110 ut
1941 4038 2086 4112 Zachar.
2101 4039 2144 4113 4.:

1169 4136 1262 4206 Cum
1280 4134 1440 4203 rediisset
1456 4159 1496 4203 ex
1507 4133 1690 4229 Babylone
1704 4139 1852 4208 inermis
1868 4142 2063 4214 multitudo
2077 4164 2146 4213 cum

1168 4237 1306 4326 magnis
1330 4237 1530 4324 agminibus
1555 4238 1765 4319 mulierum,
1794 4242 2019 4330 puellarum,
2040 4245 2145 4315 infau-
2189 4312 2192 4319 .

1170 4354 1245 4410 tum
1269 4361 1334 4407 nec
1360 4337 1544 4428 praesidiis
1574 4363 1611 4408 se
1633 4342 1842 4424 defendere,
1877 4368 1943 4414 nec
1970 4347 2147 4418 moenibus

1169 4455 1284 4528 tegere
1300 4450 1451 4531 possent,
1472 4441 1676 4512 consolatur
1690 4467 1750 4513 eos
1763 4441 1952 4531 Dominus,
1975 4449 2148 4543 inquiens:

1170 4541 1251 4612 Non
1272 4542 1312 4609 in
1334 4543 1507 4627 exercitu,
1539 4543 1674 4613 nonin
1699 4548 1844 4631 robore,
1876 4549 1937 4620 sed
1969 4550 2010 4618 iu
2034 4552 2155 4643 spiritu
2190 4586 2192 4591 ·

1171 4668 1266 4726 meo,
1290 4643 1377 4713 dicit
1391 4642 1588 4729 Dominus,
1614 4647 1739 4731 idest,
1765 4652 1913 4720 servabo
1938 4675 2019 4738 eos,
2046 4667 2080 4725 et
2098 4676 2150 4725 ert>
2190 4666 2192 4671 '

1170 4768 1294 4816 murus
1308 4747 1433 4834 igneus
1446 4748 1484 4815 in
1501 4748 1651 4819 circuitu
1673 4772 1815 4835 eorum,
1841 4754 1980 4824 etiamsi
1999 4779 2066 4827 nec
2080 4779 2152 4829 mu-
2183 4776 2192 4785 ”

1170 4871 1230 4919 ros
1246 4844 1379 4917 habent
1396 4873 1460 4918 nec
1477 4845 1630 4919 humana
1646 4852 1835 4940 praesidia.
1885 4852 1935 4927 Et
1944 4871 2065 4929 tamen
2082 4858 2153 4929 ulis

1170 4965 1221 5020 est
1257 4950 1481 5021 imbecillitas
1516 4948 1725 5038 hominum,
1766 4970 1807 5025 ut
1838 4980 1978 5050 semper
2009 4962 2153 5033 circum·

1170 5067 1326 5145 spectent
1356 5053 1469 5136 oculi,
1513 5069 1685 5146 quaerant
1721 5058 1966 5144 defensiones,
2007 5059 2154 5137 bumana

1169 5155 1365 5245 praesidia,
1397 5157 1560 5238 foedera,
1593 5159 1783 5241 exercitus,
1817 5185 1883 5231 nec
1906 5163 2021 5235 velint
2044 5165 2154 5241 aDco

1171 5270 1351 5348 expectare
1368 5252 1621 5328 defensionem.
1675 5258 1801 5331 Postea
1818 5263 1924 5334 motis
1941 5268 2053 5337 armis
2070 5268 2156 5339 mul·

1173 5359 1312 5429 tabunt
1331 5381 1404 5427 non
1421 5361 1632 5449 pertinentia
1654 5363 1700 5432 ad
1717 5362 1922 5437 Ecclesiam.
1977 5367 2157 5443 Discamus
