4538 5754
117 248 193 323 m
393 232 604 317 SCRIPTA
630 235 706 313 ΡΗ.
727 229 939 314 Matreu
963 233 1093 316 lllS'l'.
1116 232 1261 316 PROF.
1284 233 1353 313 ΕΤ
1379 236 1570 317 tultos.
1590 235 1910 333 srucrntt'rta.
2064 250 2145 329 324

54 436 64 443 ’
121 433 256 512 patrem
280 428 317 486 et
342 414 468 484 fratres
499 408 687 482 interfecit.
749 404 943 477 Gravidam
976 407 1104 478 coniu-
1152 421 1274 496 natos,
1299 411 1384 504 quia
1397 434 1500 503 saepe
1514 425 1550 484 et
1567 416 1664 487 varie
1678 432 1872 508 aegrotant.
1898 418 2055 493 Naturas
2070 427 2139 497 ab·

122 543 205 611 gem.
225 517 368 610 quidam
390 511 550 584 Basileae
579 509 726 594 occidit,
761 532 801 578 ae
824 530 898 578 sese
912 523 1032 600 postea
1058 511 1102 579 de
1153 504 1372 584 horrentesa
1388 513 1542 599 musica,
1573 529 1608 586 et
1625 541 1809 610 perperam
1827 537 2011 609 canentes,
2043 525 2136 597 dici-

125 618 270 690 soblimi
292 618 370 686 loco
392 613 616 706 praeeipitem
640 609 787 689 deiecit,
827 624 932 702 atque
963 611 1012 681 ita
1034 610 1103 679 sibi
1152 635 1232 683 mus
1254 613 1293 681 in
1316 638 1357 683 eo
1379 636 1506 703 genere
1532 615 1777 694 infortunatae.
1829 620 1926 694 Haec
1950 627 2136 717 propriea

126 733 275 792 mortem
299 714 479 789 conscivit.
537 712 613 781 Hos
634 712 772 780 furores
798 733 816 779 a
838 708 991 780 Diabolo
1016 710 1104 781 oriri
1153 715 1437 804 temperamentis
1452 716 1557 800 oriri,
1582 721 1807 792 manifestum
1823 737 1884 794 est,

126 835 259 893 certum
275 832 343 902 est,
365 817 447 908 quia
463 814 640 909 quaelihet
654 825 796 895 natura,
824 812 938 880 donee
950 813 1104 883 naturali
1258 813 1389 884 Verum
1407 829 1458 885 est
1473 829 1589 887 autem
1606 823 1788 892 stellarum
1804 824 1920 914 positu
1936 827 2140 915 gubernari,

127 925 204 992 loce
219 934 253 991 et
267 919 406 989 adfectu
421 920 576 1006 regitur,
602 914 657 983 sui
672 911 976 981 conservationem
996 914 1104 1003 adpe·
1157 926 1189 981 et
1208 914 1337 984 variari
1352 929 1639 1006 temperamenta.
1688 921 1772 992 ldeo
1787 926 1956 995 coniunxi
1973 922 2041 998 hoc
2056 931 2138 998 loco

126 1025 188 1106 tit,
213 1035 248 1091 et
273 1032 367 1088 amat
387 1031 565 1107 cognatos.
622 1013 693 1085 Sed
723 1009 814 1081 hanc
836 1013 951 1081 lucem
977 1026 1013 1082 et
1040 1007 1105 1082 hos
1156 1026 1342 1107 utramque
1357 1039 1516 1101 causam,
1553 1024 1614 1089 sed
1636 1035 1754 1092 tamen
1777 1024 1910 1118 aliquid
1931 1050 1950 1095 a
1971 1031 2081 1118 stirpe
2105 1046 2138 1099 et

128 1125 285 1194 adlectus
303 1120 477 1208 extinguit
491 1115 683 1199 Diabolus,
716 1128 756 1183 ut
771 1113 941 1204 scriptum
956 1125 1026 1184 est:
1053 1126 1105 1183 te·
1154 1114 1358 1203 regionibus
1389 1131 1664 1209 temperamenta
1691 1127 1893 1200 adsumunt.
1950 1126 2137 1200 Praeterea

128 1246 213 1295 nere
228 1245 308 1292 eum
323 1221 478 1311 captivas
491 1230 626 1286 mentes
639 1215 842 1306 impiorum.
893 1210 941 1283 Et
956 1217 1000 1283 de
1016 1210 1104 1284 luda
1154 1215 1207 1283 vis
1236 1228 1288 1284 est
1309 1217 1427 1310 aliqua
1452 1220 1632 1292 stellarum
1653 1224 1694 1292 in
1716 1224 2010 1299 inclinationibus
2040 1233 2137 1299 erci-

127 1324 276 1396 dicitur:
304 1320 455 1391 lutravit
469 1321 508 1388 in
525 1342 606 1388 eum
622 1314 778 1386 Satanas.
1155 1316 1293 1397 randis,
1325 1341 1415 1408 quae
1435 1321 1481 1387 ad
1505 1331 1779 1412 temperamenta
1803 1328 1927 1397 referri
1952 1354 2027 1399 non
2052 1334 2138 1400 satis

229 1420 278 1494 Et
292 1423 398 1492 variis
411 1413 1104 1508 modisgrassaturDiabolus,interdum
1154 1430 1278 1506 potest.
1324 1417 1527 1489 Sedtameu
1546 1444 1621 1491 non
1640 1425 1746 1494 nimis
1762 1427 1940 1499 subtiliter
1958 1424 2043 1501 haec
2061 1432 2138 1500 dis·

128 1528 225 1597 velut
239 1524 364 1593 ludens
386 1521 539 1593 ostendit
561 1521 654 1588 bona
676 1518 774 1607 signa
796 1511 1026 1601 hominibus,
1065 1527 1107 1586 ut
1156 1530 1331 1605 putemus.
1382 1516 1571 1608 Dicamus,
1603 1526 1698 1616 quod
1721 1551 1775 1596 res
1790 1544 1859 1613 est,
1888 1553 1991 1620 saepe
2006 1533 2138 1601 lurtui.

128 1627 311 1698 confirmet
327 1624 561 1694 securitatem.
610 1617 701 1689 Nam
719 1619 813 1710 quod
821 1615 1023 1710 Polycrates
1040 1639 1107 1686 an·
1156 1629 1272 1687 torum
1288 1633 1483 1690 eventuum
1504 1646 1565 1712 per
1583 1647 1620 1694 se
1636 1648 1756 1697 causas
1775 1651 1848 1698 esse
1863 1644 2139 1720 temperamenta

127 1726 308 1799 nulumin
321 1724 608 1793 mareahiectum
642 1720 792 1811 recepit,
825 1718 862 1785 id
886 1740 960 1786 non
976 1718 1108 1808 opinor
1155 1731 1190 1788 et
1209 1719 1388 1789 stellarum
1412 1723 1559 1810 positus.
1608 1720 1684 1796 Etsi
1711 1729 1805 1797 enim
1822 1742 1856 1798 ει
1871 1755 1951 1801 cum
1967 1727 2024 1800 his
2042 1729 2138 1826 phy-

128 1831 166 1898 in
181 1826 283 1898 astris
299 1826 452 1918 aliquam
467 1825 642 1893 illustrem
657 1843 795 1890 causam
810 1814 951 1888 habere.
989 1816 1106 1906 Magis
1155 1818 1236 1888 sicis
1266 1820 1379 1888 causis
1407 1818 1502 1891 Deus
1527 1826 1738 1897 coniunctus
1762 1843 1831 1913 est,
1864 1845 2031 1924 tanquam
2058 1834 2136 1923 pri.

128 1931 272 2001 videtur
287 1923 432 1996 Diaboli
455 1926 561 1995 ludus
585 1921 712 2010 foisse,
754 1933 794 1990 ut
817 1917 1018 2012 Polycrates
1036 1919 1107 1988 sibi
1155 1943 1211 1988 ma
1236 1934 1268 1990 et
1296 1921 1505 1990 universalis
1534 1949 1655 2010 eausa,
1697 1943 1814 1996 tamen
1846 1931 1965 2001 differt
1987 1929 2054 2000 hoc
2073 1956 2137 2020 ge·

128 2031 352 2122 persuaderet
367 2050 466 2096 suam
481 2023 705 2094 foelicitatem
721 2032 923 2112 perpetuam
938 2021 1105 2112 foreque
1155 2043 1225 2089 nus
1255 2021 1433 2092 actionum
1466 2046 1485 2092 a
1516 2026 1632 2115 primo
1666 2050 1811 2115 genere,
1854 2031 1899 2099 de
1931 2056 2002 2123 quo
2035 2036 2138 2122 prius

129 2131 257 2216 fiducia
281 2141 400 2219 postea
416 2125 537 2196 loniae
560 2123 839 2194 dominationem
863 2120 1031 2210 adpetiit,
1072 2133 1105 2189 et
1155 2122 1365 2195 dictumest.

127 2230 352 2300 fallacissimo
377 2224 516 2297 homini
546 2223 716 2302 credidit,
755 2246 773 2290 a
805 2245 876 2313 quo
897 2243 959 2310 per
980 2222 1105 2291 dolum
1256 2217 1371 2290 Antea
1399 2222 1444 2290 de
1473 2222 1671 2295 actionibus
1700 2231 1833 2299 dictum
1867 2246 1942 2322 est,
1975 2256 2064 2323 quae
2086 2234 2137 2300 sic

129 2332 388 2400 circumventus
413 2327 548 2396 crudeli
577 2322 751 2414 supplicio
770 2322 927 2391 adfectus
944 2337 1005 2394 est.
1032 2321 1105 2392 Lu·
1158 2322 1280 2390 bonta
1295 2320 1395 2407 Deo,
1419 2336 1459 2391 ut
1476 2346 1547 2390 non
1561 2327 1760 2400 reserantur
1775 2332 1817 2400 ad
1830 2354 1951 2402 causas
1965 2328 2138 2426 physicas,

130 2433 182 2501 dit
203 2433 297 2499 enim
315 2422 690 2499 Diabolushocmodo
705 2436 739 2492 et
754 2423 792 2490 in
807 2421 885 2491 aliis
904 2423 1030 2506 rebus,
1066 2437 1106 2492 ut
1157 2436 1194 2489 ut
1212 2419 1317 2492 Petro
1333 2445 1505 2490 carcerem
1521 2422 1651 2514 Augeli
1672 2431 1898 2519 patefaciunt,
1953 2429 2026 2500 lam
2051 2456 2137 2500 vero

130 2534 169 2599 in
185 2531 293 2620 signis
326 2530 411 2598 etin
427 2526 590 2598 oraculis.
651 2522 820 2594 Croesum
837 2523 1003 2611 ambiguo
1026 2532 1106 2591 o'ra-
1156 2522 1362 2590 dicinrusde
1379 2522 1420 2589 iis
1435 2524 1638 2610 eventibus,
1665 2531 1726 2620 qui
1743 2530 1862 2624 aliquo
1877 2532 1982 2600 modo
2004 2555 2024 2600 a
2049 2557 2136 2601 cau-

129 2634 209 2700 culo
224 2631 367 2722 impulit
380 2632 424 2698 ad
438 2627 570 2698 bellum
588 2626 816 2706 movendum,
842 2624 937 2716 quod
952 2623 1019 2713 ipsi
1034 2625 1106 2690 exi-

129 2733 179 2802 tio
193 2732 274 2805 luit.
330 2729 546 2816 Noribergae
573 2749 693 2796 recens
723 2748 817 2793 anno
851 2719 960 2796 1530.
993 2747 1107 2792 sacer-

128 2834 204 2904 doti
218 2833 258 2900 in
276 2831 442 2926 crystallo
463 2825 646 2900 thesauros
669 2827 881 2900 ostenderat.
931 2823 1012 2894 Hos
1027 2848 1107 2894 curn

126 2934 206 3003 loeo
223 2935 379 3023 perfosso
400 2944 482 3001 ante
503 2931 628 2999 orbem
653 2939 837 3021 quaereret
861 2926 1022 2995 sacerdos
1043 2926 1107 2994 ad·

127 3029 242 3107 hibito
257 3035 371 3103 amico
386 3045 600 3122 spectatore,
626 3051 775 3121 eumque
793 3028 865 3096 iam
879 3025 1051 3096 vidissent
1069 3025 1107 3094 in

125 3157 231 3226 specu
253 3158 368 3205 arcam
392 3147 426 3203 et
447 3147 563 3203 atrurn
580 3153 702 3199 canem
719 3129 907 3198 cubantem
921 3127 965 3196 ad
980 3149 1108 3210 arcam,

124 3237 302 3324 ingressus
317 3236 480 3304 sacerdos
494 3233 531 3300 in
554 3254 697 3319 specum
716 3228 954 3319 opprimitur,
988 3251 1029 3295 ac
1049 3226 1108 3294 in-

124 3337 295 3404 terficitur
311 3348 436 3405 ruente
450 3331 646 3414 cacumine,
669 3342 703 3399 et
719 3352 859 3419 specum
870 3350 993 3396 rursus
1008 3351 1108 3395 com-

47 3457 50 3460 ·
124 3436 253 3525 plente.
1016 3498 1019 3502 .

227 3532 324 3604 llaec
339 3536 383 3602 de
399 3533 514 3623 primo
532 3552 658 3618 genere
675 3529 818 3612 dixisse,
844 3527 928 3598 satis
943 3529 1000 3612 sit,
1027 3551 1107 3618 per-

126 3637 242 3706 tinent
257 3647 374 3705 autem
391 3630 461 3703 hue
476 3646 510 3702 et
529 3633 669 3720 piorum
700 3623 905 3714 hominum,
937 3642 979 3699 ut
1001 3625 1108 3700 Chri-

128 3738 192 3816 sti,
217 3734 412 3826 Baptistae,
444 3732 547 3803 Pauli
569 3745 604 3801 et
628 3730 798 3800 similium
823 3729 1006 3816 interitus,
1044 3730 1106 3822 qui

42 3925 43 3928 Ἴ
128 3839 170 3906 ad
194 3836 372 3925 singulare
395 3834 583 3905 consilium
601 3829 669 3901 Dei
694 3832 871 3900 referendi
890 3845 992 3913 suut,
1032 3853 1107 3898 uon

128 3939 173 4007 ad
199 3938 334 4023 stellas,
373 3949 433 4005 aut
463 3935 550 4004 alias
577 3956 697 4003 causas
720 3933 901 4002 secundas.
968 3929 1050 4000 Huc
1073 3942 1108 4000 et

128 4039 319 4129 impiorum
359 4051 457 4107 ortus
483 4049 518 4104 et
545 4035 708 4106 interitus
738 4031 923 4123 praecipue
953 4031 1108 4100 releren-

129 4141 167 4210 tli
190 4153 282 4212 sunt.

229 4241 353 4334 ltaque
379 4239 416 4306 in
442 4232 511 4306 hoc
530 4234 647 4325 primo
668 4256 816 4322 genere,
855 4235 950 4324 quod
973 4230 1107 4323 alioqui

128 4345 307 4412 fortunam
329 4354 474 4423 vocant,
507 4357 628 4405 revera
652 4333 818 4423 impulsio
840 4344 909 4417 est,
948 4356 1017 4426 qua
1038 4327 1108 4401 hu·

128 4444 224 4510 mani
240 4443 349 4510 animi
366 4465 384 4509 a
399 4440 494 4523 Deo,
514 4437 570 4506 vel
585 4459 605 4504 a
620 4432 888 4523 bonisAngelis,
913 4447 976 4504 aut
991 4431 1108 4501 aDia-

130 4544 220 4611 bolis
246 4543 439 4610 incitantur
461 4543 503 4608 ad
526 4536 659 4630 aliquid
684 4536 880 4624 agendum,
911 4546 972 4604 aut
995 4547 1109 4603 retra·

129 4638 277 4713 huntur.
330 4638 381 4708 Ac
398 4642 436 4707 in
453 4640 586 4729 magnis
601 4639 707 4707 rebus
722 4635 826 4705 honis
843 4648 878 4705 et
894 4635 1017 4720 malis,
1041 4636 1107 4703 do·

128 4742 258 4811 minari
277 4737 339 4809 has
352 4763 471 4810 causas
484 4764 560 4809 non
576 4739 726 4810 dubium
744 4748 805 4806 est.

310 4979 369 5047 De
388 4980 712 5066 Temperomentis
735 4982 773 5046 et
787 4972 931 5046 Stellio.

1157 2622 1203 2689 sis
1226 2612 1380 2715 physicis
1403 2638 1591 2712 reguntur,
1626 2628 1790 2701 videlieet
1815 2654 1835 2700 a
1858 2632 2014 2712 viribus,
2047 2657 2136 2724 quas

1155 2721 1252 2791 Deus
1267 2734 1412 2792 naturae
1428 2722 1578 2810 indidit,
1603 2740 1643 2798 ut
1657 2743 1838 2802 sustentat.
1871 2729 1996 2824 ltaque
2010 2735 2054 2802 ad
2073 2730 2138 2802 has

1157 2823 1248 2891 vires
1263 2824 1676 2917 tanquamadpropiores
1684 2854 1815 2913 causas,
1832 2832 1967 2901 erudite
1974 2834 2139 2903 referun-

1157 2936 1217 2994 tur
1231 2936 1395 3008 eventus,
1418 2937 1459 2994 ut
1474 2939 1608 2995 certum
1625 2942 1677 2999 est
1692 2931 1730 2999 in
1752 2945 2028 3025 temperamento
2054 2959 2138 3004 cau-

1156 3045 1231 3092 sam
1255 3045 1349 3107 esse,
1386 3047 1450 3093 eur
1467 3025 1597 3118 aliquis
1621 3030 1668 3101 sit
1688 3025 1846 3122 δυνάμει
1860 3027 2023 3128 νοσερός.
2087 3031 2138 3103 Ει

1157 3123 1292 3193 Medici
1315 3124 1388 3194 lere
1409 3127 1567 3197 contenti
1591 3143 1674 3199 sunt
1697 3133 1979 3202 consideratione
2002 3146 2137 3224 tempe-

1157 3225 1327 3305 ramenti,
1352 3249 1394 3303 ex
1409 3249 1479 3317 quo
1494 3227 1606 3297 multa
1624 3243 1717 3300 certe
1736 3233 1887 3303 iudicari
1900 3246 2059 3323 possunt.
2095 3234 2137 3304 Si

1157 3324 1203 3394 sit
1225 3348 1310 3416 epar
1338 3325 1506 3410 calidius,
1553 3339 1587 3396 et
1624 3332 1842 3402 ventriculus
1876 3333 2058 3423 frigidior,
2101 3349 2136 3402 et

1158 3436 1276 3517 pectus
1291 3437 1498 3513 angustum,
1523 3439 1557 3498 et
1572 3450 1699 3520 corpus
1714 3433 1863 3518 sienim,
1885 3433 1991 3504 multi
2008 3437 2138 3503 catarri

1157 3524 1388 3595 destillabant
1408 3526 1446 3593 in
1471 3541 1607 3616 pectus,
1640 3534 1818 3621 praedicet
1840 3535 1950 3624 igitur
1971 3532 2138 3605 Medicus

1156 3626 1226 3697 tale
1240 3647 1366 3717 corpus
1380 3621 1515 3716 phthisi
1531 3629 1726 3718 periturum
1743 3655 1827 3708 esse.
1891 3633 1999 3703 Tales
2018 3631 2139 3706 homi·

1157 3749 1220 3797 nes
1234 3723 1606 3815 Hippucrabsallatos
1620 3744 1738 3817 vocat,
1756 3727 2014 3830 mspvyuitiete.

1259 3825 1350 3896 Cum
1367 3838 1484 3896 autem
1505 3829 1544 3896 in
1558 3834 1846 3921 temperamentis
1866 3834 2024 3925 insignes
2048 3861 2138 3930 qua·

1158 3929 1272 4000 litates
1290 3940 1371 3996 sunt
1387 3928 1503 3995 bonae
1517 3944 1578 4001 aut
1593 3932 1725 4016 malae,
1751 3934 1950 4026 plerunque
1972 3936 2019 4005 ab
2033 3939 2137 4007 astris

1156 4030 1344 4106 oriuntur,
1371 4040 1410 4097 nt
1423 4030 1467 4096 ab
1480 4029 1613 4099 eisdem
1631 4035 1838 4122 parentibus
1856 4033 1923 4103 filii
1938 4034 2138 4107 lineamen-

1156 4129 1201 4199 tis
1217 4127 1374 4218 eorporis
1391 4128 1524 4198 similes
1539 4130 1723 4216 oriuntur,
1757 4158 1908 4226 quorum
1936 4149 2055 4205 tamen
2074 4139 2136 4208 alii

1156 4253 1303 4320 corpora
1322 4224 1451 4299 habent
1474 4253 1560 4300 sana
1583 4244 1618 4303 et
1643 4233 1778 4318 valida,
1819 4249 1853 4305 ει
1876 4250 1961 4306 sunt
1984 4238 2136 4321 vivaces,

1156 4331 1218 4400 alii
1239 4331 1405 4418 languida
1433 4344 1467 4401 et
1492 4354 1568 4400 non
1582 4333 1769 4404 durabilia.
1817 4333 1936 4407 Huius
1949 4336 2135 4407 dissimili·

1155 4430 1292 4501 tudinis
1319 4431 1516 4524 plerunque
1553 4433 1707 4505 illustres
1733 4458 1856 4506 causae
1880 4438 1920 4506 in
1946 4439 2049 4508 astris
2073 4441 2136 4508 de·

1157 4527 1435 4623 prehenduntur.
1495 4531 1617 4620 Quare
1643 4558 1746 4627 saepe
1769 4551 1804 4606 et
1823 4537 1944 4608 stellae
1965 4553 2049 4610 sunt
2071 4564 2136 4631 per

1156 4656 1192 4702 se
1208 4654 1332 4701 causae
1346 4631 1574 4704 fortuitorum
1587 4651 1789 4712 eventuum.

1255 4726 1421 4802 Marchio
1454 4729 1631 4805 lohannes
1659 4737 1828 4808 Alhertus
1848 4734 2134 4833 Archepiscopus

1156 4831 1469 4922 Magdehurgensis
1480 4829 1619 4904 Lunam
1636 4831 1742 4908 habet
1765 4839 1804 4907 in
1820 4836 1941 4910 Ariete
1961 4841 2000 4909 in
2024 4842 2132 4910 domo

1155 4948 1268 5014 sexta,
1294 4956 1384 5026 quae
1400 4935 1595 5014 valetudini
1611 4938 1793 5025 significat.
1843 4936 1892 5009 Et
1908 4941 2134 5012 circumsessa

1074 5060 1079 5069 ·
1155 5048 1207 5104 est
1221 5034 1322 5105 Luna
1340 5059 1359 5103 a
1374 5031 1511 5114 Marte,
1542 5035 1653 5128 quiet
1673 5039 1747 5128 ipse
1770 5041 1808 5109 in
1828 5040 1947 5112 Ariete
1963 5055 2033 5126 est,
2061 5059 2131 5114 eta

228 5141 388 5213 Secunda
406 5163 519 5232 perse
536 5163 638 5213 causa
658 5143 886 5214 fortuitorum
915 5145 1105 5206 eventuum
1153 5134 1329 5219 Saturno,
1352 5134 1412 5227 qui
1429 5148 1479 5204 est
1502 5136 1540 5203 in
1556 5135 1690 5211 Tauro.
1729 5137 1776 5210 Et
1793 5142 1946 5232 oppositi
1971 5142 2136 5215 suntSol

127 5261 177 5317 est
205 5243 471 5335 temperamenti
504 5241 676 5314 foelicitas
704 5258 770 5313 aut
789 5238 1020 5320 infoelicitas,
1064 5251 1105 5306 ut
1152 5249 1189 5306 et
1208 5234 1419 5308 Mercurius.
1470 5233 1549 5305 llae
1569 5249 1652 5308 aunt
1676 5240 1882 5312 manifestae
1905 5243 2133 5333 significatio-

127 5352 258 5420 rnoltos
275 5362 397 5420 natura
411 5342 591 5414 obnoxios
607 5344 740 5415 morbis
756 5342 926 5412 discimus
947 5340 1103 5410 infortu-
1151 5360 1215 5407 nes
1227 5337 1389 5409 'assiduae
1400 5336 1571 5409 saeviciae
1585 5340 1804 5415 morborum.
