4538 5754
96 231 105 299 t
370 206 413 263 Ψ
608 217 1448 311 1x.counsumnu1nesannos.
1526 176 1529 181 ’
1929 225 2031 303 ceso

96 400 142 469 asi
165 394 283 470 adbuc
304 398 467 469 nondum
491 409 542 467 εει
555 394 770 487 spiritualis,
797 407 915 464 tamen
941 406 994 464 est
1043 406 1175 479 nostra,
1190 394 1251 464 sed
1268 394 1338 463 fide
1352 394 1470 484 gratis.
1496 394 1552 463 De
1569 388 1635 464 hac
1649 408 1747 486 parte
1761 395 2026 491 loquiturPau·

96 503 198 573 ssaria
223 503 394 586 rudibus,
426 498 587 570 discendi
615 519 728 568 causa.
788 491 854 566 Est
885 496 990 566 etiam
1041 494 1118 580 lus,
1151 519 1231 566 cum
1254 496 1304 566 ait
1324 502 1370 564 ad
1394 493 1579 567 Romanos
1601 512 1745 590 quarto:
1778 498 1950 571 Traditus
1972 514 2026 572 est

117 606 234 686 utilis,
277 605 361 696 quia
390 599 488 672 Deus
516 612 568 671 εει
590 621 653 690 per
680 601 827 669 verbum
857 598 989 670 efficax.
1043 597 1319 688 propterdelicta
1329 614 1460 682 nostra,
1478 594 1526 667 Et
1542 595 1780 671 adRomanos
1795 615 1934 672 octavo:
1952 603 2023 672 Pro

96 730 161 800 que
201 707 354 776 aliorum
391 703 537 774 affectus
567 699 769 791 spirituales
809 699 990 770 exuscitet.
1043 710 1181 789 peccato
1196 700 1378 769 damnavit
1392 713 1571 791 peccatum
1594 700 1633 768 in
1648 726 1765 774 carne.
1803 699 1852 774 Et
1869 707 2024 775 secunda

96 826 126 878 te
143 811 223 880 talis
239 804 457 891 ceremonia,
482 804 698 887 audiendae,
722 803 913 891 legendae,
933 824 990 870 re·
1041 801 1085 870 ad
1101 795 1263 874 Corinth.
1280 800 1422 893 quinto:
1447 797 1541 871 Eum
1557 802 1619 894 qui
1635 805 1709 873 norl
1733 821 1881 876 noverat
1902 828 2024 897 pecco—
2144 816 2147 821 '

96 914 166 982 tdae
188 907 357 982 historiae
383 929 459 977 non
483 921 534 978 εει
557 903 767 995 negligenda
789 917 852 975 aut
871 926 990 995 asper·
1042 916 1136 984 turn,
1168 902 1250 971 lecit
1271 917 1450 993 peccatum
1475 905 1684 994 pronubis,
1708 920 1749 976 ιιι
1774 931 1839 978 nos
1860 901 2023 980 fieremus

96 1016 136 1083 la.
1040 1003 1179 1074 iusticia
1192 999 1260 1072 Dei
1276 1027 1339 1095 per
1352 1004 1481 1103 ipsum.
1532 1002 1628 1074 llaec
1648 1009 1820 1079 sententia
1841 1011 1933 1080 clare
1955 1012 2023 1079 do·

108 1113 271 1185 Secunda
297 1110 480 1182 meditatio
506 1123 560 1180 εει
581 1106 796 1200 spiritualis,
823 1114 989 1196 quaeest
1041 1119 1113 1190 εει,
1138 1107 1320 1199 quomodo
1337 1109 1389 1175 uti
1406 1107 1573 1175 beneficio
1583 1103 1717 1179 Christi
1732 1112 1934 1184 debeamus.
1967 1110 2021 1181 lta

101 1215 333 1311 perterrefieri
349 1212 529 1304 agnitione
549 1211 622 1281 irae
638 1207 706 1279 Dei
724 1211 893 1277 adversus
908 1201 989 1294 p'ec-
1041 1207 1137 1275 enim
1155 1210 1285 1276 donata
1306 1220 1357 1277 εει
1380 1208 1484 1276 uobis
1506 1209 1619 1298 passio
1635 1206 1785 1298 Christi,
1811 1227 1848 1282 ut
1865 1227 2022 1297 statuen-

96 1345 141 1402 u,
174 1332 208 1387 et
231 1339 354 1387 rursus
383 1315 568 1403 concipere
592 1311 871 1381 consolationem
907 1306 987 1389 fide,
1040 1309 1125 1377 dum
1139 1307 1186 1378 sit
1202 1331 1268 1377 nos
1284 1323 1428 1400 propter
1449 1310 1565 1400 ipsum
1587 1313 1755 1406 consequi
1778 1314 2021 1385 remissionem

97 1420 274 1491 credimus
298 1430 441 1510 propter
462 1428 611 1484 mortem
632 1407 765 1483 Christi
796 1409 901 1479 nobis
931 1429 988 1474 re·
1040 1422 1281 1501 peccatorum,
1307 1411 1521 1500 etreputari
1543 1410 1672 1498 iustos,
1697 1438 1770 1484 nou
1792 1429 1938 1510 propter
1954 1440 2023 1484 no·

96 1531 280 1614 peccata,
313 1533 347 1589 et
371 1513 437 1586 hac
460 1511 575 1586 hostia
599 1537 681 1583 vere
709 1513 884 1605 placatum
915 1531 987 1577 esse
1039 1524 1148 1580 stram
1173 1513 1353 1602 propriam
1376 1513 1594 1602 dignitatem.
1654 1514 1736 1585 Non
1756 1517 1852 1585 enim
1877 1518 2022 1609 propria

96 1649 153 1698 em.
207 1620 406 1713 Utrumque
424 1619 519 1688 enim
543 1615 756 1708 proponitur
771 1615 809 1681 in
825 1611 987 1704 passione
1038 1611 1192 1702 dignitas
1222 1625 1343 1683 nostra
1372 1615 1543 1684 adversus
1566 1614 1654 1685 iram
1687 1631 1721 1686 et
1744 1618 1918 1689 iudicium
1937 1619 2023 1704 Dei,

95 1727 160 1810 sti,
184 1723 366 1810 videlicet,
392 1722 444 1789 ira
466 1717 554 1803 Dei,
580 1724 613 1787 ει
638 1715 823 1807 promissio
846 1714 986 1802 gratiae.
1038 1717 1097 1783 sed
1115 1710 1249 1784 Christi
1262 1715 1471 1785 sacrificium
1488 1717 1622 1807 opponi
1642 1720 1760 1789 debet.
1813 1720 1854 1789 ld
1873 1733 1924 1791 εει
1942 1744 2023 1793 um·

99 1828 195 1896 enim
211 1825 300 1892 iram
317 1823 384 1893 Dei
401 1823 569 1890 adversus
583 1834 763 1910 peccatum
789 1815 893 1884 etiam
920 1815 986 1898 lex,
1037 1816 1222 1887 braculum
1239 1817 1351 1902 illud,
1377 1842 1448 1910 quo
1466 1819 1637 1908 tegimur,
1662 1835 1695 1891 et
1715 1845 1785 1914 quo
1804 1836 1903 1913 pater
1926 1835 2022 1894 certo

96 1950 268 1996 immunes
299 1923 514 1993 calamitates
534 1920 672 2010 generis
695 1915 863 1999 humani,
897 1939 987 2009 quae
1038 1918 1207 2007 placatur.
1810 1983 1812 1988 Α

100 2026 299 2099 horrendae
319 2038 352 2096 et
376 2023 671 2102 innumerabiles,
697 2020 906 2089 ostendunt:
932 2032 986 2087 ta·
1133 2016 1231 2088 Haec
1246 2032 1298 2100 εει
1314 2017 1425 2107 igitur
1440 2042 1521 2088 vere
1537 2021 1730 2112 spiritualis
1745 2025 1926 2095 meditatio
1942 2049 2022 2117 pas·

103 2131 289 2223 praecipue
305 2126 462 2198 ostendit
475 2148 551 2193 eam
568 2146 664 2192 mors
681 2119 765 2192 Filii
782 2118 861 2190 Dei.
913 2116 986 2188 Ne·
1037 2120 1147 2190 sionis
1164 2116 1316 2203 Christi,
1343 2145 1421 2188 cum
1448 2115 1515 2189 hoc
1540 2127 1645 2193 modo
1671 2125 1709 2193 in
1731 2127 2020 2217 pavoribus-vere

96 2267 97 2295 ι
113 2245 165 2304 εει
182 2233 277 2300 enim
293 2231 471 2319 ingentem
496 2226 585 2294 iram
608 2247 699 2309 esse,
724 2247 830 2316 quam
851 2221 986 2291 nullius
1037 2246 1102 2290 nos
1119 2221 1285 2311 erigimus
1298 2220 1383 2304 fide,
1407 2221 1515 2313 idque
1531 2223 1607 2294 lieri
1622 2228 1726 2297 debet
1745 2228 1784 2295 in
1801 2229 1902 2296 omni
1916 2229 2021 2298 invo‘·

96 2335 116 2404 ti
135 2358 246 2417 mors,
263 2345 323 2400 aut
338 2329 578 2411 adflictiones,
592 2327 746 2419 denique
762 2347 868 2416 quam
886 2322 986 2392 nulla
1037 2324 1195 2407 catione,
1221 2323 1260 2390 in
1275 2325 1443 2392 omnibus
1457 2326 1623 2412 negociis,
1640 2341 1673 2397 ει
1689 2330 1871 2422 periculis,
1888 2344 1922 2402 et
1940 2343 2020 2400 ten-

96 2437 219 2505 »lacare
241 2444 396 2525 poterat,
430 2430 500 2499 nisi
524 2428 598 2498 sola
628 2451 724 2496 mors
745 2423 840 2500 Filii.
892 2422 995 2508 Vide
1038 2424 1242 2497 tationibus.
1295 2422 1355 2494 Sic
1369 2423 1485 2492 David
1505 2427 1543 2494 in
1559 2431 1632 2498 acie
1653 2453 1689 2498 se
1710 2432 1959 2504 consolabatur
1980 2432 2021 2501 in

96 2563 121 2606 n
140 2548 312 2626 quantum
327 2533 435 2602 distet
450 2526 606 2600 humana
620 2528 788 2598 securitas
810 2550 829 2595 a
850 2525 983 2596 iudicio
1035 2528 1162 2595 mediis
1178 2524 1345 2618 periculis
1360 2526 1593 2617 praeliorum,
1617 2532 1666 2601 sic
1680 2532 1812 2602 Paulus
1837 2534 1875 2603 iu
1898 2534 2019 2604 omni-

131 2634 222 2708 Cum
247 2634 343 2706 Deus
366 2632 456 2703 tanti
476 2633 581 2702 iaciat
595 2628 796 2722 peccatum,
822 2625 984 2699 homines
1035 2629 1102 2697 bus
1116 2628 1272 2717 negociis
1288 2621 1353 2697 hac
1368 2629 1608 2702 consolatione
1623 2656 1659 2702 se
1673 2628 1856 2717 sustentat,
1879 2635 1929 2706 sic
1943 2658 2019 2706 ma-

96 2764 127 2809 ra
153 2742 289 2808 ducunt
314 2737 428 2805 levem
449 2734 681 2803 offensionem
705 2755 796 2812 esse,
824 2746 858 2802 ει
877 2731 983 2799 mira·
1036 2743 1089 2799 ter
1110 2731 1148 2797 in
1172 2744 1293 2820 partu,
1326 2731 1376 2798 sic
1404 2731 1558 2822 denique
1579 2734 1732 2827 quilibet
1756 2735 1835 2825 pius
1858 2737 1896 2806 in
1917 2738 2018 2806 omni
2074 2780 2081 2788 -
2121 2745 2123 2750 ’

96 2841 256 2924 audacia,
281 2852 315 2908 ει
340 2849 520 2907 εοιιιειιιιιι
537 2848 648 2905 ιιιιιιιι
663 2835 832 2904 adversus
854 2833 984 2902 volun·
1036 2831 1173 2900 actione
1190 2816 1332 2913 i'nvocat
1347 2829 1481 2916 Deum,
1508 2835 1560 2901 illi
1579 2830 1886 2925 pontificiChristo
1903 2861 1939 2909 se
1953 2841 2017 2908 ad-

96 2942 202 3012 aDei.
258 2937 309 3010 lta
323 2939 439 3033 inquit
456 2935 606 3022 Paulus,
633 2931 813 3007 Christum
837 2958 901 3026 pro
917 2957 983 3002 no·
1035 2934 1204 3020 iungens,
1228 2946 1263 3002 et
1286 2938 1432 3001 credens
1455 2955 1490 3002 se
1512 2951 1657 3028 propter
1672 2937 1783 3029 ipsius
1805 2939 2016 3010 sacrificium

96 3059 203 3115 sctum
221 3065 293 3112 esse
314 3054 515 3131 peccatum,
546 3052 582 3108 ει
600 3037 842 3107 maledictum:
894 3059 984 3130 quae
1036 3035 1156 3126 recipi,
1174 3048 1208 3104 et
1221 3033 1392 3105 exaudiri.

114 3168 217 3215 voces
249 3142 483 3234 significantes
509 3140 643 3210 Filium
666 3136 735 3208 Dei
766 3162 839 3207 non
869 3137 982 3207 levem
1137 3136 1218 3206 Non
1234 3137 1344 3226 igitur
1358 3148 1408 3206 εει
1423 3136 1616 3226 spiritualis
1631 3140 1828 3227 meditatio,
1854 3143 2016 3212 secedere

104 3247 328 3331 sustinuisse,
352 3241 400 3313 Et
416 3244 515 3312 iubet
529 3243 578 3311 sic
593 3237 812 3332 apprehendi
834 3252 982 3309 mortem
1036 3239 1074 3307 in
1091 3239 1323 3323 monasteria,
1342 3252 1381 3307 et
1401 3239 1526 3307 ociosis
1541 3241 1669 3321 animis
1691 3244 1843 3333 cogitare
1868 3246 1913 3313 de
1937 3266 2016 3335 pas-

96 3349 153 3432 sti,
180 3362 214 3418 et
228 3370 293 3416 nos
308 3345 540 3438 perterrefieri
557 3344 737 3432 agnitione
759 3343 832 3411 irae
853 3340 919 3411 Dei
944 3343 982 3409 in
1035 3341 1135 3409 sione
1156 3336 1310 3426 Christi,
1335 3353 1368 3410 ει
1390 3340 1510 3428 lugere
1533 3337 1713 3415 Christum
1730 3346 1820 3417 sicut
1842 3345 2017 3416 Mulieres

95 3474 113 3520 e
130 3447 284 3534 Christi,
310 3471 390 3517 cnm
405 3447 453 3517 ait
468 3448 512 3515 ad
533 3444 715 3519 Romanos
728 3457 841 3514 sexto:
874 3441 982 3514 Com·
1036 3467 1114 3512 eum
1132 3443 1310 3531 lugebant,
1326 3459 1449 3513 euntes
1466 3444 1508 3511 ad
1526 3443 1764 3536 sepulchrum,
1782 3449 1843 3518 sed
1860 3446 2014 3518 inomni

96 3553 150 3622 :ati
174 3574 295 3621 sumus
318 3548 546 3618 similitudini
570 3547 694 3615 mortis
717 3546 809 3632 eius,
835 3561 918 3627 etc„
943 3548 981 3615 id
1034 3545 1118 3624 vita,
1140 3545 1177 3613 in
1195 3545 1361 3614 omnibus
1376 3544 1540 3634 periculis
1555 3561 1589 3616 et
1606 3545 1857 3621 certaminibus
1874 3550 2014 3620 intuea-

96 3656 262 3725 debemus
282 3675 368 3725 vere
388 3672 615 3742 expavescere
634 3663 668 3719 ει
685 3671 874 3745 agnoscere
891 3650 980 3718 iram
1035 3671 1115 3716 mur
1131 3641 1331 3731 Christum,
1358 3661 1391 3715 et
1407 3645 1481 3714 eius
1494 3644 1711 3721 sacrifieio'et
1726 3653 1921 3740 praesentia
1948 3675 2015 3720 nos

1034 3748 1268 3822 consolemur.
1325 3747 1422 3817 Haec
1449 3762 1533 3818 suut
1554 3752 1654 3822 utilia
1682 3754 1767 3843 piis,
1799 3767 1833 3823 et
1860 3753 2014 3845 intelligi

100 3854 250 3946 Quoties
281 3855 389 3944 igitur
412 3852 606 3941 cogitamus
632 3853 678 3921 de
702 3864 816 3920 morte
840 3844 981 3935 Christi,
1032 3863 1192 3943 possunt.
1242 3847 1290 3923 Et
1313 3851 1357 3920 de
1379 3844 1445 3920 hac
1467 3873 1548 3920 vera
1572 3867 1606 3923 et
1629 3879 1701 3923 non
1724 3849 2013 3926 ociosa'medita-

96 3978 306 4041 rrescamus,
346 3970 380 4026 et
413 3956 624 4025 damnemus
658 3954 879 4023 securitatem
914 3978 980 4023 no·
1021 3948 1129 4027 tione
1161 3954 1322 4047 loquitur
1350 3951 1482 4024 Paulus
1514 3955 1558 4024 ad
1590 3953 1796 4049 Philip.'5.:
1836 3955 2012 4029 Existimo
2101 4033 2106 4040 ,

96 4085 125 4146 ι,
166 4060 263 4153 quod
291 4070 471 4149 peccatum
502 4055 627 4126 leviter
657 4079 842 4141 curamus,
881 4057 979 4154 quod
1031 4056 1150 4128 omnia
1192 4058 1443 4127 detrimentum
1485 4079 1575 4142 esse,
1616 4075 1760 4151 propter
1797 4060 2011 4128 eminentem

114 4163 163 4232 ita
186 4173 367 4231 execratur
391 4172 424 4230 et
446 4161 654 4237 detestatur,
683 4158 842 4226 utnulla
865 4154 977 4228 hostia
1030 4157 1210 4230 scientiam
1228 4157 1377 4228 Domini
1393 4160 1462 4228 mei
1481 4156 1718 4246 lesuChristi,
1741 4174 1782 4230 ut
1796 4160 2011 4231 inveniarin

96 4264 152 4333 trit
169 4261 318 4354 placari,
344 4261 415 4330 nisi
437 4259 649 4343 morteFilii
668 4260 733 4328 sui.
787 4259 979 4330 Movemur
1030 4262 1114 4342 illo,
1141 4284 1214 4351 non
1241 4256 1375 4331 habeus
1399 4285 1512 4330 meam
1538 4263 1730 4345 iusticiam,
1756 4285 1846 4353 quae
1870 4286 1913 4353 ex
1934 4262 2011 4352 lege

96 4391 103 4435 ε
130 4365 237 4455 legis,
264 4386 450 4433 movemur
470 4363 681 4452 cogitatione
696 4362 894 4452 ingentium
920 4387 976 4431 ca·
1030 4378 1100 4447 est,
1133 4364 1192 4431 sed
1217 4364 1314 4431 illam
1338 4388 1429 4456 quae
1450 4388 1490 4433 ex
1511 4365 1581 4432 fide
1606 4377 1657 4433 εει
1679 4360 1833 4443 Christi,
1857 4386 1947 4456 quae
1967 4387 2009 4435 ex

96 4479 193 4537 atum
210 4457 467 4548 humanarum,
492 4487 580 4557 quae
594 4478 676 4533 sunt
691 4462 788 4554 signa
805 4465 877 4535 irae
893 4462 977 4535 Dei:
1028 4463 1105 4534 Deo
1127 4477 1179 4549 εει
1200 4465 1337 4536 iusticia
1360 4465 1506 4549 iulide,
1537 4467 1581 4535 ad
1608 4467 1868 4557 agnoscendum
1892 4466 2008 4553 illum,

96 4569 195 4637 nulto
213 4567 323 4655 magis
340 4567 475 4636 moveri
492 4589 557 4635 nos
577 4567 763 4657 oportebat
785 4562 854 4637 hoc
877 4566 979 4636 testi·
1028 4581 1061 4637 et
1076 4567 1243 4637 virtutem
1258 4568 1525 4638 resurrectionis
1538 4569 1631 4652 eius,
1657 4583 1691 4641 ει
1707 4569 1905 4642 societatem
1928 4591 2010 4660 pas·

96 4697 116 4740 o
133 4670 224 4753 irae,
250 4670 346 4762 quod
362 4667 459 4737 Deus
476 4667 612 4737 nullam
630 4663 801 4750 hostiam,
828 4668 898 4737 nisi
916 4668 977 4738 Fi·
1028 4667 1139 4738 sionis
1155 4670 1273 4754 illius,
1298 4670 1534 4756 configuratus
1549 4674 1654 4743 morti
1672 4674 1747 4741 eius
1765 4684 1826 4741 etc.

99 4772 232 4862 recepit
248 4795 311 4863 pro
328 4787 480 4861 peccato.
981 4841 987 4847 ,
1130 4767 1252 4840 Tertia
1272 4769 1453 4842 meditatio
1469 4784 1520 4841 est
1540 4768 1775 4866 Exemplaris.
1828 4771 1924 4842 Haec
1940 4773 2008 4842 etsi

96 4874 235 4946 Deinde
253 4872 424 4942 nonsatis
441 4885 493 4941 est
506 4871 595 4940 iram
610 4894 809 4960 agnoscere,
835 4874 894 4941 sed
912 4895 976 4940 ne-
1028 4896 1104 4943 non
1117 4884 1170 4942 est
1183 4874 1407 4964 principalis,
1431 4887 1549 4945 tamen
1565 4877 1671 4946 etiam
1688 4876 1754 4967 piis
1775 4877 2006 4967 proponenda

109 4988 163 5045 εει
184 4975 286 5059 addi,
319 4975 416 5068 quod
441 4997 535 5044 mors
558 4970 691 5047 Christi
715 4975 764 5043 ita
785 4973 831 5044 sit
853 4969 977 5059 hostia,
1027 4988 1096 5062 est,
1122 4974 1218 5063 Quia
1239 4976 1398 5047 continet
1418 4978 1508 5046 duas
1529 4979 1787 5050 consolationes
1801 4978 2007 5049 utilissimas

96 5092 118 5150 ιι
143 5091 241 5170 pater
263 5078 437 5170 placatus,
463 5090 496 5145 ει
520 5091 664 5167 propter
684 5070 753 5144 hoc
767 5076 975 5145 sacrificium
1026 5077 1065 5146 in
1082 5077 1365 5164 adflictionibus,
1391 5078 1572 5163 videlicet,
1596 5083 1690 5173 quod
1700 5079 1798 5152 Deus
1815 5075 1905 5151 hane
1921 5079 2008 5149 obe·

97 5193 168 5266 tat,
193 5195 227 5251 et
249 5180 364 5249 deleat
385 5191 565 5269 peccatum
590 5179 628 5245 in
652 5201 756 5247 carne
772 5191 913 5262 nostra,
942 5193 977 5249 et
1027 5180 1197 5251 dientiam
1231 5181 1407 5274 requirat,
1455 5195 1496 5252 ut
1529 5182 1748 5254 adflictiones
1779 5181 2007 5274 perferamus.

96 5313 100 5356 ι
122 5282 299 5353 iusticiam
331 5295 366 5352 et
388 5280 499 5350 vitam
531 5293 731 5366 aeternam,
764 5281 858 5372 quod
891 5274 977 5350 haec
1027 5280 1210 5365 Secundo,
1224 5285 1319 5375 quod
1337 5280 1432 5353 Deus
1446 5307 1524 5353 -non
1537 5284 1621 5354 ideo
1635 5286 1803 5375 abiecerit
1819 5285 1908 5376 pios,
1923 5281 2008 5375 quia

115 5406 395 5480 consequamur,
427 5405 504 5455 non
532 5394 678 5474 propter
707 5379 826 5475 aliqua
852 5382 977 5453 merita
1025 5384 1112 5455 sinit
1125 5406 1183 5455 eoa
1195 5383 1307 5474 afiligi
1314 5435 1326 5478 ,
1341 5407 1409 5455 nec
1421 5385 1556 5477 affligat
1570 5399 1611 5464 ut
1626 5389 1767 5480 perdat,
1783 5388 1843 5457 sed
1857 5396 1898 5456 ut
1911 5406 2009 5455 mor-
