4538 5754
60 247 138 327 ssa
301 222 304 227 ’
592 326 640 331 ,.
691 264 1087 345 unumunurn
1119 267 1460 354 murotenus
2024 295 2098 370 ιιι

60 415 246 538 bortetur,
271 452 345 499 non
365 429 508 520 incitet,
533 450 572 506 ut
591 437 778 529 complecti
792 441 1001 513 Ciceronem
1018 455 1053 513 et
1203 439 1295 513 Cum
1310 445 1421 536 igitur
1437 450 1660 542 eloquentiae
1675 461 1827 533 studiosi
1845 404 2016 579 mem..
2050 443 2087 533 m

61 546 100 591 ιιι
118 548 200 595 eum
216 539 289 599 tota
314 546 451 620 mente,
477 548 622 630 totoque
644 540 766 612 animo
790 542 924 614 intueri
949 557 983 615 et
1005 546 1050 615 ad
1101 535 1167 612 hac
1188 558 1289 635 parte
1313 548 1497 620 elaborare
1516 554 1669 627 ιιιιιιιιιι
1741 559 1854 613 *Μ
1925 535 1979 580 ‘¹¹¹
2006 538 2087 583 ¹¹⁰¹·

59 622 175 715 ipsius
196 630 417 724 exemplum,
444 648 557 707 totum
589 662 627 709 ιι
654 666 869 736 componere
901 647 1051 730 studeat,
1101 655 1223 715 tentur
1237 660 1343 736 atoue
1357 648 1536 739 effingent-
1562 678 1584 699 ν
1611 585 1744 700 “⁹¹³⁹ss
1760 594 1934 701 quaem
1952 617 2085 686 'dmi'
2170 694 2172 699 ⁴

57 739 117 811 ut,
144 745 318 822 quantum
333 731 496 825 ingenio,
521 737 768 839 industriaque
791 748 961 842 consequi
983 772 1051 840 po-
1101 747 1245 823 burras,
1272 759 1312 816 ul
1326 733 1520 819 iut⁰¹”⁶“⁸
1543 710 1837 829 ⁶⁰¹⁰P⁰⁸ili⁰¹¹⁸m
1860 713 2011 833 “mimi
2030 720 2085 788 ἰὼ

57 829 159 918 mit,
184 837 472 908 nummum
496 860 536 907 ω
556 845 663 914 verba
690 870 731 916 ae
751 844 896 923 „brug”
920 847 1048 919 ,um
1098 835 1203 909 tffiu,
1221 822 1371 905 „arnt
1409 808 1545 900 Legent
1569 834 1666 880 enam
1680 810 1889 883 Ciceronem
1914 816 2083 889 libentius

15 932 18 939 '
56 930 718 1026 sedetiameffingascompogpaunem,
760 922 1047 1013 Quainresuc.
1093 913 1292 1006 euprepius
1316 913 1535 1004 expriment,
1561 912 1590 980 si
1615 912 1765 985 virtutes
1791 916 2005 1009 intelligent,
2038 914 2083 989 Et

56 1053 175 1101 emus
195 1057 268 1113 ⁰9¹¹
294 1033 347 1091 ιιι
368 1025 609 1113 desperandus
633 1022 706 1103 bls,
735 1028 798 1112 qni
818 1031 1045 1102 mediocriter
1095 1014 1265 1110 qnoniam
1288 1013 1332 1083 de
1359 1013 1557 1085 imitatione
1581 1015 1743 1085 locorum
1773 1016 2008 1106 inventionis,
2041 1022 2087 1089 de

56 1155 78 1193 a
100 1136 230 1193 natura
253 1121 481 1193 adiuvantur.
532 1120 656 1214 Neque
679 1143 744 1209 ego
767 1120 813 1191 ab
834 1118 916 1188 aliis
942 1125 1045 1193 bonis
1096 1112 1602 1207 similitudinedispositionis,
1628 1118 1714 1189 item
1726 1119 1916 1191 verborum
1930 1136 1963 1193 et
1978 1118 2087 1215 phas.

55 1222 245 1296 autoribus
260 1217 357 1294 bnnc
379 1224 592 1295 imitatorem
616 1225 809 1292 arcendum
834 1234 937 1310 puto,
962 1243 1045 1289 nam
1097 1219 1144 1288 sis
1160 1216 1328 1302 diximus,
1355 1218 1533 1311 reliquum
1551 1231 1613 1300 est,
1628 1232 1669 1289 ut
1681 1218 1776 1291 uiam
1793 1225 1973 1317 quandam
1988 1249 2088 1296 com-

56 1326 102 1397 ab
132 1319 191 1395 his
219 1348 362 1418 quoque
392 1325 641 1409 adiuvabitur,
681 1348 805 1394 verum
831 1334 871 1393 ut
894 1346 913 1391 a
934 1319 1048 1413 poetis
1098 1318 1254 1407 ponendi
1272 1322 1512 1395 ostendamus.

59 1438 201 1511 orator,
231 1438 294 1495 aut
314 1450 334 1496 a
356 1425 553 1518 pictoribus
576 1426 777 1498 statuarius.
830 1421 1046 1517 Quanquam
1201 1417 1364 1490 Primum
1381 1422 1419 1491 in
1438 1422 1696 1515 compositione
1712 1437 1939 1518 praeceptum
1961 1441 2025 1511 est,
2047 1442 2093 1517 ιιι,

57 1528 156 1598 enim
172 1527 383 1613 statuarius,
408 1528 563 1599 multum
579 1530 625 1601 ab
638 1542 713 1599 arte
735 1524 853 1597 vicina
876 1526 922 1597 ad
944 1546 1048 1594 suum
1099 1519 1146 1589 sit
1177 1519 1291 1591 iustus
1316 1525 1405 1593 ordo
1428 1525 1703 1610 sententiarum,
1735 1551 1841 1621 quem
1871 1529 2016 1622 quidem
2047 1512 2089 1603 in

60 1653 169 1703 nsum
183 1630 374 1700 transferre
389 1620 537 1723 poterit,
561 1644 679 1709 tamen
693 1630 742 1701 ita
758 1628 824 1700 erit
837 1628 996 1698 intentus
1010 1623 1049 1693 in
1100 1622 1306 1703 narratione
1323 1649 1385 1695 seu
1401 1626 1619 1716 expositione
1632 1627 1716 1698 facti
1740 1652 1879 1700 servare
1900 1633 2003 1702 facilc
2026 1648 2090 1709 ιιι.

58 1732 145 1804 ιιιίι
183 1748 268 1802 suae
295 1731 493 1823 exemplum
516 1745 623 1826 atque
645 1731 780 1818 ideam,
811 1743 851 1800 ut
876 1728 1052 1805 observet,
1101 1718 1236 1793 Verum
1251 1725 1290 1792 in
1307 1728 1461 1797 exordiis
1476 1743 1510 1800 et
1523 1728 1563 1797 in
1577 1729 1850 1819 probationibus
1864 1757 2002 1806 servare
2016 1736 2088 1804 dis·

61 1820 251 1929 quaecum
275 1834 337 1903 illa
361 1832 439 1903 idea
462 1834 702 1919 consentiant,
727 1857 772 1902 ne
795 1831 920 1925 procul
943 1830 988 1900 ab
1010 1852 1051 1897 ea
1100 1820 1229 1895 ficilius
1245 1838 1306 1896 est.
1355 1826 1518 1899 Primum
1532 1846 1648 1903 autem
1664 1833 1748 1922 poni
1766 1834 1856 1907 solet
1868 1836 1986 1929 aliqua
2005 1861 2091 1928 pro·

62 1938 232 2011 discedat.
268 1932 393 2028 Neque
409 1959 493 2005 vero
510 1936 687 2008 isimitari
704 1931 911 2005 Ciceron'em
926 1931 1051 2003 dicen·
1102 1927 1231 2017 positio
1252 1951 1336 1998 suae
1359 1931 1531 2025 cuiusque
1555 1933 1663 2023 partis
1680 1934 1718 2003 in
1739 1936 1912 2011 oratione,
1949 1936 2090 2011 Deinde
2209 1970 2212 1975 ·

65 2044 131 2115 dns
145 2052 217 2122 est,
240 2037 305 2132 qui
321 2049 499 2130 excerptas
520 2061 560 2107 ex
575 2037 639 2108 illo
657 2035 850 2107 sententias
863 2059 904 2106 ac
917 2055 1052 2115 versus,
1101 2028 1290 2101 subiicitur
1311 2031 1418 2117 ratio,
1449 2045 1571 2123 postea
1597 2036 1759 2127 sequitur
1781 2038 1931 2108 rationis
1952 2046 2090 2133 exposi-

63 2140 166 2241 quasi
195 2135 375 2213 Centoncs
403 2140 562 2225 consuit,
602 2140 904 2233 quemadmodum
936 2138 1051 2207 lacere
1101 2130 1165 2217 tio,
1186 2144 1249 2202 aut
1263 2133 1502 2225 amplificatio,
1527 2133 1709 2207 interdum
1724 2140 1885 2233 sequitur
1896 2142 2013 2213 simile
2028 2159 2091 2219 aut

63 2241 261 2318 nonnullos
281 2241 452 2311 videmus.
486 2238 557 2312 Sed
578 2238 653 2323 ἕξιν
671 2241 740 2312 sibi
763 2240 913 2335 quiaque
934 2237 1052 2333 iaciat,
1102 2232 1292 2318 dissimile,
1317 2249 1379 2307 aut
1395 2237 1636 2320 adversativa,
1662 2263 1752 2332 quae
1767 2242 1867 2335 quasi
1882 2266 1996 2315 novae
2009 2272 2092 2319 ora-

64 2363 105 2420 ut
116 2346 218 2419 ultro
231 2367 270 2415 ιι
285 2339 468 2413 Ciceronis
483 2343 589 2413 verba
606 2342 777 2426 offerant,
798 2365 889 2435 quae
906 2365 987 2412 cum
1003 2338 1052 2411 ita
1103 2334 1211 2406 tionis
1237 2334 1381 2407 initium
1406 2352 1470 2413 est.
1527 2334 1577 2411 Et
1599 2340 1637 2410 in
1656 2336 1711 2413 his
1735 2343 1897 2434 partibus
1918 2365 2091 2441 perpetuo

66 2445 329 2536 coniungimus,
356 2456 397 2514 ut
410 2465 468 2514 res
485 2458 624 2515 nostras
640 2445 829 2537 explicent,
842 2457 962 2515 tamen
979 2440 1054 2511 col·
1103 2451 1263 2509 uersatur
1282 2435 1466 2513 Ciceronis
1488 2442 1616 2513 oratio.
1674 2439 1751 2515 Alii
1774 2463 1984 2521 coacervant
2008 2476 2092 2523 sen·

65 2548 196 2623 locatio
217 2562 253 2620 ιι
274 2546 382 2617 series
403 2545 558 2637 partium
583 2547 688 2617 debet
712 2541 843 2616 babere
873 2545 1052 2639 quandam
1102 2540 1232 2609 tentiae
1246 2540 1388 2631 longius
1402 2543 1495 2614 inter
1509 2566 1545 2615 se
1558 2544 1740 2632 distantes,
1764 2560 1800 2618 et
1815 2549 2022 2648 placensque
2036 2579 2093 2626 ce·
2180 2562 2183 2567 '

65 2649 251 2726 Ciceronis
274 2646 559 2721 similitudinem.
609 2645 797 2719 Caeterum
818 2661 859 2718 ut
877 2643 1055 2737 Virgilius
1103 2640 1276 2734 linquunt
1292 2645 1394 2736 quasi
1413 2658 1611 2731 truncatas,
1636 2661 1671 2717 ιι
1693 2670 1954 2744 nonnunquam
1978 2660 2093 2729 admi-

66 2758 110 2829 ab
124 2752 287 2827 Homero
302 2751 435 2821 multos
451 2771 573 2819 versus
589 2750 760 2841 sumpsit,
789 2750 840 2839 ita
859 2749 998 2820 decebit
1018 2759 1055 2817 et
1102 2755 1202 2813 scent
1214 2743 1360 2816 alienas.
1393 2741 1442 2817 At
1459 2748 1588 2817 Cicero
1604 2762 1686 2839 apte
1702 2752 1949 2844 complectitur
1960 2762 2093 2845 omnia,

66 2880 130 2932 nos
143 2852 329 2928 interdum
345 2852 490 2944 aliquod
508 2853 708 2923 membrum
725 2851 871 2923 aliunde
886 2848 1056 2934 mutuari,
1103 2868 1195 2938 quae
1214 2846 1260 2915 ad
1280 2869 1357 2921 rem
1379 2848 1578 2938 pertinent,
1612 2874 1724 2943 eaque
1748 2853 1795 2923 ita
1819 2861 2018 2947 connectit,
2051 2878 2093 2933 ut

65 2962 232 3035 sitamen
249 2948 423 3024 habeatur
446 2952 536 3024 ratio
560 2953 690 3024 decori.
741 2952 978 3025 serviendum
1003 2964 1055 3023 est
1104 2948 1248 3017 interse
1269 2949 1428 3018 membra
1452 2952 1612 3041 proxime
1636 2949 1867 3046 cohaereant,
1894 2943 1991 3032 'velut
2015 2965 2093 3033 dia-

69 3063 165 3135 enint
182 3056 406 3150 temporibus
428 3079 468 3125 ac
488 3054 594 3139 locis,
618 3054 918 3149 quemadmodum
932 3051 1055 3144 Virgi-
1104 3048 1246 3119 lecticae
1268 3050 1507 3141 probationes.
1558 3049 1608 3123 Et
1636 3056 1722 3124 dum
1753 3057 1847 3129 inter
1882 3057 1968 3131 baec
1995 3080 2093 3157 septa

68 3166 155 3244 lius,
180 3159 248 3233 etsi
267 3158 311 3227 ad
335 3156 524 3246 imaginem
541 3152 692 3226 Homeri
714 3180 749 3226 se
771 3170 885 3227 totum
908 3179 1054 3246 compo-
1104 3145 1266 3222 cohercet
1284 3153 1503 3237 orationem,
1530 3151 1624 3224 nibil
1645 3156 1890 3249 intempestive
1913 3165 2094 3238 intertexit

68 3267 154 3347 suit,
180 3276 302 3334 xamen
320 3258 383 3327 illa
398 3259 599 3350 prudenter
611 3258 745 3348 vitavit,
774 3282 863 3354 quae
878 3257 1054 3331 Romanis
1104 3253 1281 3338 alienum,
1315 3266 1350 3325 ct
1378 3248 1562 3326 inchoatas
1586 3262 1780 3330 sententias
1800 3264 1954 3337 absolvit
1974 3283 2007 3340 ιι
2032 3294 2095 3340 ex·

67 3366 231 3445 moribus
252 3384 326 3431 non
344 3361 598 3450 congruebant.
649 3354 704 3430 Ac
721 3361 889 3431 neverbe
907 3360 1053 3453 quidem
1103 3355 1277 3425 aedificat.
1327 3353 1539 3450 Exemplum
1558 3383 1738 3432 sumemus
1750 3385 1791 3433 ex
1805 3372 1965 3437 oratione
1981 3368 2095 3443 notis-

67 3464 272 3566 repndiabit
284 3462 452 3546 imitator,
468 3461 630 3554 quamvis
645 3462 765 3551 ignota
773 3460 950 3549 Ciceroni,
964 3486 1054 3555 quae
1104 3458 1191 3527 sime
1208 3480 1272 3547 pro
1287 3453 1434 3545 Archia,
1460 3460 1523 3529 ubi
1538 3462 1652 3552 prima
1667 3467 1805 3535 exordii
1819 3473 2016 3560 propositio
2030 3487 2095 3549 est,

67 3595 172 3649 unu
180 3565 349 3661 postulat,
363 3577 401 3635 ut
414 3564 452 3632 in
463 3564 715 3633 controversiis
730 3561 937 3653 theologicis
950 3577 1054 3636 uten-
1103 3559 1225 3629 Debeo
1247 3556 1402 3631 Archiae
1425 3564 1573 3633 reddere
1594 3566 1746 3655 gratiam
1770 3592 1811 3638 ex
1840 3567 1906 3640 hae
1928 3575 2097 3647 lacaaltate

67 3680 154 3749 dnm
175 3681 228 3740 est
249 3664 548 3759 appellationibus
564 3660 721 3751 Christi,
747 3663 946 3752 Ecclesiae,
972 3666 1054 3737 fidei
1105 3660 1260 3763 dicendi.
1311 3660 1409 3733 Haec
1441 3678 1494 3735 est
1530 3668 1625 3735 enim
1658 3692 1794 3740 summa
1828 3679 2095 3765 propositionis,

69 3803 133 3872 pro
152 3769 305 3852 fiducia,
336 3780 372 3837 et
391 3765 470 3836 aliis
497 3767 685 3849 similibus,
747 3765 844 3856 Quia
874 3769 971 3838 enim
998 3791 1055 3838 res
1105 3788 1212 3859 quam
1237 3765 1379 3835 vestivit
1399 3763 1523 3837 Cicero
1545 3769 1760 3862 quibusdam
1784 3781 2023 3866 ornamentis,
2053 3794 2095 3851 ut

69 3880 148 3951 illas
159 3898 182 3945 a
197 3870 307 3943 sacris
321 3867 436 3939 literis
450 3881 672 3954 mutuamur,
698 3893 897 3940 sermonem
911 3871 1055 3941 illarum
1105 3890 1214 3938 sonus
1230 3882 1319 3939 esset
1335 3868 1488 3958 plenior.
1523 3869 1695 3964 Sequitur
1709 3875 1819 3960 ratio,
1842 3881 1924 3971 quia
1942 3880 2094 3952 Archias

69 3993 192 4055 eo'nos
206 3972 308 4067 sequi
326 3982 483 4062 oportet,
508 3994 553 4039 ne
575 3994 631 4039 res
654 3971 900 4042 dissentientes
923 3997 943 4043 a
970 3973 1056 4043 scri·
1106 3966 1439 4041 adiuvitbaeemea
1458 3973 1574 4041 studia
1591 3974 1825 4068 eloquentiae.
1875 3980 2016 4052 Deinde
2039 4008 2094 4053 se-

70 4080 184 4177 pturis
199 4075 328 4148 afferre
351 4072 545 4143 videamur.
599 4068 720 4159 Quare
743 4075 870 4148 merito
893 4075 1057 4146 ridentur
1107 4073 1230 4167 quitur
1254 4072 1436 4143 conclusio
1464 4077 1662 4163 argumenti
1693 4103 1759 4171 per
1783 4087 2094 4172 comparationem.

70 4181 182 4276 inepti
202 4176 370 4273 quidam,
402 4174 463 4267 qui
486 4198 550 4263 pro
575 4174 643 4244 ude
675 4175 958 4265 persuasionem,
989 4200 1055 4267 pro
1106 4172 1202 4264 llirgo
1225 4176 1255 4243 si
1278 4174 1357 4244 aliis
1378 4174 1581 4269 eloquentia
1604 4201 1681 4248 mea
1700 4207 1803 4271 opem
1819 4185 2095 4268 tulit,'maxime

68 4279 266 4373 Evangelio
283 4276 468 4347 coelestem
485 4270 766 4367 Philosophiam,
790 4290 823 4346 et
842 4277 911 4347 alia
925 4278 1056 4347 similia
1106 4278 1211 4348 debet
1227 4277 1286 4347 isti
1300 4300 1403 4367 opem
1421 4279 1527 4364 serre,
1551 4303 1657 4373 aquo
1673 4285 1793 4353 adiuta
1810 4298 1872 4353 est.
1898 4285 2023 4359 Postea
2038 4314 2096 4360 se-

70 4392 212 4467 dicunt,
238 4381 279 4449 in
295 4378 427 4471 quibus
441 4400 543 4468 saepe
567 4377 625 4463 bt,
650 4392 690 4450 ut
707 4375 925 4450 Germanam
943 4379 1056 4471 signi-
1106 4380 1230 4474 quitur
1242 4377 1482 4465 adversativa,
1507 4384 1694 4452 continens
1707 4410 1842 4455 novum
1865 4387 2002 4475 locum,
2029 4418 2096 4463 no-

69 4480 434 4585 fieationemillarum
462 4502 588 4550 vocum
610 4503 698 4573 quas
724 4496 960 4575 aspernantur
981 4507 1056 4554 non
1107 4504 1187 4552 uam
1203 4480 1495 4572 propositionem.
1547 4482 1629 4554 Non
1648 4497 1698 4555 est
1717 4487 1891 4576 alienum,
1918 4509 2095 4566 oratorem

70 4592 234 4666 reddant.
290 4580 340 4651 ld'
362 4605 436 4651 non
460 4594 512 4651 est
534 4580 713 4652 illustrare
732 4608 789 4654 res
813 4584 976 4656 difficiles
1000 4586 1056 4655 di·
1107 4585 1246 4676 epoiita
1264 4582 1439 4652 adiuvari.
1490 4583 1617 4670 Ratio,
1643 4587 1727 4679 quia
1745 4612 1869 4661 omnes
1887 4610 1979 4667 artes
2003 4601 2097 4670 inter

69 4694 205 4775 ando,
230 4686 291 4754 sed
313 4685 505 4754 obscurare
527 4697 632 4777 atque
658 4707 895 4777 corrumpere.
957 4686 1055 4776 Quid
1106 4710 1143 4756 ιι
1162 4699 1329 4775 cognatae
1343 4699 1448 4773 sunt,
1469 4709 1579 4780 quare
1596 4688 1665 4757 alia
1684 4692 1831 4764 adiuvat
1853 4697 1972 4773 aliam.
2024 4698 2096 4771 Po-

68 4796 165 4893 quod
188 4788 249 4860 isti
271 4785 453 4861 somniant
486 4784 741 4868 imitationem,
774 4812 847 4857 non
876 4782 997 4879 phrasi
1024 4802 1058 4861 et
1106 4803 1236 4860 stremo
1252 4787 1496 4881 sequituralia
1512 4791 1745 4867 adversativa.
1797 4794 2014 4894 Quanquam
2030 4828 2095 4874 aa.

67 4891 325 4972 collocatione,
349 4887 409 4958 sed
434 4887 473 4955 in
494 4887 644 4977 singulis
666 4887 785 4959 verbis
808 4890 907 4960 esse?
931 4915 1001 4985 qua
1016 4892 1057 4961 in
1106 4908 1178 4964 tem
1194 4885 1254 4962 hic
1270 4891 1359 4960 ordo
1372 4891 1628 4962 sententiarum
1646 4897 1756 4987 magis
1779 4901 1823 4968 ad
1850 4901 2093 4976 inventionem

67 5025 106 5074 ιι
125 4991 316 5093 pueriliter
340 5001 470 5062 errant.
522 4988 613 5059 Nam
637 4987 761 5061 Cicero
787 4992 925 5064 etiamsi
946 4994 1059 5066 inter·
1106 4992 1463 5085 autdispositionem,
1487 5016 1594 5087 quam
1609 5000 1901 5092 compositionem
1919 5007 2097 5098 pertinere

67 5105 156 5175 dum
171 5091 292 5167 verbis
300 5090 466 5161 utebatur
478 5090 607 5180 ignotis
624 5094 756 5184 populo
764 5088 942 5179 Romano,
963 5097 1058 5167 mul·
1107 5097 1262 5181 videtur,
1285 5116 1377 5188 quae
1390 5108 1441 5166 est
1456 5096 1495 5165 in
1509 5099 1662 5191 quadam
1672 5103 1848 5176 concinna
1863 5107 2096 5183 collocatione

68 5200 213 5277 ιιιιιίιιι
229 5220 250 5268 a
267 5187 497 5282 Philosophia
514 5206 548 5262 et
558 5217 599 5262 ex
611 5191 756 5264 Graecis
765 5190 925 5267 historiis
937 5198 1058 5281 sumit,
1107 5198 1320 5282 verborum,
1342 5208 1462 5267 ιιιιιιιι
1486 5197 1517 5269 ιί
1538 5199 1741 5293 qnissecte-
1753 5208 2011 5297 considerabit,
2037 5214 2095 5283 in-

67 5294 695 5379 tamenCiceronianomoredicebat.
708 5296 1011 5370 Collocatioenim
1025 5313 1059 5371 ιι
1107 5302 1241 5389 telliget
1280 5299 1468 5369 universae
1506 5306 1776 5395 compositionis
1820 5292 2099 5385 fundamentum

66 5406 280 5481 universum
293 5392 822 5487 corpusorationisCiceronem
837 5400 1021 5476 referebat.
1106 5427 1199 5486 esse,
1225 5401 1359 5474 iustum
1386 5404 1646 5477 sententiarum
1664 5408 1856 5482 ordinere„
1903 5411 2019 5478 rtem
2037 5412 2128 5474 ιιι,-

116 5512 299 5579 uastam.
328 5502 431 5570 Οιιι.
455 5501 538 5569 Van.
566 5499 661 5568 Xlll.
1389 5544 1392 5549 .
1547 5508 1605 5588 δ’,
