4538 5754
195 231 273 309 esa
425 225 646 303 senuna
670 232 749 306 on.
771 231 892 313 sture
913 231 986 315 au
1006 235 1135 318 nssr.
1162 239 1308 319 roos.
1331 239 1400 317 ur
1424 239 1619 318 annos.
1642 203 2001 318 senesanna(
2133 243 2236 320 sss

199 416 338 518 tameo,
374 422 419 468 ne
452 397 593 517 longius
621 400 765 493 attegia
791 407 950 479 custodia
975 427 1178 502 evagentur,
1328 411 1382 486 Ex
1396 411 1463 484 bec
1476 414 1681 484 narratione
1701 413 1855 503 intelligi
1868 425 2003 504 potest,
2027 413 2215 506 quodvess
2260 413 2267 475 t

198 526 283 574 mox
299 515 541 592 uerumquan
557 506 710 575 revocati
726 507 771 575 ad
786 504 907 577 sotem
929 530 1177 604 approperant.
1228 539 1296 585 nass
1321 531 1355 586 et
1379 515 1600 599 Mercurius,
1632 515 1697 584 etsi
1719 515 1931 584 celeritatem
1956 526 2074 584 motos
2093 515 2149 584 sui
2175 516 2214 584 in
2261 518 2267 559 ¹

202 601 271 675 llis
284 600 478 671 accessibus
495 615 531 675 et
545 605 737 676 recessibus
753 606 858 678 binos
874 624 972 680 ortus
986 629 1020 684 et
1034 640 1178 686 occasus
1229 618 1391 712 epicyclis
1406 639 1481 684 non
1500 629 1731 705 attemperant
1746 620 1791 683 ad
1806 615 1900 684 Solis
1915 639 2071 699 rismum,
2096 629 2214 685 tamen
2260 619 2267 662 ¹

202 705 245 794 io
257 724 468 795 unaquoque
482 704 703 777 revolutione
717 708 864 803 epicycli
880 713 1088 802 absolvunt,
1111 713 1179 787 hoc
1230 721 1345 810 ipsum
1363 741 1425 785 cett
1442 715 1575 804 Regem
1602 739 1706 785 suurn
1731 717 1768 783 in
1796 716 1865 785 hoc
1886 717 2093 799 observant,
2118 719 2215 808 quod

203 803 369 875 Vidfllioei
388 804 534 873 0ῐᾶῑῦοΐ
1231 821 1369 913 quoties
1387 818 1442 886 ilti
1463 820 1750 905 coniunguntur,
1775 839 1913 906 semper
1937 818 1975 885 in
1998 839 2130 908 apogeo
2152 828 2215 886 aut
2261 832 2267 866 ²

307 904 464 993 Quando
490 919 573 997 post
599 908 841 999 longissimam
869 914 1119 1002 digressionem
1142 919 1179 987 in
1231 920 1385 1012 perigeo,
1410 918 1466 987 sui
1482 919 1627 1011 epicycli
1650 919 1888 1006 reperiuntur,
1913 930 1949 985 ct
1964 913 2217 986 boneservant

205 1011 341 1090 dextro,
366 1000 435 1076 hoc
451 1020 513 1093 est,
537 1009 747 1080 occidentali
763 1014 872 1082 latere
888 1019 1045 1111 epicycli,
1061 1043 1183 1086 ascen-
1232 1035 1375 1090 ortuum
1392 1032 1426 1088 et
1442 1042 1628 1088 occasuum
1644 1019 1818 1101 ordinem,
1844 1031 1882 1087 ιιι
1898 1031 1976 1106 post
1991 1016 2216 1087 coniunctio·

207 1113 330 1180 dentes
345 1107 389 1176 ad
406 1105 525 1178 Solem
551 1114 739 1196 accedunt,
762 1115 931 1186 dicontur
952 1113 1180 1218 προηγούμε·
1233 1146 1336 1203 nem,
1363 1143 1452 1213 quae
1474 1121 1516 1190 fit
1537 1119 1575 1186 iu
1598 1142 1730 1209 apogeo
1754 1118 1919 1210 epicycli,
1952 1119 2115 1187 oriantur
2143 1116 2219 1206 pri·

208 1237 268 1285 νοι
283 1223 318 1279 et
330 1206 425 1292 ἐῶσι,
440 1222 475 1278 et
491 1209 621 1281 minuti
641 1213 792 1299 lumine,
817 1241 888 1309 quo
903 1233 1058 1311 tempore
1082 1224 1184 1290 etiam
1234 1247 1332 1292 snum
1365 1220 1565 1312 vespertino
1594 1234 1694 1303 ortu,
1734 1244 1774 1288 ac
1805 1220 1933 1287 deinde
1962 1218 2220 1307 reciprocantes

209 1325 307 1384 recto
331 1332 434 1380 cursu
450 1309 640 1396 incedunt,
664 1328 697 1384 et
723 1321 767 1384 ad
785 1341 944 1408 apogeon
966 1322 1111 1415 epicycli
1131 1320 1186 1391 sui
1236 1324 1422 1393 atermino
1440 1321 1663 1408 longissimae
1676 1320 1870 1393 ,distantiae
1887 1341 1908 1387 a
1925 1318 2028 1398 Sole,
2053 1317 2222 1391 occidunt

209 1413 316 1484 sisnul
338 1412 431 1482 etad
448 1409 568 1481 Solem
591 1418 862 1504 contendentes,
888 1435 970 1490 ante
993 1423 1103 1512 ipsius
1124 1447 1185 1491 or·
1237 1424 1436 1512 vespertino
1465 1444 1609 1500 occasu,
1648 1445 1719 1513 quo
1753 1434 1827 1490 toto
1865 1433 2024 1509 tempore
2051 1419 2221 1487 dicuntur
2265 1498 2267 1509 ,

209 1529 287 1585 tum
303 1510 569 1602 conspiciuntur
591 1517 744 1601 tamdiu,
768 1522 881 1591 donec
907 1538 1017 1593 metas
1039 1526 1118 1593 illas
1135 1539 1188 1592 at·
1238 1521 1396 1620 dunipast
1412 1535 1446 1592 et
1467 1515 1650 1612 ἑπόμενοι.

211 1617 373 1704 tingunt,
398 1613 596 1706 ultraquae
619 1621 811 1707 progressi,
835 1624 872 1691 vi
895 1624 1042 1694 luminis
1066 1625 1190 1694 solaris
1339 1623 1424 1694 Post
1439 1625 1584 1692 alteram
1609 1621 1916 1701 coniunctionem,
1941 1641 2031 1710 quae
2048 1618 2142 1688 litio
2158 1640 2221 1706 pe·

211 1717 297 1787 tecti
324 1713 557 1789 occultantur.
627 1716 697 1789 llic
735 1735 786 1791 est
819 1746 960 1794 occasus
986 1727 1191 1806 matutinus,
1242 1726 1337 1816 rigeo
1362 1725 1529 1819 epicycli,
1562 1723 1729 1817 oriuntur
1752 1722 1907 1810 primum
1929 1732 2012 1789 ortu
2032 1719 2223 1797 matutino,
2265 1774 2267 1814 ,

213 1815 425 1907 praecedens
439 1815 596 1904 ipsorum
613 1843 693 1890 cum
706 1819 789 1892 Sole
805 1825 1104 1908 coniunctionem,
1125 1827 1191 1896 sub
1240 1841 1275 1897 et
1295 1850 1314 1895 a
1337 1826 1489 1896 termino
1519 1823 1689 1893 maximae
1710 1820 1937 1908 digressionis
1965 1822 2153 1889 redeuntes
2178 1823 2225 1889 ad

213 1940 320 2011 quarn
347 1916 454 1985 etiam
482 1917 717 2012 epicycloruru
747 1945 894 1993 suorum
924 1950 1053 2016 apogea
1083 1929 1192 1997 attin·
1243 1928 1381 2010 Solem,
1407 1927 1711 1994 occiduntoocasu
1727 1922 1921 1995 matutino,
1947 1944 2018 2011 quo
2041 1933 2115 1989 toto
2131 1932 2226 1989 tesn-

214 2031 322 2110 gunt,
346 2031 380 2087 et
393 2012 557 2114 iinuvyos
572 2021 752 2092 dicuntur.
803 2022 891 2095 lnde
901 2025 1021 2096 Solem
1037 2043 1192 2118 practer·
1244 2052 1329 2120 pore
1346 2042 1515 2095 vocantur
1532 2023 1616 2095 e‘oios
1630 2036 1661 2091 et
1680 2017 1964 2119 προηγούμενοι.

215 2119 342 2208 ὅῐθόῦῖ,
378 2120 423 2187 θλ)
448 2141 580 2210 apogeo
612 2123 759 2218 epicycli
791 2129 1028 2212 descendunt,
1059 2143 1193 2200 etcum
1348 2125 1528 2195 Hactenus
1543 2125 1697 2193 diximus
1711 2127 1754 2190 de
1773 2123 1927 2189 nectibus
1950 2114 2077 2188 horum
2094 2117 2228 2187 Plane·

215 2222 406 2309 attigerunt
428 2221 617 2307 terminos,
648 2226 740 2293 ultra
763 2250 851 2318 quos
873 2228 1044 2299 distantes
1065 2228 1194 2313 aSole,
1245 2244 1379 2310 tarum,
1411 2249 1500 2319 qnos
1530 2221 1662 2294 liabent
1686 2225 1722 2290 iu
1747 2223 2028 2312 longitudinem,
2059 2221 2104 2287 ab
2131 2221 2228 2287 oeci·

216 2319 353 2410 vesperi
375 2333 453 2410 post
474 2345 635 2393 occasum
659 2322 754 2395 Solis
783 2351 905 2398 rursus
929 2330 1083 2420 conspici
1114 2354 1194 2421 pos·
1246 2330 1408 2398 deoteio
1422 2328 1594 2396 orientem
1621 2340 1653 2394 ct
1666 2340 1808 2393 econtra
1829 2346 1935 2411 snper
1954 2320 2105 2388 «liversis
2128 2319 2228 2388 orbi·

217 2434 320 2505 sunt,
351 2421 521 2492 dicuntur
548 2425 637 2492 oriri
664 2439 745 2495 ortu
770 2430 990 2519 vespertino,
1017 2443 1051 2498 et
1072 2432 1195 2521 appel·
1232 2434 1331 2512 bns,
1376 2427 1577 2496 eccentricis
1612 2440 1645 2492 et
1666 2425 1838 2517 epicyclis.
1902 2421 2005 2490 Nune
2030 2443 2142 2509 pauca
2163 2422 2228 2489 ad-

217 2524 337 2591 lantur
365 2532 450 2591 tunc
486 2519 643 2620 ἑσπέριοι
673 2540 708 2597 et
729 2523 922 2621 ἑπόμενοι,
957 2544 993 2601 et
1021 2532 1112 2601 aucti
1138 2532 1195 2601 lu·
1247 2534 1371 2600 demus
1393 2528 1497 2597 etiam
1519 2529 1562 2595 de
1585 2539 1684 2592 moto
1706 2527 1898 2593 eorumdem
1925 2523 1962 2588 in
1987 2521 2228 2602 latitudinem,

221 2624 329 2697 ntine·
1248 2654 1351 2726 quem
1379 2625 1512 2698 habent
1539 2627 1650 2712 magis
1671 2626 1826 2703 varicem,
1868 2645 1976 2715 quarn
1997 2622 2027 2688 is
2052 2634 2123 2698 est,
2155 2643 2229 2711 quo

323 2718 442 2817 Atque
465 2719 533 2793 hoc
557 2728 664 2798 modo
689 2741 783 2801 recto
799 2753 903 2801 cursu
919 2755 939 2801 a
955 2730 1038 2802 Sole
1053 2734 1196 2816 abeunt,
1247 2732 1350 2802 huna
1377 2743 1412 2799 et
1437 2743 1506 2798 tres
1538 2726 1735 2816 superiores
1770 2726 1961 2793 deflectunt
1984 2722 2028 2791 ab
2055 2717 2230 2811 Ecliptica

222 2828 334 2894 donec
358 2826 535 2914 attingunt
551 2851 630 2896 eum
650 2831 765 2900 locum
780 2832 913 2903 sinistri
931 2856 992 2901 seu
1015 2834 1196 2904 orientalis
1247 2853 1368 2900 versus
1399 2828 1671 2921 septentrionem
1703 2839 1738 2895 et
1763 2824 1957 2894 meridiem.
2012 2822 2083 2890 Sed
2110 2833 2231 2890 tamen

222 2926 340 2997 lateris
354 2925 392 2993 iu
409 2925 581 3019 epicyclo,
601 2953 705 3022 quem
723 2946 894 3004 monstrat
907 2934 1001 3003 linea
1016 2936 1138 3004 educta
1155 2960 1197 3003 ex
1249 2934 1330 3026 quia
1350 2927 1433 3000 haec
1448 2931 1537 2999 ratio
1553 2928 1782 2997 latitudinum
1798 2926 1901 2994 facile
1925 2920 2074 3011 intelligi
2101 2922 2233 3010 poterit

221 3041 341 3098 centro
360 3027 505 3112 mundi,
526 3030 719 3124 epicyclorn
737 3035 956 3123 contingens.
1007 3032 1076 3103 Hic
1100 3036 1198 3104 locus
1250 3029 1377 3114 exiis,
1408 3055 1498 3124 quae
1526 3053 1631 3122 supra
1652 3040 1736 3098 sunt
1755 3029 1867 3111 dicta,
1899 3023 2031 3094 erimus
2058 3017 2117 3091 hic
2148 3023 2233 3091 bre·

222 3152 302 3199 cum
323 3128 370 3199 sit
397 3128 568 3198 terminus
595 3131 820 3222 longissimae
844 3135 1090 3224 digressionis,
1124 3159 1197 3204 non
1250 3134 1375 3203 viores.

222 3230 385 3300 concedit
410 3224 466 3297 his
480 3228 635 3300 Planetis
655 3234 859 3303 ulteriorem
882 3234 1002 3305 aSole
1024 3237 1199 3325 evagatio·
1350 3231 1383 3299 T
1387 3231 1544 3322 riplicem
1575 3238 1782 3318 repererunt
1803 3223 1950 3292 artilices
1976 3223 2014 3290 in
2030 3219 2172 3290 Venere
2197 3232 2234 3288 et

223 3352 316 3399 stem.
368 3326 487 3415 Quare
509 3329 561 3399 ibi
576 3354 717 3401 cursum
742 3330 924 3418 inhibent,
950 3349 982 3405 et
999 3338 1104 3423 paulo
1121 3349 1200 3426 post
1252 3331 1432 3404 Mercurio
1447 3330 1647 3402 latitudinis
1661 3328 1853 3409 rationem,
1880 3347 2029 3414 quarum
2047 3344 2157 3392 unam
2175 3343 2235 3389 cc-

223 3429 306 3504 sscti
321 3428 523 3499 stationales
545 3433 667 3501 eudem
691 3436 820 3518 modo,
846 3448 886 3506 ut
901 3437 945 3504 dc
961 3437 1075 3506 tribus
1096 3459 1201 3528 supe·
1252 3433 1417 3504 centricis
1438 3428 1565 3502 horum
1580 3428 1826 3507 Planetarurn,
1853 3425 1939 3493 alias
1962 3426 2049 3493 duas
2070 3418 2237 3514 epicyclis

223 3530 380 3599 rioribus
405 3529 630 3616 dictumest,
661 3558 743 3604 mox
768 3536 986 3626 reciprocare
1012 3538 1201 3629 incipiunt,
1253 3536 1434 3613 tribuunt,
1461 3546 1495 3602 et
1517 3532 1667 3600 docendi
1688 3551 1789 3597 causa
1812 3526 1993 3594 vocabulis
2014 3523 2235 3602 discernunt,

223 3645 327 3722 atque
344 3630 393 3701 ita
407 3632 452 3700 ad
469 3630 589 3702 Solem
606 3633 732 3704 iterum
753 3639 933 3721 accedere,
959 3663 1029 3730 quo
1045 3620 1202 3731 tempore
1253 3635 1471 3728 appellantes
1495 3631 1678 3702 eccentrici
1703 3629 1973 3697 declinationem
1998 3627 2044 3694 ab
2059 3620 2237 3712 Ecliptica

224 3728 342 3800 adbuc
370 3728 528 3826 ἑσπέριοι
548 3746 583 3804 et
605 3728 775 3828 ἑπόμενοι
806 3739 1050 3830 appellantur,
1089 3742 1202 3808 donec
1254 3736 1510 3819 deviationem,
1542 3756 1646 3825 quam
1663 3729 1884 3799 Ptolemaeos
1908 3725 2071 3824 ἔγκλισιν
2092 3724 2162 3794 τοῦ
2179 3719 2237 3792 ἐκ·

226 3836 313 3901 adeo
332 3831 409 3902 Soli
425 3834 615 3927 propinqui
632 3837 741 3922 fiunt,
767 3851 806 3908 ut
826 3839 967 3908 aradiis
986 3842 1061 3909 eius
1083 3841 1202 3910 occul·
1254 3833 1410 3930 κέντρου
1438 3850 1555 3917 vocat,
1593 3833 1652 3901 scd
1682 3829 1826 3922 epicycli
1859 3852 1966 3896 unam
1996 3824 2238 3902 latitudinem,

226 3948 358 4005 tentur.
409 3932 513 4004 Tunc
534 3950 651 4007 autem
674 3940 832 4008 occidere
857 3964 983 4009 occasu
1004 3942 1202 4030 vespertino
1258 3963 1325 4031 qua
1343 3959 1512 4026 apogeum
1528 3948 1564 4004 et
1579 3933 1755 4024 perigeum
1772 3928 2024 4018 illiosaplano
2050 3920 2267 3993 eccentricit

226 4037 415 4118 dicuntur,
441 4049 474 4106 et
488 4030 651 4135 ὕπαυγοι
666 4040 768 4126 fiunt,
791 4065 831 4110 ac
847 4055 966 4131 postea
982 4040 1061 4111 soti
1075 4041 1202 4111 iterem·
1256 4037 1426 4119 declinat,
1463 4048 1590 4105 vocant
1619 4030 1908 4112 inclinationem,
1943 4027 2167 4097 Ptolemaeus
2190 4021 2267 4098 εἰη

227 4137 510 4224 coniunguntur,
535 4142 677 4230 quando
692 4153 774 4209 sunt
789 4141 827 4209 in
843 4142 913 4210 ima
932 4155 1030 4232 parte
1047 4143 1205 4237 epicycli,
1256 4139 1405 4222 militer,
1435 4151 1476 4206 ιιι
1500 4126 1652 4225 priorem
1675 4133 1919 4213 latitudinem,
1952 4140 2054 4198 vocat
2076 4122 2238 4222 ἔγκλισιν
2265 4162 2267 4185 2

227 4260 332 4329 aqna
356 4241 583 4310 ascendentes
605 4264 715 4332 usque
737 4244 780 4309 ad
797 4241 984 4325 terminos,
1008 4242 1100 4312 intra
1117 4266 1206 4335 quos
1257 4244 1327 4312 τοῦ
1353 4230 1559 4310 ἐπικύκλου.
2204 4321 2213 4338 ⁸

227 4339 323 4408 cerni
343 4353 506 4427 possunt,
531 4363 636 4409 mane
650 4355 731 4410 astte
746 4341 840 4412 Solis
855 4357 970 4413 ortum
986 4345 1104 4413 denuo
1120 4369 1206 4413 con·
1358 4339 1516 4409 Alteram
1540 4335 1687 4429 epicycli
1710 4331 1947 4411 latitudinem,
1971 4351 2039 4420 qua
2056 4334 2188 4416 puncta
2203 4344 2240 4389 sn

228 4439 446 4528 spiciuntur,
468 4466 540 4534 quo
559 4455 716 4531 tempore
730 4443 896 4513 dicuntur
917 4445 1005 4513 oriri
1028 4458 1111 4515 ortu
1131 4469 1207 4513 ma-
1258 4441 1431 4512 lateribus
1450 4437 1597 4531 epicycli
1629 4435 1746 4504 media
1775 4432 1870 4500 inter
1894 4449 2064 4520 apogeum
2089 4438 2129 4496 et
2145 4422 2241 4513 peri·

232 4538 369 4624 totino,
396 4555 429 4610 et
445 4558 615 4613 vocantur
632 4544 759 4613 iterum
775 4541 858 4615 ἑῶοι
873 4560 907 4615 et
923 4539 1206 4647 προηγούμενοι,
1258 4565 1361 4632 geum
1376 4542 1421 4610 ab
1436 4536 1619 4610 eccentrici
1635 4536 1741 4626 plano
1765 4533 1954 4611 recedunt,
1972 4525 2155 4618 appellant
2167 4519 2243 4594 Rs-

230 4653 266 4709 et
298 4636 413 4711 adbuc
445 4660 566 4715 contra
608 4646 772 4729 ordinem
808 4647 991 4735 signorum
1029 4648 1210 4728 incedunt,
1258 4642 1467 4721 flexionem,
1499 4637 1725 4711 Ptolemaeus
1753 4645 1856 4703 vocat
1889 4629 2054 4701 distincta
2084 4624 2244 4716 appella-

231 4764 251 4810 a
270 4740 353 4811 Sole
367 4743 507 4831 lougius
521 4745 689 4817 abeuntes
711 4748 881 4839 usquead
896 4746 1013 4817 locum
1036 4753 1209 4817 secundae
1263 4744 1361 4815 tione
1376 4734 1549 4826 λόξωσιν,
1574 4735 1865 4831 obliquationem.

231 4843 414 4926 stationis,
446 4845 510 4913 ubi
538 4843 746 4918 inhibentes.
771 4849 937 4937 gradum,
974 4848 1079 4919 etiam
1102 4847 1208 4940 paulo
1360 4837 1494 4914 Prima
1512 4841 1664 4913 latitudo
1693 4835 1849 4935 ἔγκλισις
1868 4835 1937 4937 τοῦ
1960 4825 2159 4922 merrom
2183 4846 2246 4943 sm

230 4958 311 5035 post
335 4946 482 5014 alterurn
510 4948 702 5019 terminum
732 4949 903 5028 maximae
923 4949 1150 5040 digressionis
1171 4950 1210 5019 in
1246 4945 1438 5031 deviatio,
1470 4956 1541 5024 est,
1566 4964 1636 5034 qua
1659 4939 1807 5031 planum
1830 4931 2015 5004 eccentrici
2037 4950 2146 5020 sulm
2166 4926 2246 4996 ὼ·

230 5049 354 5115 dextro
378 5047 485 5117 latere
504 5047 699 5137 attingunt,
732 5072 837 5142 quern
857 5063 1032 5122 monstrat
1052 5051 1146 5121 linea
1168 5075 1211 5122 ex
1261 5060 1375 5120 metro
1410 5044 1537 5115 mundi
1575 5053 1738 5112 moseten
1772 5036 1841 5121 ita,
1886 5048 1928 5105 ut
1960 5053 2134 5125 apogeum
2158 5046 2248 5096 *esus

231 5163 352 5218 centro
386 5161 500 5218 terrae
522 5149 665 5233 emissa,
696 5162 731 5219 et
761 5151 910 5244 epicycli
941 5174 1042 5221 orant
1070 5152 1213 5225 contin-
1263 5143 1608 5238 aplanoEclipticae
1623 5142 1767 5211 recedat
1781 5151 1817 5209 et
1831 5157 1955 5207 rursus
1970 5133 2126 5210 accedat,
2146 5139 2247 5245 motu

231 5244 327 5341 gens.
377 5249 412 5320 A
427 5273 499 5342 quo
514 5249 591 5320 loco
608 5250 725 5320 redire
749 5254 793 5320 sd
810 5251 930 5323 Soleus
955 5264 1052 5323 recto
1073 5253 1213 5323 incessu
1262 5248 1373 5319 simili
1398 5268 1572 5318 cunarum
1608 5238 1812 5332 agitationi,
1849 5258 1889 5305 ac
1915 5231 2030 5305 buius
2047 5228 2248 5302 latituduus

230 5352 420 5445 incipiunt,
445 5353 493 5424 ad
506 5352 645 5424 easdem
660 5373 806 5446 prorsus
818 5353 923 5440 vices,
941 5367 983 5428 nt
999 5353 1133 5426 ιιλιιοιιι
1148 5366 1213 5426 ιιι.
1263 5350 1351 5423 nodi
1365 5336 1910 5443 utrinqucqssdrsntscicsnli,
1932 5357 1996 5408 ses
2012 5331 2066 5405 90
2079 5328 2249 5424 ΝΜ
