4538 5754
189 225 274 319 059,
417 220 629 300 SCRIPTA
654 220 731 295 PH.
756 216 873 298 stul.
898 215 968 294 AD
992 216 1121 296 HlS'l'.
1147 211 1293 297 ultor.
1316 214 1385 291 ΕΤ
1410 196 1604 296 PHILOS.
1635 213 1961 298 SPECTANTlA.
2025 171 2028 175 ι
2145 223 2215 301 660
2241 267 2243 270 ι

560 395 625 479 ηρ
653 393 800 482 Locis,
1231 388 1384 462 ctissime
1406 383 1570 461 hocloco
1586 413 1671 462 usus
1683 402 1755 478 est,
1779 391 1885 463 simul
1900 394 2033 466 multos
2048 407 2215 490 martyres

780 514 787 526 ⁴
967 525 971 531 ·
1231 493 1401 578 laudans,
1425 506 1559 563 etcum
1579 493 1749 563 usitatum
1775 494 1821 565 sit
1844 495 2018 584 initiolde
2035 499 2150 588 patria
2163 497 2214 567 di-

391 578 488 667 Qm'll
514 589 574 653 eil
598 581 700 651 l⁰⁰l⁴⁸
726 574 976 652 illalessil‘ffll
1232 618 1328 679 cere,
1353 587 1493 686 inquit,
1519 618 1579 664 eos
1601 618 1711 670 unam
1734 589 1866 666 habere
1888 599 2041 690 patriam
2057 598 2214 668 omnium

295 718 413 790 Luem
438 717 642 788 dialecticus
671 730 722 787 est
743 719 844 786 sedes
867 715 1085 805 argumenti,
1118 736 1179 784 seu
1230 696 1523 776 laudsslltilfflaffls
1547 692 1755 782 Ecclesiam,
1780 697 1882 769 ‘⁰3⁰⁸
1897 700 2011 772 civem
2028 723 2104 774 esse
2121 723 2213 794 prae-

139 913 146 921 ·
192 824 325 905 index,
351 834 552 892 monstrans
567 844 607 889 ex
623 844 694 912 quo
712 821 810 890 fonte
828 819 1039 889 sumendum
1060 819 1106 886 sit
1121 841 1180 886 ar·
1232 798 1334 890 ⁰59⁰ss
1350 798 1429 868 ¹³⁰⁸
1446 809 1510 871 eil·

196 938 421 1017 gumculum,
453 947 525 1016 quo
549 922 789 991 confirmanda
813 934 864 992 cst
884 919 1102 1012 propositio,
1134 920 1179 987 de

197 1051 267 1121 qua
285 1026 447 1110 dubitas,
471 1038 531 1110 ut,
556 1024 585 1091 si
604 1018 710 1093 buius
723 1022 977 1115 propositionis
993 1021 1179 1091 confirma-

196 1130 330 1200 tionem
354 1149 517 1221 quaeras:
543 1123 669 1194 Gloria
698 1138 750 1195 est
771 1127 986 1217 appetenda,
1010 1126 1091 1192 lons
1114 1123 1180 1190 ali·
1335 1098 1491 1192 Reffuhs
1525 1097 1606 1172 Alli
1636 1105 1973 1189 ffl³⁵⁶111300801⁰ls
2003 1107 2076 1179 alia
2095 1110 2213 1180 foemi-

197 1231 278 1325 quis
293 1229 545 1301 monstrandus
559 1240 629 1316 cst,
654 1227 749 1297 unde
764 1227 917 1298 sumitur
932 1225 1167 1297 confirmatio.
1231 1205 1321 1275 fll⁰⁰
1346 1217 1566 1323 ξθῦἕΐΰιξῠῑ,
1597 1217 1654 1285 ut,
1689 1204 1926 1278 Telemachus
1950 1234 2024 1279 non
2046 1211 2125 1282 vult
2144 1236 2212 1281 ma-

1231 1321 1322 1378 trem
1343 1330 1382 1374 m
1403 1329 1574 1377 concione
1591 1331 1753 1396 manere,
1779 1308 1961 1404 inquiens:
1989 1307 2119 1385 Oratio
2136 1313 2211 1383 viris

198 1403 303 1487 Quae
322 1409 380 1473 est
395 1404 523 1493 primo
540 1398 673 1473 divisio
688 1401 853 1472 locorum
867 1394 1180 1471 dialectioorum?
1232 1432 1337 1482 cum
1355 1409 1410 1479 sia

297 1533 386 1605 Loci
402 1533 465 1605 alii
480 1547 562 1606 suot
577 1556 827 1626 personarum,
853 1533 915 1602 alii
931 1555 1061 1610 rerum.

1655 973 1792 1044 smus.

1625 1587 1822 1656 Parentes.

477 1755 519 1841 h
574 1758 585 1778 ·
1334 1714 1491 1806 Regula,
1514 1711 1568 1785 De
1590 1718 1684 1787 natis
1700 1718 1879 1788 iudicatur
1891 1741 1933 1786 ex
1948 1731 2137 1809 parentum
2152 1741 2209 1789 na·

394 1846 397 1862 ·
523 1780 585 1841 ⁰⁰¹
608 1778 897 1864 personarum
1231 1819 1321 1893 turis
1333 1831 1368 1888 et
1381 1818 1560 1901 moribus,
1580 1819 1665 1910 quia
1681 1843 1783 1911 saepe
1800 1820 1919 1912 aliqua
1935 1821 2153 1907 similitudo,
2174 1833 2209 1890 ιιι

297 1922 384 1994 Loci
397 1945 627 2017 personarum
643 1937 799 2006 monent,
821 1946 910 2016 quae
923 1921 1178 1993 consideranda
1231 1943 1440 2013 corporum,
1464 1920 1515 1990 ita
1527 1920 1752 2008 ingeniorum
1767 1922 1806 1989 in
1821 1922 1979 1991 sobolem
1995 1924 2209 2014 propagatur,

196 2026 268 2098 sint
286 2026 414 2097 ordine
432 2026 472 2095 in
496 2026 667 2117 personis.
722 2021 800 2096 Etsi
823 2039 939 2094 autem
958 2026 997 2093 in
1019 2025 1179 2099 dialecti·
1231 2038 1265 2095 ct
1281 2024 1434 2094 multum
1450 2021 1639 2111 disciplina
1657 2037 1690 2094 et
1705 2024 1863 2115 exempla
1880 2024 2073 2096 domestica
2089 2024 2208 2095 valent.

196 2129 246 2199 cis
259 2127 392 2197 libellis
405 2129 479 2197 fere
493 2127 670 2197 omittitur
682 2122 812 2196 borum
828 2127 1057 2211 enumeratio,
1082 2129 1178 2219 quod
1232 2125 1316 2197 ldeo
1332 2122 1504 2195 Horatius
1520 2123 1584 2194 ait:
1679 2200 1683 2209 ¹

194 2231 332 2302 includi
363 2230 402 2298 in
429 2231 517 2298 alios
538 2230 655 2313 locos,
695 2251 898 2308 causarum,
937 2252 1177 2298 connexorum
1383 2232 1488 2294 Fortes
1503 2244 1640 2294 creantur
1653 2233 1783 2295 fortibus
1797 2246 1827 2295 st
1840 2237 1938 2313 bonis,

195 2345 230 2402 ct
252 2320 619 2415 circumstantiarum,
643 2330 768 2399 subtili
789 2329 926 2400 ratione
948 2331 1099 2421 possint:
1127 2345 1179 2400 ta·
1383 2331 1438 2395 Est
1453 2339 1486 2395 iss
1501 2340 1653 2412 iuvencis,
1680 2350 1724 2398 sss
1737 2341 1770 2397 in
1785 2341 1871 2420 equis
1884 2350 2006 2419 patrum

193 2457 278 2502 meu
299 2429 358 2502 hic
375 2433 606 2503 breviter-cos
620 2431 794 2513 recitabo,
821 2431 903 2522 quia
920 2455 1021 2523 saepe
1038 2433 1082 2502 de
1098 2455 1178 2523 per·
1380 2433 1508 2516 Virtus,
1533 2459 1589 2498 neo
1604 2439 1758 2500 imbellem
1774 2439 1890 2501 feroces

193 2535 291 2605 souis
304 2535 496 2603 dicendum
511 2547 580 2618 est,
608 2546 736 2604 etcum
753 2532 869 2602 obiter
881 2532 1085 2604 intexantur
1101 2533 1179 2602 aliis
1380 2536 1582 2620 Progenersnt
1599 2544 1717 2624 aquilae
1731 2545 1912 2603 columbam.

191 2637 349 2707 materiis
380 2634 561 2705 interdum
593 2647 797 2725 argumenta
829 2657 849 2703 a
872 2637 1034 2726 personis
1059 2636 1177 2726 ducta,
1227 2629 1277 2705 El
1292 2635 1508 2723 contrarium
1525 2636 1636 2722 illud,
1656 2641 1776 2708 κακοῦ
1792 2630 1951 2733 κόρακος
1963 2631 2084 2710 κακὸν
2099 2627 2185 2712 uiua.

192 2739 320 2808 seriem
346 2737 385 2806 in
408 2750 598 2829 conspectu
619 2733 750 2808 babere
767 2736 854 2806 utile
874 2750 943 2828 εει,
970 2738 1175 2830 praesertim
1779 2811 1787 2828 ,

193 2864 274 2911 ειιιιι
289 2839 423 2911 Psalmi
446 2841 558 2932 aliqui
576 2841 763 2932 praecipue
780 2839 852 2908 sint
867 2863 1097 2931 personarum
1113 2842 1178 2910 de·
1621 2804 1821 2880 Educalw·

192 2943 421 3036 scriptiones,
447 2955 486 3014 ut
502 2940 677 3013 Psalmus:
708 2939 804 3012 Dixit
817 2939 1007 3016 Dominus.
1058 2938 1101 3011 ln
1123 2955 1176 3013 ta·
1329 2938 1486 3031 Regula,
1511 2939 1643 3032 Magna
1668 2941 1721 3010 vis
1737 2955 1788 3011 est
1804 2940 2013 3031 disciplinae
2027 2955 2064 3014 et
2079 2942 2209 3015 studio-

191 3046 288 3116 libus
317 3045 583 3116 narrationibus
610 3045 770 3116 membra
799 3045 1024 3115 considerare
1049 3045 1175 3114 ordine
1227 3066 1326 3127 rum,
1353 3058 1392 3113 ut
1415 3044 1522 3134 vulgo
1545 3044 1692 3114 dicitur:
1720 3042 1846 3114 Studia
1869 3044 2002 3113 abeunt
2024 3045 2063 3112 in
2086 3068 2210 3119 mores.
2255 3070 2259 3085 ·

104 3238 112 3242 .
148 3216 151 3223 ,
192 3148 360 3241 disposita
389 3148 479 3219 utile
509 3161 569 3222 est.
638 3145 683 3216 ln
703 3142 889 3217 rhetoricis
913 3140 998 3218 lraec
1021 3168 1112 3233 pars
1130 3148 1175 3216 ad
1226 3142 1291 3214 Et:
1322 3141 1552 3215 Consuetudo
1580 3159 1632 3216 est
1659 3145 1768 3216 altera
1797 3158 1935 3217 natura.
2003 3142 2058 3215 De
2089 3147 2211 3219 studiis

192 3273 302 3341 genus
333 3238 651 3320 demonstrativum
680 3249 853 3339 pertinet,
888 3250 984 3339 quod
1017 3249 1176 3319 continet
1226 3246 1426 3336 exemplum
1448 3260 1542 3318 extat
1566 3271 1630 3338 pro
1652 3243 1827 3327 Murena,
1852 3247 1916 3316 ubi
1938 3245 2064 3317 Cicero
2087 3247 2212 3342 inquit,

191 3352 415 3434 laudationes
444 3363 477 3420 ει
506 3351 782 3440 vituperationes
804 3371 1054 3437 personarum,
1087 3374 1175 3443 qua·
1226 3346 1399 3419 Catonern
1428 3349 1610 3418 duriorem
1637 3360 1673 3417 ει
1695 3349 1898 3437 rigidiorem
1922 3350 2055 3422 facturn
2076 3373 2152 3421 εεεε
2173 3373 2210 3419 ex

190 3476 273 3523 rum
296 3451 434 3543 aliquas
454 3474 652 3544 proponere
670 3450 886 3519 discentibus
902 3451 990 3519 utile
1006 3465 1075 3536 εει,
1101 3476 1175 3522 non
1227 3449 1335 3521 stoica
1352 3451 1527 3527 doctrina.

55 3615 65 3629 ,
193 3554 326 3636 solum,
350 3552 433 3644 quia
449 3553 501 3623 ibi
517 3552 673 3643 exempla
690 3546 819 3621 horum
837 3551 996 3621 locorum
1013 3567 1175 3639 cernunt,
1258 3600 1259 3603 =

64 4469 68 4478 ’
193 4488 227 4547 ει
244 4476 391 4565 longum
409 4475 498 4547 isset
515 4476 644 4545 addere
662 4472 896 4545 definitiones.
949 4472 1033 4543 ldeo
1047 4475 1086 4543 in
1102 4475 1176 4544 sin-

192 3657 254 3725 sed
270 3655 393 3739 etiam,
419 3655 503 3747 quia
516 3655 676 3725 moribus
687 3654 832 3744 'prodest
848 3653 980 3724 intueri
995 3656 1175 3750 imagines,
1654 3627 1789 3696 ΜΜ·

191 3758 232 3826 in
259 3748 390 3849 quibus
417 3781 507 3850 quae
537 3758 582 3827 sit
611 3758 784 3828 virtutum
807 3771 953 3842 natura,
986 3759 1175 3832 cernimus.
1328 3755 1485 3848 Regula,
1512 3756 1604 3829 Vera
1624 3772 1659 3829 et
1679 3780 1816 3828 summa
1831 3756 1983 3826 lausaut
2001 3757 2212 3850 vituperatio

193 3856 247 3930 lta
279 3859 443 3952 legantur
467 3859 559 3929 vitae
583 3860 722 3952 aliquae
744 3858 908 3929 recitatae
929 3884 948 3928 a
971 3856 1176 3945 Plutarcho,
1227 3871 1280 3930 est
1305 3883 1464 3945 morum,
1497 3859 1581 3952 quia
1608 3856 1797 3930 honestum
1824 3881 1984 3927 summus
2009 3863 2143 3948 gradus
2163 3873 2212 3930 est

191 3956 371 4050 Euagoras
398 3956 579 4040 Isocratis,
616 3961 688 4030 vita
716 3959 908 4052 Pomponii
940 3956 1070 4042 Attici,
1104 3963 1176 4032 vita
1227 3962 1416 4034 bonorum.
1469 3958 1554 4031 ldeo
1570 3958 1695 4031 Cicero
1716 3959 1873 4030 victoriis
1892 3972 1927 4029 ει
1942 3956 2138 4052 triumphis
2152 3959 2211 4032 lu·

191 4059 413 4150 Apistotelis,
437 4063 509 4134 vita
522 4060 667 4148 Basilii,
689 4059 893 4148 Ambrosii,
918 4055 1125 4152 Augustini.
1226 4065 1268 4133 lii
1291 4059 1451 4134 Caesaris
1473 4063 1623 4133 antefert
1645 4065 1720 4132 eius
1746 4061 1986 4147 clementiam,
2019 4065 2118 4155 quod
2140 4086 2213 4133 ser·

195 4165 199 4173 “
712 4239 720 4255 ,
1133 4194 1135 4198 ¹
1228 4176 1286 4235 vet
1307 4165 1419 4235 victos
1442 4166 1548 4239 cives.
1603 4162 1653 4244 Ει
1673 4163 1799 4233 Peleus
1819 4162 2003 4233 dimittens
2024 4160 2213 4245 Achillem,

608 4239 759 4307 Palm·
1227 4267 1365 4361 inquit:
1389 4264 1583 4339 Victoriam
1605 4263 1683 4336 Deo
1705 4266 1949 4351 commendes,
1974 4267 2036 4336 sed
2057 4278 2098 4336 tu
2124 4266 2213 4337 iram

296 4370 393 4462 Quid
416 4394 582 4444 vocemus
603 4371 772 4464 patriam,
805 4394 879 4440 non
900 4372 1090 4444 obscurum
1114 4386 1177 4459 est,
1227 4373 1375 4443 frenato.

192 4575 284 4667 gulis
320 4589 458 4671 tantum
496 4578 650 4650 recitabo
686 4576 809 4649 titulos
845 4588 880 4646 ει
911 4576 1068 4665 regulam
1095 4601 1176 4646 cum
1587 4540 1701 4613 Vitae
1724 4561 1857 4636 ilem·

191 4677 363 4771 e¹¹⁰¹¹¹P¹⁰⁰
563 4741 565 4744 -
1328 4669 1486 4762 Regula,
1512 4671 1604 4743 Cum
1620 4672 1716 4742 Deus
1737 4669 1899 4742 homines
1923 4671 2018 4739 inter
2037 4670 2215 4740 sederin-

1228 4776 1318 4845 xerit
1344 4775 1479 4844 mutuis
1503 4774 1645 4859 officiis,
1673 4789 1708 4844 et
1731 4769 1859 4843 horum
1883 4793 2009 4862 magna
2034 4772 2081 4841 sit
2099 4773 2216 4843 varic·

462 4908 505 4944 .⁴
604 4851 764 4948 ’Repulsi
1228 4892 1298 4962 tas,
1332 4877 1523 4946 laudantur
1550 4876 1643 4945 vitae
1667 4899 1794 4964 genera
1822 4899 1841 4944 a
1865 4872 1940 4945 Deo
1962 4873 2146 4960 ordinata,
2180 4888 2216 4946 ct

292 4985 414 5056 Patria
434 4983 682 5054 benc‘morata
706 4997 808 5076 auget
829 4985 954 5068 decus,
985 4981 1067 5075 quia
1091 5004 1177 5050 con·
1227 4979 1393 5049 salutaria
1422 4972 1581 5046 humano
1610 4979 1728 5065 generi
1756 4990 1791 5046 ει
1813 4979 1901 5047 aliae
1924 4976 2099 5058 actiones,
2133 4977 2215 5046 aliis

150 5112 155 5122 ·
191 5102 399 5181 seutaneum
437 5071 490 5156 est
525 5085 576 5154 ibi
614 5088 798 5156 meliorem
835 5110 908 5155 esse
937 5084 1176 5174 disciplinam.
1229 5082 1416 5172 generibus
1443 5094 1655 5169 congruunt.
1723 5076 1771 5150 Et
1795 5070 2142 5175 πολυπραγμοσύνη
2163 5080 2216 5147 ir-

190 5188 347 5263 Econtra
377 5187 490 5280 patria
520 5188 612 5256 male
641 5203 777 5260 morata
806 5187 976 5258 obiicitur
1005 5200 1174 5279 tanquam
1226 5207 1333 5253 ruens
1355 5182 1392 5249 in
1417 5180 1525 5249 alieni
1546 5182 1683 5269 generis
1707 5182 1839 5264 officia,
1873 5181 2132 5273 vituperatione
2155 5182 2217 5249 di-

189 5295 383 5389 probrum,
415 5303 456 5360 ut
476 5291 570 5379 apud
597 5287 748 5359 Paulum
769 5294 897 5386 κρῆτες
920 5285 977 5360 ἀεὶ
997 5282 1171 5384 pecorosi,
1225 5309 1293 5375 gna
1324 5295 1394 5368 est,
1427 5294 1483 5351 ut:
1518 5279 1644 5354 Petrus
1672 5298 1724 5357 est
1749 5282 1963 5375 Apostolus,
1996 5306 2071 5351 non
2101 5282 2217 5374 igitur

185 5391 285 5472 κατὰ
312 5388 452 5494 θηρία,
485 5386 661 5491 γαστέρες
688 5387 815 5490 ἀργαὶ.
873 5391 1029 5465 Basilius
1058 5415 1169 5463 venu·
1223 5386 1416 5480 praelietur
1430 5383 1562 5475 gladio.
