4538 5754
193 272 266 350 115

194 454 327 533 guntin
350 433 503 525 halitus,
526 449 560 510 et
583 436 641 508 via
666 447 750 510 sunt
770 433 927 508 collectis
950 427 1123 504 halitibus
1137 427 1184 500 ad

195 545 260 617 illa
274 540 461 616 foramina.

576 750 637 822 De
665 746 803 824 medio.

299 901 349 977 Ut
362 901 453 973 odor
466 893 634 971 exhalans
647 922 668 970 a
683 898 905 992 corporibus,
929 896 1048 991 spargi
1063 893 1184 989 possit,

199 1007 316 1082 medio
339 1025 429 1095 opns
442 1011 521 1089 test,
546 1024 610 1093 per
630 1001 726 1095 quod
745 999 1005 1073 transmittatur
1019 1000 1064 1069 ad
1080 1019 1184 1087 orga-

199 1131 299 1181 num.
350 1102 462 1178 Nobis
483 1103 592 1194 igitur
612 1101 771 1172 medium
794 1114 846 1172 est
866 1124 937 1173 aer.
986 1099 1104 1171 Pisces
1120 1095 1184 1190 per

198 1230 326 1302 aquam
342 1208 470 1277 odores
484 1203 693 1297 percipiunt.
744 1201 836 1272 Nam
852 1202 915 1272 alii
931 1202 1010 1273 aliis
1024 1200 1111 1271 escis
1124 1222 1184 1269 ca-

180 1302 357 1402 ·pluntur.
414 1303 464 1379 Et
491 1307 661 1400 polypum
688 1303 789 1376 aiunt
808 1303 924 1394 fugari
951 1326 1094 1389 asaro,
1126 1300 1184 1372 cni

195 1406 384 1494 adhaeret,
411 1408 559 1498 origano
577 1406 683 1481 illito.

426 1621 526 1714 Quid
541 1609 608 1698 xeat
629 1643 762 1696 sensus
785 1618 953 1695 Gustus?

298 1775 365 1854 Eo
378 1800 501 1853 sensus
519 1777 561 1848 in
575 1775 696 1868 lingua
717 1786 752 1846 at
767 1773 886 1866 palato
908 1771 1107 1866 percipiens
1127 1792 1184 1842 sa-

196 1904 310 1978 potes.

487 2093 589 2184 osted
609 2102 667 2168 est
688 2089 898 2167 ottectmot

300 2244 436 2337 Sapor,
462 2240 525 2335 qni
540 2251 591 2311 est
606 2237 757 2333 qualitas
771 2237 812 2307 in
827 2258 942 2324 succo,
970 2237 1010 2305 in
1026 2259 1097 2330 quo
1113 2231 1184 2307 hn-

199 2347 341 2422 miditas
355 2344 467 2417 vincit
476 2341 668 2413 siccitatem
683 2350 895 2423 terrestrem,
918 2338 1033 2408 calore
1047 2351 1184 2408 utram·

195 2474 267 2546 que
289 2449 483 2539 digerente.
534 2439 619 2513 Dixi
640 2439 734 2509 enim
758 2460 882 2531 snpra,
909 2438 946 2507 iu
969 2461 1093 2530 sapore
1117 2441 1184 2508 do-

196 2551 329 2622 minari
358 2543 622 2618 humiditatem.
681 2538 802 2630 Quare
831 2533 1101 2630 Theophrastus
1133 2540 1183 2609 sic

198 2649 360 2724 definivit
375 2667 553 2740 saporem:
577 2641 692 2733 Sapor
708 2657 758 2713 est
773 2640 884 2733 partis
901 2640 1012 2711 siccae
1021 2642 1182 2733 percola-

197 2753 250 2826 tio
264 2776 328 2845 per
342 2746 528 2819 humorem
542 2769 562 2816 a
577 2745 694 2815 calore
709 2742 811 2813 facta.

301 2850 431 2923 Graeci
447 2871 527 2920 cnm
537 2846 715 2917 obiectum
724 2856 845 2934 gustus
860 2842 1057 2930 nominant,
1072 2856 1183 2915 utun·

199 2971 259 3029 tur
282 2951 522 3046 adpellatione
537 2939 678 3042 χυμὸς,
711 2968 818 3040 quam
837 2968 960 3016 vocem
983 2945 1183 3037 promiscue

197 3069 372 3148 usurpant
388 3076 453 3146 pro
479 3072 604 3142 sapore
630 3061 665 3118 et
687 3070 752 3137 pro
777 3041 935 3120 humore.
988 3046 1099 3116 alind
1115 3070 1182 3116 no-

198 3182 282 3229 men
296 3171 349 3229 est
358 3149 483 3247 χυλὸς,
498 3153 628 3243 liquor.
667 3144 715 3218 Et
728 3145 887 3218 Galenus
901 3147 1031 3239 inquit,
1047 3161 1183 3218 veteres

199 3261 355 3332 Graecos
370 3279 443 3325 non
453 3248 592 3344 χυλὸν,
620 3250 678 3318 sed
686 3242 813 3340 χυμὸν
828 3246 957 3318 dixisse
970 3272 1035 3338 pro
1051 3242 1184 3320 humo·

198 3384 256 3445 re,
280 3379 404 3450 sapore
424 3367 458 3424 et
474 3353 625 3447 liquore.

300 3457 476 3549 Saporum
496 3451 628 3545 species
650 3449 756 3520 aliter
772 3451 817 3520 ab
839 3448 920 3519 aliis
934 3463 1183 3535 numerantur,

199 3575 233 3632 et
255 3557 415 3629 Galenus
437 3555 574 3648 inquit,
605 3551 796 3623 difficulter
816 3573 873 3621 eas
893 3550 1045 3620 discerni
1070 3574 1183 3644 posse.

198 3658 407 3732 Aristoteles
427 3670 463 3729 et
485 3648 754 3747 Theophrastus
776 3663 961 3722 recensent
983 3665 1063 3725 octo
1078 3653 1183 3724 diffe-

150 3769 153 3773 ’
199 3763 348 3835 rentias:

403 3857 547 3944 Dulcis,
640 3849 791 3954 γλυκὺς.

401 3960 568 4050 Pinguis,
642 3953 802 4053 λιπαρὸς.

406 4061 596 4145 Austerns,
645 4051 838 4153 αὐστηρὸς.

401 4158 580 4248 Acerbus‚
643 4153 843 4285 στρυφνὸς.

402 4262 531 4349 Acris,
640 4255 786 4353 ὸριμυς.

400 4368 576 4450 Amaras,
638 4356 780 4456 πικρὸς.

399 4465 552 4553 Αείὸυε,
633 4456 730 4544 ὀξὺς.

402 4567 543 4653 Salsns,
632 4556 811 4659 ἁλμυρὸς.

296 4668 373 4740 llas
396 4668 651 4761 adpellationes
674 4667 819 4756 prodest
841 4665 957 4735 notas'
971 4684 1064 4743 esse,
1096 4657 1181 4754 quia

202 4766 329 4862 passin
350 4771 476 4842 obviae
495 4783 578 4839 sunt
602 4769 640 4839 in
661 4764 960 4858 descriptionibus
975 4764 1181 4856 plantarum

438 259 648 350 SCRIPTA
672 261 751 342 ΡΗ.
777 256 895 337 Mat..
914 255 991 334 ‚AD
1013 248 1143 332 HIST.
1165 246 1311 333 PROF.
1335 248 1404 328 ut·
1429 248 1622 334 PHILOS.
1648 251 1972 338 senosanam.

2144 267 2221 345 tto

1336 421 1461 496 Dulcis
1481 447 1587 518 sapor
1606 439 1675 515 est,
1699 428 1740 499 in
1759 455 1830 525 quo
1844 432 2012 504 exuberat
2033 437 2135 506 aiirea
2150 431 2223 508 hu·

1234 525 1378 597 miditas
1408 526 1448 595 in
1473 526 1537 612 iis,
1570 551 1661 621 qnae
1691 545 1775 603 sunt
1797 544 1990 625 temperate
2017 536 2154 618 calida,
2187 551 2223 610 et

1235 651 1359 722 queam
1397 650 1477 711 eum
1504 641 1654 700 naturae
1682 633 1865 723 sanguinis
1894 636 2007 708 nostri
2037 651 2072 710 et
2103 641 2222 710 carnis

1233 726 1394 821 proxime
1413 741 1603 818 congruat,
1636 730 1758 822 lingua
1782 734 1886 805 avide
1914 737 2062 831 excipit,
2097 763 2138 810 ac
2155 765 2222 811 vo·

1234 829 1370 922 luptate
1387 852 1428 900 ac
1442 830 1651 901 dilatatione
1665 833 1839 922 adficitur,
1864 860 1906 908 eo
1921 838 2043 909 fruens
2054 864 2129 911 non
2146 841 2221 911 lae·

1234 931 1351 1016 ditur,
1376 953 1451 1000 non
1472 932 1692 1005 exulceratur
1722 937 1767 1006 ab
1787 959 1850 1022 eo,
1881 961 1946 1010 nec
1975 941 2105 1030 refugit
2128 965 2223 1030 eum,

1234 1044 1275 1102 ut
1296 1054 1416 1101 amara
1436 1054 1499 1102 seu
1520 1031 1625 1108 arria.
1676 1031 1805 1109 Dulcia
1818 1051 1902 1108 sunt
1916 1038 2008 1125 Lac,
2034 1040 2128 1128 Mel,
2154 1041 2222 1111 Vi·

1234 1156 1333 1227 num.
1384 1127 1438 1202 Ac
1465 1133 1586 1222 regula
1611 1147 1697 1206 nota
1726 1137 1789 1218 sit,
1815 1140 2073 1215 nutrimentum
2101 1139 2221 1214 borni·

1234 1233 1292 1303 nis
1320 1245 1484 1326 oportere
1513 1257 1587 1303 esse
1615 1235 1736 1321 dulce,
1775 1252 1837 1310 aut
1866 1241 1963 1312 dulci
1992 1244 2220 1324 permixtum.

1234 1333 1325 1404 Nam
1349 1334 1466 1404 dulcia
1486 1347 1645 1424 ungunt,
1671 1336 1823 1429 implent
1846 1355 1880 1413 et
1897 1344 2088 1415 restituunt
2102 1368 2220 1416 erosas

1234 1434 1438 1527 particulas.
1486 1433 1558 1506 Sed
1578 1436 1759 1508 interdum
1781 1442 1993 1514 excellenter
2016 1445 2135 1516 dulcia
2150 1469 2218 1516 no·

1235 1549 1334 1622 cent,
1359 1535 1539 1629 quiscum
1555 1536 1873 1612 sintvaldecalida
1890 1556 1925 1615 et
1940 1550 2062 1631 ae'rea,
2086 1546 2157 1617 cito
2178 1546 2218 1617 in

1234 1636 1375 1727 igneam
1390 1637 1560 1707 'naturam
1583 1653 1788 1722 vertuntur,
1819 1656 1859 1714 ut
1879 1642 1956 1714 Mel
1978 1660 2011 1717 et
2026 1645 2218 1718 Saecarum

1235 1734 1419 1808 celerrime
1450 1751 1639 1810 vertuntur
1670 1741 1710 1810 in
1739 1743 1885 1815 rubram
1911 1747 2033 1822 bilem.
2096 1746 2218 1838 Quare

1235 1838 1375 1910 avidius
1389 1837 1444 1908 usi
1459 1860 1600 1910 saccaro
1613 1862 1716 1933 saepe
1730 1845 1926 1935 periculose
1939 1848 2219 1925 inflammantur.

1235 1940 1294 2009 Ad
1333 1934 1418 2010 haec
1458 1940 1579 2010 dulces
1616 1942 1688 2011 cibi
1721 1945 2014 2037 intemperantius
2047 1950 2216 2020 eduntur.

1235 2038 1320 2111 ldeo
1341 2053 1487 2132 propter
1513 2035 1675 2112 humoris
1699 2046 1837 2136 copiam
1872 2061 2070 2142 sequuntur
2096 2064 2219 2142 putre·

1233 2141 1417 2214 sactiones.

1336 2240 1484 2332 Pinguis
1507 2266 1611 2335 sapor
1632 2244 1772 2316 vicinus
1800 2259 1852 2318 est
1873 2249 1981 2326 dulci.
2031 2247 2097 2322 Est
2120 2252 2217 2321 enim

1234 2342 1273 2412 in
1296 2342 1436 2437 liquore
1457 2344 1573 2429 dulci,
1606 2344 1737 2440 inquo
1763 2361 1879 2419 tamen
1898 2355 1999 2420 aerea
2023 2345 2218 2423 humlditas

1233 2466 1352 2536 sparsa
1374 2458 1427 2515 est
1442 2443 1482 2512 in
1503 2468 1542 2514 re
1557 2446 1676 2516 minus
1693 2449 1854 2519 tenuium
1871 2451 2044 2541 partium,
2071 2465 2106 2523 et
2121 2454 2218 2523 calor

1233 2545 1388 2615 debilior
1412 2561 1485 2629 est,
1509 2558 1549 2616 ut
1570 2545 1610 2614 in
1626 2541 1738 2633 Oleo,
1759 2545 1916 2643 Butyro,
1940 2549 2068 2626 Carne.
2120 2551 2219 2623 llaec

1234 2668 1376 2738 quoqne
1388 2645 1418 2714 si
1438 2644 1510 2716 sint
1526 2647 1736 2733 mediocria,
1760 2666 1911 2741 prosunt
1927 2653 1966 2721 in
1984 2654 2217 2729 nutrimento.

1233 2745 1305 2818 Sed
1321 2746 1428 2816 nimis
1443 2746 1587 2837 pinguia
1603 2762 1751 2831 nocent,
1774 2751 1858 2843 quia
1876 2754 1990 2824 solent
2011 2769 2218 2846 supernata-

1234 2870 1284 2932 re,
1310 2860 1344 2918 ει
1359 2848 1532 2939 impedire
1548 2849 1756 2936 coctionem,
1782 2865 1815 2923 et
1825 2854 2060 2944 oppilationes
2070 2856 2219 2927 efficere.
2244 2943 2252 2953 .

1234 2946 1352 3039 Vulgo
1368 2943 1465 3020 hunc
1477 2971 1636 3041 saporem
1651 2951 1837 3024 nominant
1852 2969 2079 3031 unctuosum.

1334 3047 1407 3120 Nec
1429 3050 1592 3121 discerno
1614 3074 1634 3120 a
1662 3051 1759 3122 dulci
1781 3076 1923 3123 suavem
1947 3059 2114 3142 odorem,
2145 3057 2218 3126 nisi

1232 3151 1413 3238 gradibus.
1464 3146 1554 3220 Gurn
1583 3151 1678 3221 enim
1702 3154 1852 3225 dulcedo
1875 3157 2065 3227 mediocris
2084 3170 2157 3241 est,
2184 3171 2220 3228 et

1232 3263 1326 3322 recte
1348 3263 1559 3342 temperata,
1592 3253 1631 3320 lit
1658 3254 1787 3328 suavis.
1845 3253 1894 3327 Ut
1918 3281 2044 3328 manus
2060 3282 2140 3328 cum
2158 3259 2220 3327 in·

1233 3352 1363 3422 seritur
1391 3375 1503 3445 aquae
1531 3351 1756 3423 mediocriter
1783 3354 1936 3442 calidae,
1968 3358 2131 3428 adiicitur
2152 3385 2219 3429 vo·

1233 3452 1386 3544 luptate,
1407 3453 1456 3522 ita
1473 3453 1700 3524 mediocriter
1714 3455 1852 3543 dulcia,
1877 3458 1960 3551 quia
1978 3456 2062 3529 sum¹
2081 3472 2220 3551 tempe-

1232 3567 1309 3624 rate
1324 3553 1449 3638 calida,
1475 3567 1597 3624 etcum
1613 3556 1794 3642 sanguinis
1808 3571 1843 3628 et
1858 3559 1974 3630 carnis
1990 3575 2118 3632 natura
2129 3583 2219 3629 eon·

1233 3668 1383 3745 gruunt,
1407 3654 1565 3725 elficiunt
1586 3657 1786 3730 suavitates.

1332 3753 1484 3846 Sapores
1498 3755 1668 3826 contrarii
1680 3768 1765 3827 sunt
1786 3757 1902 3843 dulci,
1926 3759 2051 3849 pingui
2076 3772 2112 3829 et
2134 3781 2219 3831 sua-

1233 3854 1288 3941 vi,
1328 3877 1489 3937 amarus,
1530 3857 1638 3939 acris,
1678 3856 1819 3942 acidus,
1860 3862 2024 3945 acerbus,
2056 3872 2219 3932 austerus

1234 3971 1269 4028 et
1286 3955 1407 4030 salsus.
1459 3953 1509 4026 Hi
1531 3979 1613 4026 vere
1638 3956 1827 4042 differunt,
1859 3971 1901 4030 nt
1922 3962 2080 4053 exempla
2104 3976 2139 4035 et
2164 3964 2219 4031 el-

1232 4057 1401 4129 lectiones
1414 4058 1624 4143 ostendunt,
1649 4057 1785 4130 etiamsi
1801 4059 1956 4151 imperiti
1971 4084 2045 4131 non
2059 4062 2143 4134 satis
2160 4064 2219 4130 di-

1233 4158 1393 4230 iudicant
1417 4153 1480 4228 has
1511 4158 1740 4233 differentias.
1793 4157 1916 4230 Genus
1951 4161 1997 4232 sit
2026 4184 2218 4233 commune

1232 4259 1413 4344 omnium,
1445 4259 1542 4331 dulci
1568 4259 1765 4331 contrarios
1788 4284 1880 4345 esse,
1913 4275 1948 4331 et
1973 4261 2217 4333 astrictionem

1234 4361 1388 4440 efficere,
1421 4384 1511 4454 quae
1533 4360 1621 4431 alias
1644 4361 1776 4451 magis,
1808 4361 1896 4433 olias
1921 4361 2039 4432 minus
2062 4363 2217 4436 offendit

1232 4486 1295 4533 seu
1309 4475 1490 4553 exasperat
1506 4461 1675 4551 linguam.

1334 4559 1508 4650 Amanus,
1532 4557 1678 4659 πικρὸς,
1704 4584 1810 4654 sapor
1825 4575 1896 4646 est,
1927 4564 1989 4657 qui
2006 4564 2154 4655 detergit
2181 4581 2216 4636 et

1231 4665 1370 4736 mordet
1385 4664 1562 4755 lingnam,
1587 4678 1708 4757 estque
1720 4663 1761 4732 in
1778 4677 1902 4734 natura
1919 4664 2076 4735 terrestri
2090 4689 2219 4754 crassa,

1231 4764 1355 4860 inqua
1372 4768 1546 4838 excedunt
1566 4766 1663 4836 calor
1686 4779 1721 4835 et
1740 4765 1895 4851 siccitas,
1917 4766 2011 4839 utin
2026 4762 2123 4851 Bile‚
2148 4763 2217 4836 Ni-

202 4886 238 4945 et
253 4870 442 4964 liquorum.
492 4866 541 4940 Et
560 4869 795 4939 consideratio
810 4861 937 4936 harum
960 4862 1180 4936 differentia-
1230 4878 1309 4954 tro,
1331 4865 1541 4954 Marmbio,
1564 4860 1780 4960 Absynthio.

201 4994 282 5042 rum
320 4974 477 5048 continet
505 4971 661 5042 eruditas
696 4966 980 5061 disputationes,
1014 4965 1180 5060 qualibus

1330 4966 1455 5054 Acris,
1484 4961 1637 5064 ὸριμὸς,
1667 4989 1741 5035 nou
1764 4968 1882 5037 solum
1903 4968 2043 5036 mordet
2064 4990 2104 5036 ac
2118 4970 2217 5042 rodit

199 5076 484 5163 temperamentis
504 5071 569 5167 qui
591 5094 732 5162 sapores
746 5073 947 5161 gignantur.
999 5066 1105 5138 Acria
1120 5087 1179 5136 ca-
1229 5068 1406 5160 linguam,
1433 5071 1492 5139 sed
1516 5070 1621 5140 etiam
1640 5066 1730 5151 urit,
1754 5081 1933 5158 penetrat,
1960 5078 1996 5137 et
2012 5067 2117 5139 valde
2140 5071 2218 5142 dis-

198 5173 276 5246 lida
290 5187 390 5259 sunt,
411 5191 452 5249 ut
463 5174 588 5265 Piper,
615 5171 765 5246 Allium.
814 5170 953 5242 Acerba
966 5168 1116 5259 frigida,
1139 5179 1180 5238 ut
1229 5171 1352 5253 solvit,
1377 5183 1417 5241 ut
1441 5173 1573 5240 ferrum
1591 5167 1755 5258 ignitum.
1805 5165 1941 5262 Estque
1961 5165 2000 5237 in
2018 5182 2143 5239 natura
2161 5185 2217 5240 te·

196 5399 258 5448 ves
269 5374 532 5469 descriptiones.

56 5274 61 5281 ’
197 5275 335 5347 fruetus
351 5270 556 5362 Glandinm‚
578 5271 779 5348 Castaneas.
813 5269 956 5343 Addam
971 5271 1080 5364 igitur
1095 5269 1178 5340 bre·
1229 5272 1313 5356 nui,
1347 5272 1385 5340 in
1417 5295 1487 5363 qua
1517 5271 1688 5341 excedunt
1715 5269 1874 5340 caliditas
1901 5282 1935 5339 et
1966 5269 2113 5341 siccitas.
2166 5267 2216 5344 Et

1229 5374 1322 5443 acria
1354 5384 1521 5465 superant
1550 5371 1666 5444 calore
1695 5392 1752 5442 res
1773 5393 1921 5444 amaras.
1971 5369 2066 5443 Sunt
2093 5385 2216 5443 autem
