<?xml version="1.0" encoding="UTF-8"?>
<!DOCTYPE html PUBLIC "-//W3C//DTD XHTML 1.0 Transitional//EN"
    "http://www.w3.org/TR/xhtml1/DTD/xhtml1-transitional.dtd">
<html xmlns="http://www.w3.org/1999/xhtml" xml:lang="en" lang="en">
 <head>
  <title>
</title>
<meta http-equiv="Content-Type" content="text/html;charset=utf-8" />
  <meta name='ocr-system' content='tesseract 3.04.00' />
  <meta name='ocr-capabilities' content='ocr_page ocr_carea ocr_par ocr_line ocrx_word'/>
</head>
<body>
  <div class='ocr_page' id='page_1' title='image "./corpusreformato11melagoog_0243.png"; bbox 0 0 4538 5754; ppageno 0'>
   <div class='ocr_carea' id='block_1_1' title="bbox 118 166 2149 309">
    <p class='ocr_par' dir='ltr' id='par_1_1' title="bbox 118 166 2149 309">
     <span class='ocr_line' id='line_1_1' title="bbox 118 166 2149 309; baseline 0.002 -15"><span class='ocrx_word' id='word_1_1' title='bbox 118 216 195 309; x_wconf 60' lang='grc' dir='ltr'><strong>«ω</strong></span> <span class='ocrx_word' id='word_1_2' title='bbox 321 214 532 295; x_wconf 67' lang='lat' dir='ltr'><strong>scatere</strong></span> <span class='ocrx_word' id='word_1_3' title='bbox 556 215 634 290; x_wconf 82' lang='lat' dir='ltr'><strong>ru</strong></span> <span class='ocrx_word' id='word_1_4' title='bbox 659 213 776 293; x_wconf 81' lang='lat' dir='ltr'><strong>um.</strong></span> <span class='ocrx_word' id='word_1_5' title='bbox 804 213 874 293; x_wconf 83' lang='lat' dir='ltr'><strong>au</strong></span> <span class='ocrx_word' id='word_1_6' title='bbox 897 212 1027 293; x_wconf 84' lang='lat' dir='ltr'><strong>aur.</strong></span> <span class='ocrx_word' id='word_1_7' title='bbox 1050 211 1197 296; x_wconf 81' lang='lat' dir='ltr'><strong>eaor.</strong></span> <span class='ocrx_word' id='word_1_8' title='bbox 1225 212 1294 291; x_wconf 84' lang='lat' dir='ltr'><strong>ur</strong></span> <span class='ocrx_word' id='word_1_9' title='bbox 1318 213 1511 297; x_wconf 78' lang='lat' dir='ltr'><strong>runos.</strong></span> <span class='ocrx_word' id='word_1_10' title='bbox 1536 213 1858 294; x_wconf 72' lang='lat' dir='ltr'><strong>secernant.</strong></span> <span class='ocrx_word' id='word_1_11' title='bbox 2022 264 2023 268; x_wconf 16' lang='grc' dir='ltr'><strong><em>κ</em></strong></span> <span class='ocrx_word' id='word_1_12' title='bbox 2073 166 2149 301; x_wconf 66' lang='grc' dir='ltr'><strong>ιέο</strong></span> 
     </span>
    </p>
   </div>
   <div class='ocr_carea' id='block_1_2' title="bbox 118 376 2155 586">
    <p class='ocr_par' dir='ltr' id='par_1_2' title="bbox 118 376 2155 586">
     <span class='ocr_line' id='line_1_2' title="bbox 118 376 2155 498; baseline 0 -34"><span class='ocrx_word' id='word_1_13' title='bbox 118 414 210 487; x_wconf 89' lang='lat' dir='ltr'><strong>quae</strong></span> <span class='ocrx_word' id='word_1_14' title='bbox 226 389 299 461; x_wconf 89' lang='lat' dir='ltr'><strong>vim</strong></span> <span class='ocrx_word' id='word_1_15' title='bbox 315 391 429 460; x_wconf 89' lang='lat' dir='ltr'><strong>oculis</strong></span> <span class='ocrx_word' id='word_1_16' title='bbox 442 392 549 483; x_wconf 80' lang='lat' dir='ltr'><strong>&#39;atque</strong></span> <span class='ocrx_word' id='word_1_17' title='bbox 562 390 682 461; x_wconf 89' lang='lat' dir='ltr'><strong>animo</strong></span> <span class='ocrx_word' id='word_1_18' title='bbox 699 389 822 472; x_wconf 83' lang='lat' dir='ltr'><strong>affert,</strong></span> <span class='ocrx_word' id='word_1_19' title='bbox 847 401 888 460; x_wconf 91' lang='lat' dir='ltr'><strong>ut</strong></span> <span class='ocrx_word' id='word_1_20' title='bbox 911 389 1008 482; x_wconf 84' lang='lat' dir='ltr'><strong>apud</strong></span> <span class='ocrx_word' id='word_1_21' title='bbox 1022 384 1109 457; x_wconf 83' lang='lat' dir='ltr'><strong>Vir·</strong></span> <span class='ocrx_word' id='word_1_22' title='bbox 1153 411 1234 498; x_wconf 81' lang='lat' dir='ltr'><strong>rucq</strong></span> <span class='ocrx_word' id='word_1_23' title='bbox 1249 376 1486 473; x_wconf 88' lang='lat' dir='ltr'><strong>orationihus,</strong></span> <span class='ocrx_word' id='word_1_24' title='bbox 1498 385 1694 484; x_wconf 68' lang='grc' dir='ltr'><strong><em>οἰκονομία</em></strong></span> <span class='ocrx_word' id='word_1_25' title='bbox 1707 393 1967 464; x_wconf 88' lang='lat' dir='ltr'><strong>consideranda</strong></span> <span class='ocrx_word' id='word_1_26' title='bbox 1985 406 2054 480; x_wconf 90' lang='lat' dir='ltr'><strong>est,</strong></span> <span class='ocrx_word' id='word_1_27' title='bbox 2078 418 2155 464; x_wconf 84' lang='lat' dir='ltr'><strong>non</strong></span> 
     </span>
     <span class='ocr_line' id='line_1_3' title="bbox 118 489 2152 586; baseline 0.001 -24"><span class='ocrx_word' id='word_1_28' title='bbox 118 493 246 584; x_wconf 83' lang='lat' dir='ltr'><strong>gilium</strong></span> <span class='ocrx_word' id='word_1_29' title='bbox 266 494 312 564; x_wconf 91' lang='lat' dir='ltr'><strong>de</strong></span> <span class='ocrx_word' id='word_1_30' title='bbox 326 489 520 564; x_wconf 73' lang='lat' dir='ltr'><strong>Mezentio.</strong></span> <span class='ocrx_word' id='word_1_31' title='bbox 576 490 724 563; x_wconf 85' lang='lat' dir='ltr'><strong>Mortua</strong></span> <span class='ocrx_word' id='word_1_32' title='bbox 746 490 944 584; x_wconf 74' lang='lat' dir='ltr'><strong>quinetiam</strong></span> <span class='ocrx_word' id='word_1_33' title='bbox 966 490 1111 580; x_wconf 87' lang='lat' dir='ltr'><strong>lugebat</strong></span> <span class='ocrx_word' id='word_1_34' title='bbox 1155 492 1271 561; x_wconf 88' lang='lat' dir='ltr'><strong>solum</strong></span> <span class='ocrx_word' id='word_1_35' title='bbox 1292 503 1334 562; x_wconf 90' lang='lat' dir='ltr'><strong>ut</strong></span> <span class='ocrx_word' id='word_1_36' title='bbox 1354 490 1472 562; x_wconf 87' lang='lat' dir='ltr'><strong>aliena</strong></span> <span class='ocrx_word' id='word_1_37' title='bbox 1492 492 1622 583; x_wconf 89' lang='lat' dir='ltr'><strong>scripta</strong></span> <span class='ocrx_word' id='word_1_38' title='bbox 1647 495 1778 565; x_wconf 90' lang='lat' dir='ltr'><strong>rectius</strong></span> <span class='ocrx_word' id='word_1_39' title='bbox 1793 496 2066 586; x_wconf 86' lang='lat' dir='ltr'><strong>intelligamus,</strong></span> <span class='ocrx_word' id='word_1_40' title='bbox 2090 498 2152 565; x_wconf 87' lang='lat' dir='ltr'><strong>sed</strong></span> 
     </span>
    </p>
   </div>
   <div class='ocr_carea' id='block_1_3' title="bbox 119 587 2150 1494">
    <p class='ocr_par' dir='ltr' id='par_1_3' title="bbox 119 587 2150 992">
     <span class='ocr_line' id='line_1_4' title="bbox 119 587 2150 686; baseline 0.002 -21"><span class='ocrx_word' id='word_1_41' title='bbox 119 616 268 686; x_wconf 88' lang='lat' dir='ltr'><strong>corpora</strong></span> <span class='ocrx_word' id='word_1_42' title='bbox 283 592 386 666; x_wconf 91' lang='lat' dir='ltr'><strong>vivis.</strong></span> <span class='ocrx_word' id='word_1_43' title='bbox 438 588 487 664; x_wconf 81' lang='lat' dir='ltr'><strong>Et</strong></span> <span class='ocrx_word' id='word_1_44' title='bbox 502 587 571 663; x_wconf 89' lang='lat' dir='ltr'><strong>hoc</strong></span> <span class='ocrx_word' id='word_1_45' title='bbox 593 614 704 683; x_wconf 90' lang='lat' dir='ltr'><strong>genus</strong></span> <span class='ocrx_word' id='word_1_46' title='bbox 718 592 859 667; x_wconf 81' lang='lat' dir='ltr'><strong>infinita</strong></span> <span class='ocrx_word' id='word_1_47' title='bbox 873 593 1032 685; x_wconf 82' lang='lat' dir='ltr'><strong>exempla</strong></span> <span class='ocrx_word' id='word_1_48' title='bbox 1048 615 1108 662; x_wconf 88' lang='lat' dir='ltr'><strong>ex·</strong></span> <span class='ocrx_word' id='word_1_49' title='bbox 1155 605 1197 664; x_wconf 91' lang='lat' dir='ltr'><strong>ut</strong></span> <span class='ocrx_word' id='word_1_50' title='bbox 1211 615 1276 662; x_wconf 91' lang='lat' dir='ltr'><strong>nos</strong></span> <span class='ocrx_word' id='word_1_51' title='bbox 1290 616 1432 686; x_wconf 90' lang='lat' dir='ltr'><strong>quoque</strong></span> <span class='ocrx_word' id='word_1_52' title='bbox 1452 593 1773 665; x_wconf 67' lang='lat' dir='ltr'><strong>dboemm‘viaere</strong></span> <span class='ocrx_word' id='word_1_53' title='bbox 1795 597 1835 667; x_wconf 91' lang='lat' dir='ltr'><strong>in</strong></span> <span class='ocrx_word' id='word_1_54' title='bbox 1859 599 1992 671; x_wconf 88' lang='lat' dir='ltr'><strong>uostris</strong></span> <span class='ocrx_word' id='word_1_55' title='bbox 2019 597 2150 679; x_wconf 76' lang='lat' dir='ltr'><strong>musis,</strong></span> 
     </span>
     <span class='ocr_line' id='line_1_5' title="bbox 119 691 2150 792; baseline 0.001 -26"><span class='ocrx_word' id='word_1_56' title='bbox 119 709 198 768; x_wconf 88' lang='lat' dir='ltr'><strong>tant</strong></span> <span class='ocrx_word' id='word_1_57' title='bbox 224 696 319 788; x_wconf 84' lang='lat' dir='ltr'><strong>apud</strong></span> <span class='ocrx_word' id='word_1_58' title='bbox 337 693 465 766; x_wconf 82' lang='lat' dir='ltr'><strong>Poiitas</strong></span> <span class='ocrx_word' id='word_1_59' title='bbox 480 708 515 764; x_wconf 89' lang='lat' dir='ltr'><strong>et</strong></span> <span class='ocrx_word' id='word_1_60' title='bbox 531 691 745 767; x_wconf 79' lang='lat' dir='ltr'><strong>Historieos·</strong></span> <span class='ocrx_word' id='word_1_61' title='bbox 1157 694 1244 787; x_wconf 93' lang='lat' dir='ltr'><strong>quid</strong></span> <span class='ocrx_word' id='word_1_62' title='bbox 1260 719 1331 788; x_wconf 84' lang='lat' dir='ltr'><strong>quq</strong></span> <span class='ocrx_word' id='word_1_63' title='bbox 1345 694 1425 764; x_wconf 89' lang='lat' dir='ltr'><strong>loco</strong></span> <span class='ocrx_word' id='word_1_64' title='bbox 1443 694 1638 786; x_wconf 89' lang='lat' dir='ltr'><strong>plurimum</strong></span> <span class='ocrx_word' id='word_1_65' title='bbox 1661 697 1795 783; x_wconf 89' lang='lat' dir='ltr'><strong>valeat,</strong></span> <span class='ocrx_word' id='word_1_66' title='bbox 1821 723 1911 792; x_wconf 90' lang='lat' dir='ltr'><strong>quae</strong></span> <span class='ocrx_word' id='word_1_67' title='bbox 1935 701 2086 770; x_wconf 80' lang='lat' dir='ltr'>deceant</span> <span class='ocrx_word' id='word_1_68' title='bbox 2110 699 2150 768; x_wconf 91' lang='lat' dir='ltr'><strong>in</strong></span> 
     </span>
     <span class='ocr_line' id='line_1_6' title="bbox 560 795 2150 893; baseline 0.005 -32"><span class='ocrx_word' id='word_1_69' title='bbox 560 867 569 884; x_wconf 48' lang='lat'><strong>,</strong></span> <span class='ocrx_word' id='word_1_70' title='bbox 696 868 705 886; x_wconf 54' lang='grc'><strong>,</strong></span> <span class='ocrx_word' id='word_1_71' title='bbox 1158 795 1269 879; x_wconf 84' lang='lat' dir='ltr'><strong>aditu,</strong></span> <span class='ocrx_word' id='word_1_72' title='bbox 1286 819 1375 889; x_wconf 90' lang='lat' dir='ltr'><strong>quae</strong></span> <span class='ocrx_word' id='word_1_73' title='bbox 1390 817 1445 864; x_wconf 90' lang='lat' dir='ltr'><strong>res</strong></span> <span class='ocrx_word' id='word_1_74' title='bbox 1459 795 1557 868; x_wconf 85' lang='lat' dir='ltr'><strong>velut</strong></span> <span class='ocrx_word' id='word_1_75' title='bbox 1571 797 1611 865; x_wconf 91' lang='lat' dir='ltr'><strong>in</strong></span> <span class='ocrx_word' id='word_1_76' title='bbox 1626 797 1741 887; x_wconf 88' lang='lat' dir='ltr'><strong>prima</strong></span> <span class='ocrx_word' id='word_1_77' title='bbox 1756 800 1832 869; x_wconf 89' lang='lat' dir='ltr'><strong>acie</strong></span> <span class='ocrx_word' id='word_1_78' title='bbox 1849 801 2045 892; x_wconf 86' lang='lat' dir='ltr'><strong>plurimum</strong></span> <span class='ocrx_word' id='word_1_79' title='bbox 2062 824 2150 893; x_wconf 85' lang='lat' dir='ltr'><strong>pro·</strong></span> 
     </span>
     <span class='ocr_line' id='line_1_7' title="bbox 445 860 2149 992; baseline 0.01 -38"><span class='ocrx_word' id='word_1_80' title='bbox 445 864 505 934; x_wconf 63' lang='lat' dir='ltr'><strong>De</strong></span> <span class='ocrx_word' id='word_1_81' title='bbox 528 860 787 985; x_wconf 55' lang='grc' dir='ltr'><strong>(1111101111θηῦ</strong></span> <span class='ocrx_word' id='word_1_82' title='bbox 1157 895 1312 966; x_wconf 77' lang='lat' dir='ltr'><strong>secturae</strong></span> <span class='ocrx_word' id='word_1_83' title='bbox 1330 896 1537 982; x_wconf 87' lang='lat' dir='ltr'><strong>videantur,</strong></span> <span class='ocrx_word' id='word_1_84' title='bbox 1562 922 1653 992; x_wconf 90' lang='lat' dir='ltr'><strong>quae</strong></span> <span class='ocrx_word' id='word_1_85' title='bbox 1674 901 1826 971; x_wconf 90' lang='lat' dir='ltr'><strong>debeant</strong></span> <span class='ocrx_word' id='word_1_86' title='bbox 1846 903 1885 971; x_wconf 89' lang='lat' dir='ltr'><strong>in</strong></span> <span class='ocrx_word' id='word_1_87' title='bbox 1909 904 2015 971; x_wconf 92' lang='lat' dir='ltr'><strong>turba</strong></span> <span class='ocrx_word' id='word_1_88' title='bbox 2038 901 2149 972; x_wconf 87' lang='lat' dir='ltr'><strong>latere</strong></span> 
     </span>
    </p>

    <p class='ocr_par' dir='ltr' id='par_1_4' title="bbox 120 994 2148 1494">
     <span class='ocr_line' id='line_1_8' title="bbox 222 994 2147 1090; baseline 0.001 -19"><span class='ocrx_word' id='word_1_89' title='bbox 222 997 345 1072; x_wconf 91' lang='lat' dir='ltr'><strong>Cicero</strong></span> <span class='ocrx_word' id='word_1_90' title='bbox 361 997 498 1067; x_wconf 83' lang='lat' dir='ltr'><strong>nullam</strong></span> <span class='ocrx_word' id='word_1_91' title='bbox 514 1010 649 1087; x_wconf 87' lang='lat' dir='ltr'><strong>partem</strong></span> <span class='ocrx_word' id='word_1_92' title='bbox 673 996 798 1067; x_wconf 77' lang='lat' dir='ltr'><strong>scribit</strong></span> <span class='ocrx_word' id='word_1_93' title='bbox 823 995 902 1087; x_wconf 93' lang='lat' dir='ltr'><strong>plus</strong></span> <span class='ocrx_word' id='word_1_94' title='bbox 924 997 969 1065; x_wconf 85' lang='lat' dir='ltr'><strong>sd</strong></span> <span class='ocrx_word' id='word_1_95' title='bbox 994 994 1109 1068; x_wconf 92' lang='lat' dir='ltr'><strong>victo·</strong></span> <span class='ocrx_word' id='word_1_96' title='bbox 1159 1013 1318 1069; x_wconf 84' lang='lat' dir='ltr'><strong>noceant·</strong></span> <span class='ocrx_word' id='word_1_97' title='bbox 1369 994 1467 1067; x_wconf 88' lang='lat' dir='ltr'><strong>Haec</strong></span> <span class='ocrx_word' id='word_1_98' title='bbox 1481 1022 1556 1068; x_wconf 91' lang='lat' dir='ltr'><strong>non</strong></span> <span class='ocrx_word' id='word_1_99' title='bbox 1571 1001 1771 1090; x_wconf 87' lang='lat' dir='ltr'><strong>possuntin</strong></span> <span class='ocrx_word' id='word_1_100' title='bbox 1794 1019 1868 1075; x_wconf 85' lang='lat' dir='ltr'><strong>arte</strong></span> <span class='ocrx_word' id='word_1_101' title='bbox 1891 1004 2007 1087; x_wconf 90' lang='lat' dir='ltr'><strong>tradi,</strong></span> <span class='ocrx_word' id='word_1_102' title='bbox 2031 1003 2147 1073; x_wconf 86' lang='lat' dir='ltr'><strong>Nemo</strong></span> 
     </span>
     <span class='ocr_line' id='line_1_9' title="bbox 121 1094 2148 1195; baseline -0 -22"><span class='ocrx_word' id='word_1_103' title='bbox 121 1103 211 1173; x_wconf 85' lang='lat' dir='ltr'><strong>riam</strong></span> <span class='ocrx_word' id='word_1_104' title='bbox 229 1101 447 1184; x_wconf 81' lang='lat' dir='ltr'>conducere,</span> <span class='ocrx_word' id='word_1_105' title='bbox 471 1122 577 1192; x_wconf 85' lang='lat' dir='ltr'><strong>quarn</strong></span> <span class='ocrx_word' id='word_1_106' title='bbox 592 1097 874 1189; x_wconf 82' lang='lat' dir='ltr'><strong>dispositionem.</strong></span> <span class='ocrx_word' id='word_1_107' title='bbox 906 1094 996 1168; x_wconf 88' lang='lat' dir='ltr'><strong>Cum</strong></span> <span class='ocrx_word' id='word_1_108' title='bbox 1012 1098 1107 1166; x_wconf 90' lang='lat' dir='ltr'><strong>enirn</strong></span> <span class='ocrx_word' id='word_1_109' title='bbox 1159 1098 1254 1168; x_wconf 91' lang='lat' dir='ltr'><strong>enim</strong></span> <span class='ocrx_word' id='word_1_110' title='bbox 1270 1097 1390 1169; x_wconf 87' lang='lat' dir='ltr'><strong>omnia</strong></span> <span class='ocrx_word' id='word_1_111' title='bbox 1408 1112 1569 1191; x_wconf 90' lang='lat' dir='ltr'><strong>tempora</strong></span> <span class='ocrx_word' id='word_1_112' title='bbox 1584 1114 1690 1193; x_wconf 90' lang='lat' dir='ltr'><strong>atque</strong></span> <span class='ocrx_word' id='word_1_113' title='bbox 1708 1103 1850 1190; x_wconf 85' lang='lat' dir='ltr'><strong>negocia</strong></span> <span class='ocrx_word' id='word_1_114' title='bbox 1873 1105 2062 1194; x_wconf 86' lang='lat' dir='ltr'><strong>complecti</strong></span> <span class='ocrx_word' id='word_1_115' title='bbox 2085 1129 2148 1195; x_wconf 91' lang='lat' dir='ltr'><strong>po-</strong></span> 
     </span>
     <span class='ocr_line' id='line_1_10' title="bbox 120 1198 2148 1291; baseline 0 -17"><span class='ocrx_word' id='word_1_116' title='bbox 120 1204 273 1274; x_wconf 88' lang='lat' dir='ltr'><strong>maxima</strong></span> <span class='ocrx_word' id='word_1_117' title='bbox 299 1200 353 1269; x_wconf 92' lang='lat' dir='ltr'><strong>vis</strong></span> <span class='ocrx_word' id='word_1_118' title='bbox 375 1200 423 1271; x_wconf 88' lang='lat' dir='ltr'><strong>sit</strong></span> <span class='ocrx_word' id='word_1_119' title='bbox 448 1200 742 1291; x_wconf 86' lang='lat' dir='ltr'><strong>opportunitatis,</strong></span> <span class='ocrx_word' id='word_1_120' title='bbox 768 1199 964 1290; x_wconf 91' lang='lat' dir='ltr'><strong>plurimum</strong></span> <span class='ocrx_word' id='word_1_121' title='bbox 991 1198 1109 1278; x_wconf 79' lang='lat' dir='ltr'><strong>refert,</strong></span> <span class='ocrx_word' id='word_1_122' title='bbox 1159 1212 1238 1274; x_wconf 91' lang='lat' dir='ltr'><strong>test.</strong></span> <span class='ocrx_word' id='word_1_123' title='bbox 1289 1198 1360 1271; x_wconf 88' lang='lat' dir='ltr'><strong>Sed</strong></span> <span class='ocrx_word' id='word_1_124' title='bbox 1375 1201 1532 1291; x_wconf 89' lang='lat' dir='ltr'><strong>exempla</strong></span> <span class='ocrx_word' id='word_1_125' title='bbox 1546 1203 1739 1272; x_wconf 90' lang='lat' dir='ltr'><strong>admonere</strong></span> <span class='ocrx_word' id='word_1_126' title='bbox 1762 1219 1797 1276; x_wconf 91' lang='lat' dir='ltr'><strong>et</strong></span> <span class='ocrx_word' id='word_1_127' title='bbox 1820 1229 1945 1275; x_wconf 83' lang='lat' dir='ltr'><strong>acuere</strong></span> <span class='ocrx_word' id='word_1_128' title='bbox 1967 1205 2148 1276; x_wconf 87' lang='lat' dir='ltr'><strong>studiosos</strong></span> 
     </span>
     <span class='ocr_line' id='line_1_11' title="bbox 122 1297 2148 1400; baseline 0 -24"><span class='ocrx_word' id='word_1_129' title='bbox 122 1329 194 1400; x_wconf 90' lang='lat' dir='ltr'><strong>quo</strong></span> <span class='ocrx_word' id='word_1_130' title='bbox 210 1304 290 1374; x_wconf 92' lang='lat' dir='ltr'><strong>loco</strong></span> <span class='ocrx_word' id='word_1_131' title='bbox 307 1299 446 1390; x_wconf 90' lang='lat' dir='ltr'><strong>singula</strong></span> <span class='ocrx_word' id='word_1_132' title='bbox 460 1300 638 1375; x_wconf 91' lang='lat' dir='ltr'><strong>dicantur.</strong></span> <span class='ocrx_word' id='word_1_133' title='bbox 676 1297 770 1370; x_wconf 93' lang='lat' dir='ltr'><strong>lllud</strong></span> <span class='ocrx_word' id='word_1_134' title='bbox 786 1313 878 1370; x_wconf 91' lang='lat' dir='ltr'><strong>certe</strong></span> <span class='ocrx_word' id='word_1_135' title='bbox 895 1313 1109 1373; x_wconf 85' lang='lat' dir='ltr'><strong>constater·</strong></span> <span class='ocrx_word' id='word_1_136' title='bbox 1161 1313 1325 1392; x_wconf 88' lang='lat' dir='ltr'><strong>possunt,</strong></span> <span class='ocrx_word' id='word_1_137' title='bbox 1358 1314 1399 1373; x_wconf 92' lang='lat' dir='ltr'><strong>ut</strong></span> <span class='ocrx_word' id='word_1_138' title='bbox 1432 1301 1519 1394; x_wconf 94' lang='lat' dir='ltr'><strong>quid</strong></span> <span class='ocrx_word' id='word_1_139' title='bbox 1547 1303 1667 1372; x_wconf 88' lang='lat' dir='ltr'><strong>deceat</strong></span> <span class='ocrx_word' id='word_1_140' title='bbox 1696 1304 1908 1392; x_wconf 76' lang='lat' dir='ltr'><strong>observent,</strong></span> <span class='ocrx_word' id='word_1_141' title='bbox 1939 1319 1974 1375; x_wconf 91' lang='lat' dir='ltr'><strong>et</strong></span> <span class='ocrx_word' id='word_1_142' title='bbox 1997 1331 2078 1376; x_wconf 89' lang='lat' dir='ltr'><strong>cum</strong></span> <span class='ocrx_word' id='word_1_143' title='bbox 2103 1311 2148 1375; x_wconf 90' lang='lat' dir='ltr'><strong>ad</strong></span> 
     </span>
     <span class='ocr_line' id='line_1_12' title="bbox 122 1400 2148 1494; baseline 0.002 -20"><span class='ocrx_word' id='word_1_144' title='bbox 122 1407 244 1475; x_wconf 86' lang='lat' dir='ltr'><strong>dinem</strong></span> <span class='ocrx_word' id='word_1_145' title='bbox 270 1402 443 1474; x_wconf 88' lang='lat' dir='ltr'><strong>orationis</strong></span> <span class='ocrx_word' id='word_1_146' title='bbox 465 1404 508 1471; x_wconf 89' lang='lat' dir='ltr'><strong>ad</strong></span> <span class='ocrx_word' id='word_1_147' title='bbox 530 1425 649 1472; x_wconf 87' lang='lat' dir='ltr'><strong>rerum</strong></span> <span class='ocrx_word' id='word_1_148' title='bbox 677 1401 964 1494; x_wconf 70' lang='lat' dir='ltr'><strong>perspicuitatem</strong></span> <span class='ocrx_word' id='word_1_149' title='bbox 994 1400 1109 1493; x_wconf 90' lang='lat' dir='ltr'><strong>pluri·</strong></span> <span class='ocrx_word' id='word_1_150' title='bbox 1160 1425 1280 1471; x_wconf 85' lang='lat' dir='ltr'><strong>causas</strong></span> <span class='ocrx_word' id='word_1_151' title='bbox 1295 1402 1523 1487; x_wconf 87' lang='lat' dir='ltr'><strong>accesserint,</strong></span> <span class='ocrx_word' id='word_1_152' title='bbox 1549 1427 1585 1472; x_wconf 94' lang='lat' dir='ltr'><strong>se</strong></span> <span class='ocrx_word' id='word_1_153' title='bbox 1601 1404 1670 1492; x_wconf 90' lang='lat' dir='ltr'><strong>ipsi</strong></span> <span class='ocrx_word' id='word_1_154' title='bbox 1685 1408 1890 1490; x_wconf 86' lang='lat' dir='ltr'><strong>consulant,</strong></span> <span class='ocrx_word' id='word_1_155' title='bbox 1915 1430 1996 1475; x_wconf 92' lang='lat' dir='ltr'><strong>cum</strong></span> <span class='ocrx_word' id='word_1_156' title='bbox 2018 1411 2064 1478; x_wconf 92' lang='lat' dir='ltr'><strong>de</strong></span> <span class='ocrx_word' id='word_1_157' title='bbox 2087 1431 2148 1477; x_wconf 90' lang='lat' dir='ltr'><strong>or·</strong></span> 
     </span>
    </p>
   </div>
   <div class='ocr_carea' id='block_1_4' title="bbox 1 1501 2146 1594">
    <p class='ocr_par' dir='ltr' id='par_1_5' title="bbox 1 1501 2146 1602">
     <span class='ocr_line' id='line_1_13' title="bbox 1 1501 2146 1594; baseline 0 -18"><span class='ocrx_word' id='word_1_158' title='bbox 1 1531 3 1547; x_wconf 77' lang='grc'><em>’</em></span> <span class='ocrx_word' id='word_1_159' title='bbox 122 1530 221 1577; x_wconf 89' lang='lat' dir='ltr'><strong>mum</strong></span> <span class='ocrx_word' id='word_1_160' title='bbox 238 1505 413 1578; x_wconf 80' lang='lat' dir='ltr'><strong>conferre.</strong></span> <span class='ocrx_word' id='word_1_161' title='bbox 447 1501 567 1593; x_wconf 88' lang='lat' dir='ltr'><strong>Quare</strong></span> <span class='ocrx_word' id='word_1_162' title='bbox 583 1517 617 1575; x_wconf 89' lang='lat' dir='ltr'><strong>et</strong></span> <span class='ocrx_word' id='word_1_163' title='bbox 632 1501 672 1571; x_wconf 92' lang='lat' dir='ltr'><strong>in</strong></span> <span class='ocrx_word' id='word_1_164' title='bbox 687 1502 845 1594; x_wconf 88' lang='lat' dir='ltr'><strong>legendis</strong></span> <span class='ocrx_word' id='word_1_165' title='bbox 860 1503 1012 1572; x_wconf 88' lang='lat' dir='ltr'><strong>aliorum</strong></span> <span class='ocrx_word' id='word_1_166' title='bbox 1027 1526 1109 1570; x_wconf 82' lang='lat' dir='ltr'><strong>ora·</strong></span> <span class='ocrx_word' id='word_1_167' title='bbox 1160 1504 1266 1588; x_wconf 89' lang='lat' dir='ltr'><strong>dine,</strong></span> <span class='ocrx_word' id='word_1_168' title='bbox 1290 1517 1367 1574; x_wconf 85' lang='lat' dir='ltr'><strong>turn</strong></span> <span class='ocrx_word' id='word_1_169' title='bbox 1385 1505 1430 1572; x_wconf 91' lang='lat' dir='ltr'><strong>de</strong></span> <span class='ocrx_word' id='word_1_170' title='bbox 1447 1502 1527 1573; x_wconf 87' lang='lat' dir='ltr'><strong>aliis</strong></span> <span class='ocrx_word' id='word_1_171' title='bbox 1542 1505 1665 1574; x_wconf 86' lang='lat' dir='ltr'><strong>multis</strong></span> <span class='ocrx_word' id='word_1_172' title='bbox 1680 1508 1795 1580; x_wconf 90' lang='lat' dir='ltr'><strong>rebus.</strong></span> <span class='ocrx_word' id='word_1_173' title='bbox 1845 1506 1962 1578; x_wconf 89' lang='lat' dir='ltr'><strong>Multa</strong></span> <span class='ocrx_word' id='word_1_174' title='bbox 1987 1510 2146 1577; x_wconf 88' lang='lat' dir='ltr'><strong>enimin</strong></span> 
     </span>
    </p>
   </div>
   <div class='ocr_carea' id='block_1_5' title="bbox 96 1602 2148 5446">
    <p class='ocr_par' dir='ltr' id='par_1_6' title="bbox 96 1602 2148 5446">
     <span class='ocr_line' id='line_1_14' title="bbox 122 1602 2148 1700; baseline 0 -21"><span class='ocrx_word' id='word_1_175' title='bbox 122 1607 283 1679; x_wconf 88' lang='lat' dir='ltr'><strong>tionibus</strong></span> <span class='ocrx_word' id='word_1_176' title='bbox 299 1629 512 1696; x_wconf 80' lang='lat' dir='ltr'><strong>magnopere</strong></span> <span class='ocrx_word' id='word_1_177' title='bbox 526 1606 671 1696; x_wconf 91' lang='lat' dir='ltr'><strong>prodest</strong></span> <span class='ocrx_word' id='word_1_178' title='bbox 691 1605 932 1688; x_wconf 85' lang='lat' dir='ltr'><strong>auditoribus,</strong></span> <span class='ocrx_word' id='word_1_179' title='bbox 957 1602 1110 1694; x_wconf 88' lang='lat' dir='ltr'><strong>disposi-</strong></span> <span class='ocrx_word' id='word_1_180' title='bbox 1159 1605 1328 1674; x_wconf 90' lang='lat' dir='ltr'><strong>omnibus</strong></span> <span class='ocrx_word' id='word_1_181' title='bbox 1350 1604 1639 1674; x_wconf 85' lang='lat' dir='ltr'><strong>contentionibus</strong></span> <span class='ocrx_word' id='word_1_182' title='bbox 1654 1629 1674 1675; x_wconf 89' lang='lat' dir='ltr'><strong>a</strong></span> <span class='ocrx_word' id='word_1_183' title='bbox 1692 1608 1797 1677; x_wconf 89' lang='lat' dir='ltr'><strong>nobis</strong></span> <span class='ocrx_word' id='word_1_184' title='bbox 1814 1609 1900 1700; x_wconf 89' lang='lat' dir='ltr'><strong>ipsis</strong></span> <span class='ocrx_word' id='word_1_185' title='bbox 1914 1623 2033 1700; x_wconf 90' lang='lat' dir='ltr'><strong>petere</strong></span> <span class='ocrx_word' id='word_1_186' title='bbox 2051 1611 2148 1700; x_wconf 85' lang='lat' dir='ltr'><strong>cogi·</strong></span> 
     </span>
     <span class='ocr_line' id='line_1_15' title="bbox 124 1700 2148 1802; baseline 0.001 -23"><span class='ocrx_word' id='word_1_187' title='bbox 124 1710 259 1779; x_wconf 90' lang='lat' dir='ltr'><strong>tionem</strong></span> <span class='ocrx_word' id='word_1_188' title='bbox 279 1709 486 1791; x_wconf 86' lang='lat' dir='ltr'><strong>ostendere,</strong></span> <span class='ocrx_word' id='word_1_189' title='bbox 511 1707 606 1800; x_wconf 91' lang='lat' dir='ltr'><strong>quod</strong></span> <span class='ocrx_word' id='word_1_190' title='bbox 621 1700 686 1775; x_wconf 88' lang='lat' dir='ltr'><strong>hac</strong></span> <span class='ocrx_word' id='word_1_191' title='bbox 700 1705 965 1794; x_wconf 89' lang='lat' dir='ltr'><strong>animadversa,</strong></span> <span class='ocrx_word' id='word_1_192' title='bbox 990 1704 1109 1774; x_wconf 86' lang='lat' dir='ltr'><strong>omnia</strong></span> <span class='ocrx_word' id='word_1_193' title='bbox 1161 1728 1261 1785; x_wconf 89' lang='lat' dir='ltr'><strong>mur,</strong></span> <span class='ocrx_word' id='word_1_194' title='bbox 1286 1708 1331 1774; x_wconf 87' lang='lat' dir='ltr'><strong>ad</strong></span> <span class='ocrx_word' id='word_1_195' title='bbox 1349 1729 1439 1798; x_wconf 88' lang='lat' dir='ltr'><strong>quae</strong></span> <span class='ocrx_word' id='word_1_196' title='bbox 1455 1706 1617 1775; x_wconf 89' lang='lat' dir='ltr'><strong>doctriua</strong></span> <span class='ocrx_word' id='word_1_197' title='bbox 1642 1721 1749 1801; x_wconf 89' lang='lat' dir='ltr'><strong>atque</strong></span> <span class='ocrx_word' id='word_1_198' title='bbox 1772 1711 2021 1781; x_wconf 84' lang='lat' dir='ltr'><strong>exercitatione</strong></span> <span class='ocrx_word' id='word_1_199' title='bbox 2045 1735 2148 1802; x_wconf 86' lang='lat' dir='ltr'><strong>prae·</strong></span> 
     </span>
     <span class='ocr_line' id='line_1_16' title="bbox 122 1803 2034 1900; baseline 0 -19"><span class='ocrx_word' id='word_1_200' title='bbox 122 1808 263 1882; x_wconf 76' lang='lat' dir='ltr'><strong>facilius</strong></span> <span class='ocrx_word' id='word_1_201' title='bbox 287 1809 539 1900; x_wconf 90' lang='lat' dir='ltr'><strong>percipiantur.</strong></span> <span class='ocrx_word' id='word_1_202' title='bbox 599 1803 692 1877; x_wconf 88' lang='lat' dir='ltr'><strong>Cum</strong></span> <span class='ocrx_word' id='word_1_203' title='bbox 719 1807 814 1877; x_wconf 88' lang='lat' dir='ltr'><strong>euim</strong></span> <span class='ocrx_word' id='word_1_204' title='bbox 844 1807 1002 1900; x_wconf 86' lang='lat' dir='ltr'><strong>imperiti</strong></span> <span class='ocrx_word' id='word_1_205' title='bbox 1035 1829 1110 1874; x_wconf 91' lang='lat' dir='ltr'><strong>non</strong></span> <span class='ocrx_word' id='word_1_206' title='bbox 1160 1806 1662 1897; x_wconf 79' lang='lat' dir='ltr'><strong>patarenosstatimaprima</strong></span> <span class='ocrx_word' id='word_1_207' title='bbox 1680 1810 1835 1899; x_wconf 90' lang='lat' dir='ltr'><strong>puericia</strong></span> <span class='ocrx_word' id='word_1_208' title='bbox 1852 1813 2034 1882; x_wconf 86' lang='lat' dir='ltr'><strong>debemus.</strong></span> 
     </span>
     <span class='ocr_line' id='line_1_17' title="bbox 123 1904 2148 2004; baseline -0.001 -22"><span class='ocrx_word' id='word_1_209' title='bbox 123 1911 263 2004; x_wconf 81' lang='lat' dir='ltr'><strong>possint</strong></span> <span class='ocrx_word' id='word_1_210' title='bbox 275 1911 399 2000; x_wconf 85' lang='lat' dir='ltr'><strong>longas</strong></span> <span class='ocrx_word' id='word_1_211' title='bbox 414 1906 449 1980; x_wconf 85' lang='lat' dir='ltr'><strong>et</strong></span> <span class='ocrx_word' id='word_1_212' title='bbox 466 1906 629 1977; x_wconf 86' lang='lat' dir='ltr'><strong>difficiles</strong></span> <span class='ocrx_word' id='word_1_213' title='bbox 650 1908 908 2000; x_wconf 87' lang='lat' dir='ltr'><strong>disputationes</strong></span> <span class='ocrx_word' id='word_1_214' title='bbox 932 1907 1108 1996; x_wconf 89' lang='lat' dir='ltr'><strong>intellige·</strong></span> <span class='ocrx_word' id='word_1_215' title='bbox 1262 1904 1307 1977; x_wconf 92' lang='lat' dir='ltr'><strong>ln</strong></span> <span class='ocrx_word' id='word_1_216' title='bbox 1321 1908 1541 1998; x_wconf 85' lang='lat' dir='ltr'><strong>disponenda</strong></span> <span class='ocrx_word' id='word_1_217' title='bbox 1552 1911 1758 1981; x_wconf 88' lang='lat' dir='ltr'><strong>narratione</strong></span> <span class='ocrx_word' id='word_1_218' title='bbox 1773 1935 1891 1981; x_wconf 89' lang='lat' dir='ltr'><strong>rerum</strong></span> <span class='ocrx_word' id='word_1_219' title='bbox 1906 1913 2032 1982; x_wconf 88' lang='lat' dir='ltr'><strong>seriem</strong></span> <span class='ocrx_word' id='word_1_220' title='bbox 2050 1913 2148 2003; x_wconf 87' lang='lat' dir='ltr'><strong>plae-</strong></span> 
     </span>
     <span class='ocr_line' id='line_1_18' title="bbox 124 2008 2147 2104; baseline -0 -22"><span class='ocrx_word' id='word_1_221' title='bbox 124 2037 181 2097; x_wconf 90' lang='lat' dir='ltr'><strong>re,</strong></span> <span class='ocrx_word' id='word_1_222' title='bbox 202 2013 231 2081; x_wconf 91' lang='lat' dir='ltr'><strong>si</strong></span> <span class='ocrx_word' id='word_1_223' title='bbox 247 2013 354 2080; x_wconf 90' lang='lat' dir='ltr'><strong>semel</strong></span> <span class='ocrx_word' id='word_1_224' title='bbox 369 2012 559 2080; x_wconf 88' lang='lat' dir='ltr'><strong>decurrant</strong></span> <span class='ocrx_word' id='word_1_225' title='bbox 572 2009 666 2079; x_wconf 91' lang='lat' dir='ltr'><strong>oculi</strong></span> <span class='ocrx_word' id='word_1_226' title='bbox 683 2034 746 2102; x_wconf 92' lang='lat' dir='ltr'><strong>per</strong></span> <span class='ocrx_word' id='word_1_227' title='bbox 759 2009 967 2081; x_wconf 90' lang='lat' dir='ltr'><strong>universum</strong></span> <span class='ocrx_word' id='word_1_228' title='bbox 981 2028 1110 2099; x_wconf 91' lang='lat' dir='ltr'><strong>corpus</strong></span> <span class='ocrx_word' id='word_1_229' title='bbox 1159 2031 1309 2102; x_wconf 91' lang='lat' dir='ltr'><strong>rumque</strong></span> <span class='ocrx_word' id='word_1_230' title='bbox 1325 2008 1525 2101; x_wconf 86' lang='lat' dir='ltr'><strong>sequimur,</strong></span> <span class='ocrx_word' id='word_1_231' title='bbox 1550 2009 1718 2100; x_wconf 91' lang='lat' dir='ltr'><strong>perinde,</strong></span> <span class='ocrx_word' id='word_1_232' title='bbox 1742 2027 1847 2104; x_wconf 91' lang='lat' dir='ltr'><strong>atque</strong></span> <span class='ocrx_word' id='word_1_233' title='bbox 1865 2013 1904 2082; x_wconf 84' lang='lat' dir='ltr'><strong>fit</strong></span> <span class='ocrx_word' id='word_1_234' title='bbox 1921 2013 1958 2080; x_wconf 93' lang='lat' dir='ltr'><strong>in</strong></span> <span class='ocrx_word' id='word_1_235' title='bbox 1975 2009 2147 2085; x_wconf 85' lang='lat' dir='ltr'><strong>historiis.</strong></span> 
     </span>
     <span class='ocr_line' id='line_1_19' title="bbox 122 2105 2147 2205; baseline -0.001 -21"><span class='ocrx_word' id='word_1_236' title='bbox 122 2112 318 2198; x_wconf 89' lang='lat' dir='ltr'><strong>orationis,</strong></span> <span class='ocrx_word' id='word_1_237' title='bbox 342 2116 481 2182; x_wconf 82' lang='lat' dir='ltr'><strong>necesse</strong></span> <span class='ocrx_word' id='word_1_238' title='bbox 497 2125 549 2183; x_wconf 93' lang='lat' dir='ltr'><strong>est</strong></span> <span class='ocrx_word' id='word_1_239' title='bbox 564 2110 748 2195; x_wconf 88' lang='lat' dir='ltr'><strong>ordinem,</strong></span> <span class='ocrx_word' id='word_1_240' title='bbox 773 2110 1005 2204; x_wconf 74' lang='lat' dir='ltr'><strong>regionesque</strong></span> <span class='ocrx_word' id='word_1_241' title='bbox 1027 2133 1109 2200; x_wconf 88' lang='lat' dir='ltr'><strong>par·</strong></span> <span class='ocrx_word' id='word_1_242' title='bbox 1160 2106 1278 2203; x_wconf 83' lang='lat' dir='ltr'><strong>Atque</strong></span> <span class='ocrx_word' id='word_1_243' title='bbox 1304 2105 1391 2179; x_wconf 87' lang='lat' dir='ltr'><strong>haee</strong></span> <span class='ocrx_word' id='word_1_244' title='bbox 1413 2110 1487 2179; x_wconf 86' lang='lat' dir='ltr'><strong>iere</strong></span> <span class='ocrx_word' id='word_1_245' title='bbox 1516 2124 1600 2180; x_wconf 92' lang='lat' dir='ltr'><strong>sunt</strong></span> <span class='ocrx_word' id='word_1_246' title='bbox 1628 2136 1718 2205; x_wconf 91' lang='lat' dir='ltr'><strong>quae</strong></span> <span class='ocrx_word' id='word_1_247' title='bbox 1747 2115 1877 2183; x_wconf 89' lang='lat' dir='ltr'><strong>docent</strong></span> <span class='ocrx_word' id='word_1_248' title='bbox 1906 2108 2066 2184; x_wconf 86' lang='lat' dir='ltr'><strong>rhetores</strong></span> <span class='ocrx_word' id='word_1_249' title='bbox 2100 2114 2147 2182; x_wconf 89' lang='lat' dir='ltr'><strong>de</strong></span> 
     </span>
     <span class='ocr_line' id='line_1_20' title="bbox 122 2209 2146 2304; baseline -0.001 -18"><span class='ocrx_word' id='word_1_250' title='bbox 122 2216 215 2287; x_wconf 91' lang='lat' dir='ltr'><strong>tium</strong></span> <span class='ocrx_word' id='word_1_251' title='bbox 238 2215 442 2296; x_wconf 79' lang='lat' dir='ltr'><strong>ostendere,</strong></span> <span class='ocrx_word' id='word_1_252' title='bbox 474 2225 515 2283; x_wconf 91' lang='lat' dir='ltr'><strong>ut</strong></span> <span class='ocrx_word' id='word_1_253' title='bbox 539 2211 678 2301; x_wconf 87' lang='lat' dir='ltr'><strong>singula</strong></span> <span class='ocrx_word' id='word_1_254' title='bbox 707 2213 867 2284; x_wconf 85' lang='lat' dir='ltr'><strong>membra</strong></span> <span class='ocrx_word' id='word_1_255' title='bbox 890 2209 1117 2282; x_wconf 85' lang='lat' dir='ltr'><strong>considerari</strong></span> <span class='ocrx_word' id='word_1_256' title='bbox 1158 2210 1411 2301; x_wconf 86' lang='lat' dir='ltr'><strong>dispositione,</strong></span> <span class='ocrx_word' id='word_1_257' title='bbox 1444 2234 1525 2280; x_wconf 92' lang='lat' dir='ltr'><strong>curu</strong></span> <span class='ocrx_word' id='word_1_258' title='bbox 1552 2210 1696 2303; x_wconf 88' lang='lat' dir='ltr'><strong>quidem</strong></span> <span class='ocrx_word' id='word_1_259' title='bbox 1718 2214 1868 2283; x_wconf 89' lang='lat' dir='ltr'><strong>aliarum</strong></span> <span class='ocrx_word' id='word_1_260' title='bbox 1892 2215 2046 2304; x_wconf 89' lang='lat' dir='ltr'><strong>partium</strong></span> <span class='ocrx_word' id='word_1_261' title='bbox 2071 2216 2146 2284; x_wconf 90' lang='lat' dir='ltr'><strong>dis-</strong></span> 
     </span>
     <span class='ocr_line' id='line_1_21' title="bbox 125 2310 2145 2412; baseline 0 -27"><span class='ocrx_word' id='word_1_262' title='bbox 125 2329 275 2412; x_wconf 86' lang='lat' dir='ltr'><strong>quesnt,</strong></span> <span class='ocrx_word' id='word_1_263' title='bbox 299 2329 332 2385; x_wconf 90' lang='lat' dir='ltr'><strong>et</strong></span> <span class='ocrx_word' id='word_1_264' title='bbox 345 2314 496 2384; x_wconf 90' lang='lat' dir='ltr'><strong>iudicari</strong></span> <span class='ocrx_word' id='word_1_265' title='bbox 512 2315 693 2406; x_wconf 90' lang='lat' dir='ltr'><strong>quomodo</strong></span> <span class='ocrx_word' id='word_1_266' title='bbox 710 2314 945 2385; x_wconf 84' lang='lat' dir='ltr'><strong>consentiant.</strong></span> <span class='ocrx_word' id='word_1_267' title='bbox 990 2311 1109 2404; x_wconf 84' lang='lat' dir='ltr'><strong>Atque</strong></span> <span class='ocrx_word' id='word_1_268' title='bbox 1159 2310 1288 2404; x_wconf 91' lang='lat' dir='ltr'><strong>positio</strong></span> <span class='ocrx_word' id='word_1_269' title='bbox 1304 2312 1416 2381; x_wconf 90' lang='lat' dir='ltr'><strong>multo</strong></span> <span class='ocrx_word' id='word_1_270' title='bbox 1432 2311 1614 2382; x_wconf 86' lang='lat' dir='ltr'><strong>difficilior</strong></span> <span class='ocrx_word' id='word_1_271' title='bbox 1630 2313 1684 2383; x_wconf 85' lang='lat' dir='ltr'><strong>sit.</strong></span> <span class='ocrx_word' id='word_1_272' title='bbox 1733 2313 1816 2383; x_wconf 92' lang='lat' dir='ltr'><strong>Non</strong></span> <span class='ocrx_word' id='word_1_273' title='bbox 1832 2316 1926 2383; x_wconf 87' lang='lat' dir='ltr'><strong>enim</strong></span> <span class='ocrx_word' id='word_1_274' title='bbox 1950 2330 2083 2386; x_wconf 89' lang='lat' dir='ltr'><strong>temere</strong></span> <span class='ocrx_word' id='word_1_275' title='bbox 2105 2318 2145 2384; x_wconf 89' lang='lat' dir='ltr'><strong>in</strong></span> 
     </span>
     <span class='ocr_line' id='line_1_22' title="bbox 123 2409 2146 2511; baseline -0 -24"><span class='ocrx_word' id='word_1_276' title='bbox 123 2413 211 2487; x_wconf 88' lang='lat' dir='ltr'><strong>haec</strong></span> <span class='ocrx_word' id='word_1_277' title='bbox 227 2417 409 2506; x_wconf 86' lang='lat' dir='ltr'><strong>diligentia</strong></span> <span class='ocrx_word' id='word_1_278' title='bbox 429 2431 598 2511; x_wconf 82' lang='lat' dir='ltr'><strong>quantam</strong></span> <span class='ocrx_word' id='word_1_279' title='bbox 615 2409 743 2486; x_wconf 87' lang='lat' dir='ltr'><strong>habeat</strong></span> <span class='ocrx_word' id='word_1_280' title='bbox 757 2415 967 2500; x_wconf 85' lang='lat' dir='ltr'><strong>utilitatem,</strong></span> <span class='ocrx_word' id='word_1_281' title='bbox 992 2437 1108 2483; x_wconf 86' lang='lat' dir='ltr'><strong>exem·</strong></span> <span class='ocrx_word' id='word_1_282' title='bbox 1158 2413 1310 2482; x_wconf 90' lang='lat' dir='ltr'><strong>dicendo</strong></span> <span class='ocrx_word' id='word_1_283' title='bbox 1325 2415 1484 2483; x_wconf 87' lang='lat' dir='ltr'><strong>eundum</strong></span> <span class='ocrx_word' id='word_1_284' title='bbox 1501 2425 1571 2498; x_wconf 91' lang='lat' dir='ltr'><strong>est,</strong></span> <span class='ocrx_word' id='word_1_285' title='bbox 1597 2428 1637 2485; x_wconf 90' lang='lat' dir='ltr'><strong>ut</strong></span> <span class='ocrx_word' id='word_1_286' title='bbox 1650 2415 1722 2482; x_wconf 91' lang='lat' dir='ltr'><strong>dici</strong></span> <span class='ocrx_word' id='word_1_287' title='bbox 1744 2417 1851 2500; x_wconf 90' lang='lat' dir='ltr'><strong>solet,</strong></span> <span class='ocrx_word' id='word_1_288' title='bbox 1873 2440 1944 2509; x_wconf 94' lang='lat' dir='ltr'><strong>quo</strong></span> <span class='ocrx_word' id='word_1_289' title='bbox 1967 2419 2074 2508; x_wconf 88' lang='lat' dir='ltr'><strong>pedes</strong></span> <span class='ocrx_word' id='word_1_290' title='bbox 2093 2418 2146 2487; x_wconf 86' lang='lat' dir='ltr'><strong>se-</strong></span> 
     </span>
     <span class='ocr_line' id='line_1_23' title="bbox 122 2513 2146 2612; baseline -0.001 -23"><span class='ocrx_word' id='word_1_291' title='bbox 122 2520 452 2611; x_wconf 85' lang='lat' dir='ltr'><strong>pledemonstrant.</strong></span> <span class='ocrx_word' id='word_1_292' title='bbox 505 2515 690 2605; x_wconf 88' lang='lat' dir='ltr'><strong>Quantum</strong></span> <span class='ocrx_word' id='word_1_293' title='bbox 707 2515 803 2586; x_wconf 89' lang='lat' dir='ltr'><strong>enim</strong></span> <span class='ocrx_word' id='word_1_294' title='bbox 818 2516 908 2587; x_wconf 90' lang='lat' dir='ltr'><strong>lucis</strong></span> <span class='ocrx_word' id='word_1_295' title='bbox 926 2515 1111 2586; x_wconf 79' lang='lat' dir='ltr'><strong>attulimus</strong></span> <span class='ocrx_word' id='word_1_296' title='bbox 1157 2527 1255 2588; x_wconf 70' lang='lat' dir='ltr'><strong>runt.</strong></span> <span class='ocrx_word' id='word_1_297' title='bbox 1307 2513 1377 2586; x_wconf 87' lang='lat' dir='ltr'><strong>Sed</strong></span> <span class='ocrx_word' id='word_1_298' title='bbox 1400 2513 1669 2606; x_wconf 89' lang='lat' dir='ltr'><strong>prospiciendus</strong></span> <span class='ocrx_word' id='word_1_299' title='bbox 1697 2530 1750 2587; x_wconf 89' lang='lat' dir='ltr'><strong>est</strong></span> <span class='ocrx_word' id='word_1_300' title='bbox 1777 2518 1857 2585; x_wconf 88' lang='lat' dir='ltr'><strong>linis</strong></span> <span class='ocrx_word' id='word_1_301' title='bbox 1884 2519 2014 2610; x_wconf 89' lang='lat' dir='ltr'><strong>aliquis</strong></span> <span class='ocrx_word' id='word_1_302' title='bbox 2043 2518 2146 2612; x_wconf 85' lang='lat' dir='ltr'><strong>quasi</strong></span> 
     </span>
     <span class='ocr_line' id='line_1_24' title="bbox 123 2614 1900 2713; baseline 0 -23"><span class='ocrx_word' id='word_1_303' title='bbox 123 2616 306 2713; x_wconf 81' lang='lat' dir='ltr'><strong>Epistulae</strong></span> <span class='ocrx_word' id='word_1_304' title='bbox 320 2617 424 2689; x_wconf 87' lang='lat' dir='ltr'><strong>Pauli</strong></span> <span class='ocrx_word' id='word_1_305' title='bbox 437 2619 481 2688; x_wconf 85' lang='lat' dir='ltr'><strong>ad</strong></span> <span class='ocrx_word' id='word_1_306' title='bbox 500 2615 698 2704; x_wconf 86' lang='lat' dir='ltr'><strong>Romanos,</strong></span> <span class='ocrx_word' id='word_1_307' title='bbox 711 2630 851 2691; x_wconf 89' lang='lat' dir='ltr'><strong>ostensa</strong></span> <span class='ocrx_word' id='word_1_308' title='bbox 864 2615 1111 2711; x_wconf 86' lang='lat' dir='ltr'><strong>dispositione,</strong></span> <span class='ocrx_word' id='word_1_309' title='bbox 1158 2629 1272 2700; x_wconf 82' lang='lat' dir='ltr'><strong>meta,</strong></span> <span class='ocrx_word' id='word_1_310' title='bbox 1296 2639 1368 2709; x_wconf 93' lang='lat' dir='ltr'><strong>quo</strong></span> <span class='ocrx_word' id='word_1_311' title='bbox 1384 2629 1479 2685; x_wconf 90' lang='lat' dir='ltr'><strong>certo</strong></span> <span class='ocrx_word' id='word_1_312' title='bbox 1494 2614 1622 2685; x_wconf 90' lang='lat' dir='ltr'><strong>itinere</strong></span> <span class='ocrx_word' id='word_1_313' title='bbox 1639 2617 1900 2709; x_wconf 87' lang='lat' dir='ltr'><strong>perveniamus.</strong></span> 
     </span>
     <span class='ocr_line' id='line_1_25' title="bbox 123 2714 2145 2816; baseline -0 -25"><span class='ocrx_word' id='word_1_314' title='bbox 123 2744 230 2816; x_wconf 90' lang='lat' dir='ltr'><strong>qnam</strong></span> <span class='ocrx_word' id='word_1_315' title='bbox 244 2721 306 2816; x_wconf 94' lang='lat' dir='ltr'><strong>qui</strong></span> <span class='ocrx_word' id='word_1_316' title='bbox 331 2743 404 2790; x_wconf 92' lang='lat' dir='ltr'><strong>non</strong></span> <span class='ocrx_word' id='word_1_317' title='bbox 425 2720 773 2806; x_wconf 87' lang='lat' dir='ltr'><strong>animadverterunt,</strong></span> <span class='ocrx_word' id='word_1_318' title='bbox 796 2722 886 2791; x_wconf 91' lang='lat' dir='ltr'><strong>adeo</strong></span> <span class='ocrx_word' id='word_1_319' title='bbox 907 2743 982 2788; x_wconf 92' lang='lat' dir='ltr'><strong>non</strong></span> <span class='ocrx_word' id='word_1_320' title='bbox 1004 2715 1110 2803; x_wconf 83' lang='lat' dir='ltr'><strong>intel·</strong></span> <span class='ocrx_word' id='word_1_321' title='bbox 1261 2714 1418 2786; x_wconf 85' lang='lat' dir='ltr'><strong>Tradam</strong></span> <span class='ocrx_word' id='word_1_322' title='bbox 1447 2716 1557 2806; x_wconf 88' lang='lat' dir='ltr'><strong>igitur</strong></span> <span class='ocrx_word' id='word_1_323' title='bbox 1584 2719 1732 2788; x_wconf 91' lang='lat' dir='ltr'><strong>unicum</strong></span> <span class='ocrx_word' id='word_1_324' title='bbox 1754 2733 2000 2811; x_wconf 88' lang='lat' dir='ltr'><strong>praeceptum,</strong></span> <span class='ocrx_word' id='word_1_325' title='bbox 2035 2721 2145 2815; x_wconf 90' lang='lat' dir='ltr'><strong>idque</strong></span> 
     </span>
     <span class='ocr_line' id='line_1_26' title="bbox 122 2816 2144 2914; baseline -0.003 -19"><span class='ocrx_word' id='word_1_326' title='bbox 122 2825 287 2895; x_wconf 74' lang='lat' dir='ltr'><strong>leserunt</strong></span> <span class='ocrx_word' id='word_1_327' title='bbox 303 2820 486 2906; x_wconf 79' lang='lat' dir='ltr'><strong>Paulum,</strong></span> <span class='ocrx_word' id='word_1_328' title='bbox 500 2833 542 2890; x_wconf 94' lang='lat' dir='ltr'><strong>ut</strong></span> <span class='ocrx_word' id='word_1_329' title='bbox 554 2844 624 2914; x_wconf 90' lang='lat' dir='ltr'><strong>qua</strong></span> <span class='ocrx_word' id='word_1_330' title='bbox 639 2822 684 2892; x_wconf 91' lang='lat' dir='ltr'><strong>de</strong></span> <span class='ocrx_word' id='word_1_331' title='bbox 705 2845 744 2891; x_wconf 92' lang='lat' dir='ltr'><strong>re</strong></span> <span class='ocrx_word' id='word_1_332' title='bbox 766 2833 902 2912; x_wconf 89' lang='lat' dir='ltr'><strong>ageret,</strong></span> <span class='ocrx_word' id='word_1_333' title='bbox 926 2843 972 2889; x_wconf 92' lang='lat' dir='ltr'><strong>ne</strong></span> <span class='ocrx_word' id='word_1_334' title='bbox 992 2816 1109 2910; x_wconf 89' lang='lat' dir='ltr'><strong>suspi-</strong></span> <span class='ocrx_word' id='word_1_335' title='bbox 1157 2818 1286 2902; x_wconf 90' lang='lat' dir='ltr'><strong>breve,</strong></span> <span class='ocrx_word' id='word_1_336' title='bbox 1311 2820 1408 2912; x_wconf 94' lang='lat' dir='ltr'><strong>quod</strong></span> <span class='ocrx_word' id='word_1_337' title='bbox 1430 2819 1594 2890; x_wconf 90' lang='lat' dir='ltr'><strong>ostendet</strong></span> <span class='ocrx_word' id='word_1_338' title='bbox 1615 2818 1728 2905; x_wconf 87' lang='lat' dir='ltr'><strong>siam,</strong></span> <span class='ocrx_word' id='word_1_339' title='bbox 1764 2824 1944 2914; x_wconf 91' lang='lat' dir='ltr'><strong>quomodo</strong></span> <span class='ocrx_word' id='word_1_340' title='bbox 1968 2836 2083 2914; x_wconf 86' lang='lat' dir='ltr'><strong>partes</strong></span> <span class='ocrx_word' id='word_1_341' title='bbox 2103 2826 2144 2890; x_wconf 91' lang='lat' dir='ltr'><strong>in</strong></span> 
     </span>
     <span class='ocr_line' id='line_1_27' title="bbox 123 2918 2143 3018; baseline -0.001 -23"><span class='ocrx_word' id='word_1_342' title='bbox 123 2923 196 2995; x_wconf 92' lang='lat' dir='ltr'><strong>cari</strong></span> <span class='ocrx_word' id='word_1_343' title='bbox 214 2923 358 3018; x_wconf 92' lang='lat' dir='ltr'><strong>quidem</strong></span> <span class='ocrx_word' id='word_1_344' title='bbox 376 2922 566 3013; x_wconf 82' lang='lat' dir='ltr'><strong>potuerint.</strong></span> <span class='ocrx_word' id='word_1_345' title='bbox 601 2919 676 2994; x_wconf 88' lang='lat' dir='ltr'><strong>Ubi</strong></span> <span class='ocrx_word' id='word_1_346' title='bbox 691 2937 886 3016; x_wconf 91' lang='lat' dir='ltr'><strong>proponat,</strong></span> <span class='ocrx_word' id='word_1_347' title='bbox 908 2920 1110 3012; x_wconf 89' lang='lat' dir='ltr'><strong>ubidispu-</strong></span> <span class='ocrx_word' id='word_1_348' title='bbox 1158 2918 1345 3010; x_wconf 90' lang='lat' dir='ltr'><strong>principiis</strong></span> <span class='ocrx_word' id='word_1_349' title='bbox 1359 2931 1466 3012; x_wconf 90' lang='lat' dir='ltr'><strong>atque</strong></span> <span class='ocrx_word' id='word_1_350' title='bbox 1480 2920 1520 2987; x_wconf 90' lang='lat' dir='ltr'><strong>in</strong></span> <span class='ocrx_word' id='word_1_351' title='bbox 1533 2921 2019 3012; x_wconf 89' lang='lat' dir='ltr'><strong>coutentiouedisponantur,</strong></span> <span class='ocrx_word' id='word_1_352' title='bbox 2034 2947 2143 3014; x_wconf 88' lang='lat' dir='ltr'><strong>quam</strong></span> 
     </span>
     <span class='ocr_line' id='line_1_28' title="bbox 122 3015 2142 3119; baseline -0.001 -23"><span class='ocrx_word' id='word_1_353' title='bbox 122 3036 194 3111; x_wconf 87' lang='lat' dir='ltr'><strong>tet,</strong></span> <span class='ocrx_word' id='word_1_354' title='bbox 217 3024 283 3095; x_wconf 90' lang='lat' dir='ltr'><strong>ubi</strong></span> <span class='ocrx_word' id='word_1_355' title='bbox 299 3023 457 3103; x_wconf 87' lang='lat' dir='ltr'><strong>desinat,</strong></span> <span class='ocrx_word' id='word_1_356' title='bbox 483 3048 559 3093; x_wconf 91' lang='lat' dir='ltr'><strong>non</strong></span> <span class='ocrx_word' id='word_1_357' title='bbox 573 3022 762 3110; x_wconf 90' lang='lat' dir='ltr'><strong>videbant,</strong></span> <span class='ocrx_word' id='word_1_358' title='bbox 786 3024 906 3119; x_wconf 88' lang='lat' dir='ltr'><strong>itaque</strong></span> <span class='ocrx_word' id='word_1_359' title='bbox 920 3023 1020 3093; x_wconf 87' lang='lat' dir='ltr'><strong>velut</strong></span> <span class='ocrx_word' id='word_1_360' title='bbox 1041 3015 1109 3090; x_wconf 91' lang='lat' dir='ltr'><strong>ho·</strong></span> <span class='ocrx_word' id='word_1_361' title='bbox 1158 3020 1274 3106; x_wconf 87' lang='lat' dir='ltr'><strong>viam,</strong></span> <span class='ocrx_word' id='word_1_362' title='bbox 1299 3020 1330 3090; x_wconf 91' lang='lat' dir='ltr'><strong>si</strong></span> <span class='ocrx_word' id='word_1_363' title='bbox 1352 3021 1471 3091; x_wconf 88' lang='lat' dir='ltr'><strong>anima</strong></span> <span class='ocrx_word' id='word_1_364' title='bbox 1496 3021 1714 3092; x_wconf 86' lang='lat' dir='ltr'><strong>adverterint</strong></span> <span class='ocrx_word' id='word_1_365' title='bbox 1735 3023 1992 3110; x_wconf 87' lang='lat' dir='ltr'><strong>adolescentes,</strong></span> <span class='ocrx_word' id='word_1_366' title='bbox 2026 3027 2142 3118; x_wconf 90' lang='lat' dir='ltr'><strong>pluri·</strong></span> 
     </span>
     <span class='ocr_line' id='line_1_29' title="bbox 121 3121 2144 3220; baseline 0 -24"><span class='ocrx_word' id='word_1_367' title='bbox 121 3127 230 3220; x_wconf 87' lang='lat' dir='ltr'><strong>spites</strong></span> <span class='ocrx_word' id='word_1_368' title='bbox 252 3126 291 3194; x_wconf 95' lang='lat' dir='ltr'><strong>in</strong></span> <span class='ocrx_word' id='word_1_369' title='bbox 313 3126 434 3216; x_wconf 88' lang='lat' dir='ltr'><strong>ignota</strong></span> <span class='ocrx_word' id='word_1_370' title='bbox 458 3127 604 3216; x_wconf 84' lang='lat' dir='ltr'><strong>regione</strong></span> <span class='ocrx_word' id='word_1_371' title='bbox 625 3126 815 3213; x_wconf 83' lang='lat' dir='ltr'><strong>errabant,</strong></span> <span class='ocrx_word' id='word_1_372' title='bbox 847 3125 878 3196; x_wconf 91' lang='lat' dir='ltr'><strong>si</strong></span> <span class='ocrx_word' id='word_1_373' title='bbox 904 3124 1048 3219; x_wconf 88' lang='lat' dir='ltr'><strong>quando</strong></span> <span class='ocrx_word' id='word_1_374' title='bbox 1069 3122 1109 3191; x_wconf 92' lang='lat' dir='ltr'><strong>iu</strong></span> <span class='ocrx_word' id='word_1_375' title='bbox 1159 3145 1257 3192; x_wconf 89' lang='lat' dir='ltr'><strong>mum</strong></span> <span class='ocrx_word' id='word_1_376' title='bbox 1272 3121 1556 3206; x_wconf 89' lang='lat' dir='ltr'><strong>adiuvabuntur‚</strong></span> <span class='ocrx_word' id='word_1_377' title='bbox 1580 3123 1667 3193; x_wconf 91' lang='lat' dir='ltr'><strong>etin</strong></span> <span class='ocrx_word' id='word_1_378' title='bbox 1684 3124 1922 3210; x_wconf 90' lang='lat' dir='ltr'><strong>inveniendo,</strong></span> <span class='ocrx_word' id='word_1_379' title='bbox 1949 3141 1983 3196; x_wconf 91' lang='lat' dir='ltr'><strong>et</strong></span> <span class='ocrx_word' id='word_1_380' title='bbox 2008 3127 2048 3196; x_wconf 87' lang='lat' dir='ltr'><strong>in</strong></span> <span class='ocrx_word' id='word_1_381' title='bbox 2068 3128 2144 3196; x_wconf 89' lang='lat' dir='ltr'><strong>dis-</strong></span> 
     </span>
     <span class='ocr_line' id='line_1_30' title="bbox 120 3223 2144 3319; baseline -0 -21"><span class='ocrx_word' id='word_1_382' title='bbox 120 3229 198 3298; x_wconf 90' lang='lat' dir='ltr'><strong>eius</strong></span> <span class='ocrx_word' id='word_1_383' title='bbox 213 3227 469 3319; x_wconf 89' lang='lat' dir='ltr'><strong>disputationes</strong></span> <span class='ocrx_word' id='word_1_384' title='bbox 485 3228 697 3300; x_wconf 88' lang='lat' dir='ltr'><strong>inciderant.</strong></span> <span class='ocrx_word' id='word_1_385' title='bbox 1159 3225 1344 3314; x_wconf 91' lang='lat' dir='ltr'><strong>ponendo,</strong></span> <span class='ocrx_word' id='word_1_386' title='bbox 1369 3238 1404 3294; x_wconf 93' lang='lat' dir='ltr'><strong>et</strong></span> <span class='ocrx_word' id='word_1_387' title='bbox 1423 3223 1462 3291; x_wconf 91' lang='lat' dir='ltr'><strong>in</strong></span> <span class='ocrx_word' id='word_1_388' title='bbox 1486 3223 1687 3294; x_wconf 87' lang='lat' dir='ltr'><strong>iudicandis</strong></span> <span class='ocrx_word' id='word_1_389' title='bbox 1705 3226 1857 3296; x_wconf 85' lang='lat' dir='ltr'><strong>aliorum</strong></span> <span class='ocrx_word' id='word_1_390' title='bbox 1873 3227 2024 3318; x_wconf 89' lang='lat' dir='ltr'><strong>scriptis.</strong></span> <span class='ocrx_word' id='word_1_391' title='bbox 2076 3225 2144 3298; x_wconf 88' lang='lat' dir='ltr'><strong>Est</strong></span> 
     </span>
     <span class='ocr_line' id='line_1_31' title="bbox 222 3318 2144 3420; baseline 0.001 -24"><span class='ocrx_word' id='word_1_392' title='bbox 222 3326 336 3396; x_wconf 87' lang='lat' dir='ltr'><strong>Porro</strong></span> <span class='ocrx_word' id='word_1_393' title='bbox 361 3321 446 3395; x_wconf 85' lang='lat' dir='ltr'><strong>haec</strong></span> <span class='ocrx_word' id='word_1_394' title='bbox 470 3350 552 3413; x_wconf 85' lang='lat' dir='ltr'><strong>pars</strong></span> <span class='ocrx_word' id='word_1_395' title='bbox 573 3328 679 3410; x_wconf 89' lang='lat' dir='ltr'><strong>artis,</strong></span> <span class='ocrx_word' id='word_1_396' title='bbox 702 3350 782 3396; x_wconf 86' lang='lat' dir='ltr'><strong>curn</strong></span> <span class='ocrx_word' id='word_1_397' title='bbox 804 3325 949 3420; x_wconf 89' lang='lat' dir='ltr'><strong>quidem</strong></span> <span class='ocrx_word' id='word_1_398' title='bbox 971 3323 1017 3393; x_wconf 91' lang='lat' dir='ltr'><strong>sit</strong></span> <span class='ocrx_word' id='word_1_399' title='bbox 1037 3323 1109 3393; x_wconf 89' lang='lat' dir='ltr'><strong>uti·</strong></span> <span class='ocrx_word' id='word_1_400' title='bbox 1157 3339 1275 3395; x_wconf 88' lang='lat' dir='ltr'><strong>autem</strong></span> <span class='ocrx_word' id='word_1_401' title='bbox 1291 3318 1360 3393; x_wconf 92' lang='lat' dir='ltr'><strong>hoc</strong></span> <span class='ocrx_word' id='word_1_402' title='bbox 1374 3338 1621 3415; x_wconf 86' lang='lat' dir='ltr'><strong>praeceptum,</strong></span> <span class='ocrx_word' id='word_1_403' title='bbox 1646 3339 1686 3395; x_wconf 94' lang='lat' dir='ltr'><strong>ut</strong></span> <span class='ocrx_word' id='word_1_404' title='bbox 1702 3328 1931 3401; x_wconf 86' lang='lat' dir='ltr'><strong>meminerint</strong></span> <span class='ocrx_word' id='word_1_405' title='bbox 1948 3330 1987 3397; x_wconf 91' lang='lat' dir='ltr'><strong>in</strong></span> <span class='ocrx_word' id='word_1_406' title='bbox 2007 3329 2144 3420; x_wconf 89' lang='lat' dir='ltr'><strong>princi-</strong></span> 
     </span>
     <span class='ocr_line' id='line_1_32' title="bbox 120 3419 2142 3518; baseline 0.002 -22"><span class='ocrx_word' id='word_1_407' title='bbox 120 3427 275 3507; x_wconf 87' lang='lat' dir='ltr'><strong>lissima,</strong></span> <span class='ocrx_word' id='word_1_408' title='bbox 308 3449 383 3493; x_wconf 91' lang='lat' dir='ltr'><strong>non</strong></span> <span class='ocrx_word' id='word_1_409' title='bbox 406 3426 556 3515; x_wconf 91' lang='lat' dir='ltr'><strong>perinde</strong></span> <span class='ocrx_word' id='word_1_410' title='bbox 581 3425 742 3496; x_wconf 84' lang='lat' dir='ltr'><strong>diflicilia</strong></span> <span class='ocrx_word' id='word_1_411' title='bbox 772 3440 956 3518; x_wconf 88' lang='lat' dir='ltr'><strong>praecepta</strong></span> <span class='ocrx_word' id='word_1_412' title='bbox 988 3419 1108 3498; x_wconf 88' lang='lat' dir='ltr'><strong>habet.</strong></span> <span class='ocrx_word' id='word_1_413' title='bbox 1159 3424 1226 3515; x_wconf 90' lang='lat' dir='ltr'><strong>piis</strong></span> <span class='ocrx_word' id='word_1_414' title='bbox 1247 3424 1342 3497; x_wconf 90' lang='lat' dir='ltr'><strong>etin</strong></span> <span class='ocrx_word' id='word_1_415' title='bbox 1370 3424 1600 3495; x_wconf 90' lang='lat' dir='ltr'><strong>contentione</strong></span> <span class='ocrx_word' id='word_1_416' title='bbox 1627 3432 1952 3516; x_wconf 80' lang='lat' dir='ltr'><strong>argumentationes</strong></span> <span class='ocrx_word' id='word_1_417' title='bbox 1979 3432 2142 3515; x_wconf 83' lang='lat' dir='ltr'><strong>existere,</strong></span> 
     </span>
     <span class='ocr_line' id='line_1_33' title="bbox 119 3521 2143 3625; baseline 0.001 -27"><span class='ocrx_word' id='word_1_418' title='bbox 119 3526 212 3598; x_wconf 86' lang='lat' dir='ltr'><strong>Nam</strong></span> <span class='ocrx_word' id='word_1_419' title='bbox 239 3551 278 3596; x_wconf 91' lang='lat' dir='ltr'><strong>ea</strong></span> <span class='ocrx_word' id='word_1_420' title='bbox 301 3549 392 3619; x_wconf 88' lang='lat' dir='ltr'><strong>quae</strong></span> <span class='ocrx_word' id='word_1_421' title='bbox 413 3527 560 3595; x_wconf 87' lang='lat' dir='ltr'><strong>tradunt</strong></span> <span class='ocrx_word' id='word_1_422' title='bbox 582 3521 743 3596; x_wconf 87' lang='lat' dir='ltr'><strong>rhetores</strong></span> <span class='ocrx_word' id='word_1_423' title='bbox 766 3549 937 3620; x_wconf 88' lang='lat' dir='ltr'><strong>perquam</strong></span> <span class='ocrx_word' id='word_1_424' title='bbox 960 3524 1051 3595; x_wconf 90' lang='lat' dir='ltr'><strong>levia</strong></span> <span class='ocrx_word' id='word_1_425' title='bbox 1072 3539 1107 3596; x_wconf 93' lang='lat' dir='ltr'><strong>et</strong></span> <span class='ocrx_word' id='word_1_426' title='bbox 1158 3547 1307 3619; x_wconf 85' lang='lat' dir='ltr'><strong>quarum</strong></span> <span class='ocrx_word' id='word_1_427' title='bbox 1324 3549 1464 3595; x_wconf 89' lang='lat' dir='ltr'><strong>necesse</strong></span> <span class='ocrx_word' id='word_1_428' title='bbox 1479 3540 1530 3596; x_wconf 86' lang='lat' dir='ltr'><strong>est</strong></span> <span class='ocrx_word' id='word_1_429' title='bbox 1544 3550 1584 3595; x_wconf 92' lang='lat' dir='ltr'><strong>ea</strong></span> <span class='ocrx_word' id='word_1_430' title='bbox 1599 3549 1673 3596; x_wconf 89' lang='lat' dir='ltr'><strong>esse</strong></span> <span class='ocrx_word' id='word_1_431' title='bbox 1686 3531 1861 3614; x_wconf 88' lang='lat' dir='ltr'><strong>membra,</strong></span> <span class='ocrx_word' id='word_1_432' title='bbox 1887 3555 1977 3625; x_wconf 91' lang='lat' dir='ltr'><strong>quae</strong></span> <span class='ocrx_word' id='word_1_433' title='bbox 1990 3536 2143 3602; x_wconf 89' lang='lat' dir='ltr'><strong>tradun-</strong></span> 
     </span>
     <span class='ocr_line' id='line_1_34' title="bbox 121 3626 2143 3724; baseline 0.003 -26"><span class='ocrx_word' id='word_1_434' title='bbox 121 3626 273 3720; x_wconf 86' lang='lat' dir='ltr'><strong>puerilia</strong></span> <span class='ocrx_word' id='word_1_435' title='bbox 299 3641 403 3710; x_wconf 91' lang='lat' dir='ltr'><strong>sunt,</strong></span> <span class='ocrx_word' id='word_1_436' title='bbox 435 3641 475 3697; x_wconf 90' lang='lat' dir='ltr'><strong>ut</strong></span> <span class='ocrx_word' id='word_1_437' title='bbox 498 3626 613 3717; x_wconf 90' lang='lat' dir='ltr'><strong>primo</strong></span> <span class='ocrx_word' id='word_1_438' title='bbox 639 3627 718 3697; x_wconf 90' lang='lat' dir='ltr'><strong>loco</strong></span> <span class='ocrx_word' id='word_1_439' title='bbox 739 3627 879 3699; x_wconf 91' lang='lat' dir='ltr'><strong>dicatur</strong></span> <span class='ocrx_word' id='word_1_440' title='bbox 908 3627 1106 3713; x_wconf 85' lang='lat' dir='ltr'><strong>exordium,</strong></span> <span class='ocrx_word' id='word_1_441' title='bbox 1157 3641 1216 3699; x_wconf 88' lang='lat' dir='ltr'><strong>tur</strong></span> <span class='ocrx_word' id='word_1_442' title='bbox 1235 3628 1274 3696; x_wconf 91' lang='lat' dir='ltr'><strong>iu</strong></span> <span class='ocrx_word' id='word_1_443' title='bbox 1297 3626 1507 3711; x_wconf 88' lang='lat' dir='ltr'><strong>dialecticis,</strong></span> <span class='ocrx_word' id='word_1_444' title='bbox 1530 3629 1625 3721; x_wconf 92' lang='lat' dir='ltr'><strong>quod</strong></span> <span class='ocrx_word' id='word_1_445' title='bbox 1652 3643 1692 3700; x_wconf 92' lang='lat' dir='ltr'><strong>ut</strong></span> <span class='ocrx_word' id='word_1_446' title='bbox 1714 3630 1818 3721; x_wconf 89' lang='lat' dir='ltr'><strong>plane</strong></span> <span class='ocrx_word' id='word_1_447' title='bbox 1843 3633 1996 3724; x_wconf 91' lang='lat' dir='ltr'><strong>perspici</strong></span> <span class='ocrx_word' id='word_1_448' title='bbox 2021 3637 2143 3724; x_wconf 87' lang='lat' dir='ltr'><strong>possit,</strong></span> 
     </span>
     <span class='ocr_line' id='line_1_35' title="bbox 121 3724 2143 3823; baseline 0.001 -24"><span class='ocrx_word' id='word_1_449' title='bbox 121 3728 251 3799; x_wconf 91' lang='lat' dir='ltr'><strong>deinde</strong></span> <span class='ocrx_word' id='word_1_450' title='bbox 265 3728 435 3813; x_wconf 87' lang='lat' dir='ltr'><strong>narratio,</strong></span> <span class='ocrx_word' id='word_1_451' title='bbox 456 3724 550 3798; x_wconf 89' lang='lat' dir='ltr'><strong>hanc</strong></span> <span class='ocrx_word' id='word_1_452' title='bbox 566 3729 729 3823; x_wconf 89' lang='lat' dir='ltr'><strong>sequitur</strong></span> <span class='ocrx_word' id='word_1_453' title='bbox 740 3729 950 3823; x_wconf 90' lang='lat' dir='ltr'><strong>propositio,</strong></span> <span class='ocrx_word' id='word_1_454' title='bbox 974 3730 1019 3798; x_wconf 94' lang='lat' dir='ltr'><strong>de</strong></span> <span class='ocrx_word' id='word_1_455' title='bbox 1036 3753 1105 3823; x_wconf 87' lang='lat' dir='ltr'><strong>qua</strong></span> <span class='ocrx_word' id='word_1_456' title='bbox 1156 3729 1327 3798; x_wconf 89' lang='lat' dir='ltr'><strong>addemus</strong></span> <span class='ocrx_word' id='word_1_457' title='bbox 1340 3727 1511 3819; x_wconf 87' lang='lat' dir='ltr'><strong>exempla.</strong></span> <span class='ocrx_word' id='word_1_458' title='bbox 1560 3729 1615 3798; x_wconf 88' lang='lat' dir='ltr'><strong>Ac</strong></span> <span class='ocrx_word' id='word_1_459' title='bbox 1630 3731 1785 3819; x_wconf 85' lang='lat' dir='ltr'><strong>primum</strong></span> <span class='ocrx_word' id='word_1_460' title='bbox 1801 3735 1844 3803; x_wconf 94' lang='lat' dir='ltr'><strong>de</strong></span> <span class='ocrx_word' id='word_1_461' title='bbox 1858 3735 2013 3804; x_wconf 84' lang='lat' dir='ltr'><strong>exordiis</strong></span> <span class='ocrx_word' id='word_1_462' title='bbox 2026 3736 2143 3805; x_wconf 90' lang='lat' dir='ltr'><strong>scien·</strong></span> 
     </span>
     <span class='ocr_line' id='line_1_36' title="bbox 96 3826 2143 3926; baseline 0.002 -26"><span class='ocrx_word' id='word_1_463' title='bbox 96 3853 98 3857; x_wconf 76' lang='grc'>’</span> <span class='ocrx_word' id='word_1_464' title='bbox 123 3829 305 3900; x_wconf 88' lang='lat' dir='ltr'><strong>dimicatio</strong></span> <span class='ocrx_word' id='word_1_465' title='bbox 322 3842 387 3903; x_wconf 90' lang='lat' dir='ltr'><strong>est.</strong></span> <span class='ocrx_word' id='word_1_466' title='bbox 426 3826 568 3902; x_wconf 88' lang='lat' dir='ltr'><strong>Deinde</strong></span> <span class='ocrx_word' id='word_1_467' title='bbox 578 3831 824 3917; x_wconf 84' lang='lat' dir='ltr'><strong>confirmatio,</strong></span> <span class='ocrx_word' id='word_1_468' title='bbox 847 3845 966 3923; x_wconf 90' lang='lat' dir='ltr'><strong>postea</strong></span> <span class='ocrx_word' id='word_1_469' title='bbox 982 3831 1105 3899; x_wconf 86' lang='lat' dir='ltr'><strong>eonfu·</strong></span> <span class='ocrx_word' id='word_1_470' title='bbox 1156 3830 1242 3900; x_wconf 88' lang='lat' dir='ltr'><strong>dum</strong></span> <span class='ocrx_word' id='word_1_471' title='bbox 1264 3842 1336 3913; x_wconf 88' lang='lat' dir='ltr'><strong>est,</strong></span> <span class='ocrx_word' id='word_1_472' title='bbox 1366 3852 1448 3897; x_wconf 89' lang='lat' dir='ltr'><strong>raro</strong></span> <span class='ocrx_word' id='word_1_473' title='bbox 1472 3829 1509 3897; x_wconf 90' lang='lat' dir='ltr'><strong>in</strong></span> <span class='ocrx_word' id='word_1_474' title='bbox 1533 3831 1689 3900; x_wconf 82' lang='lat' dir='ltr'><strong>exordiis</strong></span> <span class='ocrx_word' id='word_1_475' title='bbox 1709 3833 1931 3926; x_wconf 86' lang='lat' dir='ltr'><strong>syllogismos</strong></span> <span class='ocrx_word' id='word_1_476' title='bbox 1955 3859 2048 3924; x_wconf 89' lang='lat' dir='ltr'><strong>esse,</strong></span> <span class='ocrx_word' id='word_1_477' title='bbox 2079 3837 2143 3907; x_wconf 90' lang='lat' dir='ltr'><strong>sed</strong></span> 
     </span>
     <span class='ocr_line' id='line_1_37' title="bbox 122 3926 2142 4030; baseline 0.002 -28"><span class='ocrx_word' id='word_1_478' title='bbox 122 3930 221 4002; x_wconf 87' lang='lat' dir='ltr'><strong>tatio.</strong></span> <span class='ocrx_word' id='word_1_479' title='bbox 271 3926 461 4000; x_wconf 83' lang='lat' dir='ltr'><strong>Extremus</strong></span> <span class='ocrx_word' id='word_1_480' title='bbox 476 3933 575 4003; x_wconf 88' lang='lat' dir='ltr'><strong>loeus</strong></span> <span class='ocrx_word' id='word_1_481' title='bbox 590 3933 761 4005; x_wconf 88' lang='lat' dir='ltr'><strong>tribuitur</strong></span> <span class='ocrx_word' id='word_1_482' title='bbox 774 3931 1006 4024; x_wconf 87' lang='lat' dir='ltr'><strong>perorationi.</strong></span> <span class='ocrx_word' id='word_1_483' title='bbox 1053 3928 1107 3999; x_wconf 91' lang='lat' dir='ltr'><strong>Ac</strong></span> <span class='ocrx_word' id='word_1_484' title='bbox 1157 3928 1439 4022; x_wconf 88' lang='lat' dir='ltr'><strong>plaerumqueea</strong></span> <span class='ocrx_word' id='word_1_485' title='bbox 1454 3944 1615 4002; x_wconf 89' lang='lat' dir='ltr'><strong>constare</strong></span> <span class='ocrx_word' id='word_1_486' title='bbox 1630 3927 1914 4028; x_wconf 86' lang='lat' dir='ltr'><strong>enthymematis,</strong></span> <span class='ocrx_word' id='word_1_487' title='bbox 1940 3960 2142 4030; x_wconf 81' lang='lat' dir='ltr'><strong>quaenunt</strong></span> 
     </span>
     <span class='ocr_line' id='line_1_38' title="bbox 120 4028 1455 4124; baseline 0.001 -23"><span class='ocrx_word' id='word_1_488' title='bbox 120 4032 280 4124; x_wconf 84' lang='lat' dir='ltr'><strong>proiecto</strong></span> <span class='ocrx_word' id='word_1_489' title='bbox 295 4031 425 4100; x_wconf 87' lang='lat' dir='ltr'><strong>mirum</strong></span> <span class='ocrx_word' id='word_1_490' title='bbox 439 4046 510 4112; x_wconf 87' lang='lat' dir='ltr'><strong>est,</strong></span> <span class='ocrx_word' id='word_1_491' title='bbox 537 4057 616 4103; x_wconf 89' lang='lat' dir='ltr'><strong>cum</strong></span> <span class='ocrx_word' id='word_1_492' title='bbox 632 4028 730 4104; x_wconf 88' lang='lat' dir='ltr'><strong>hune</strong></span> <span class='ocrx_word' id='word_1_493' title='bbox 744 4034 909 4103; x_wconf 91' lang='lat' dir='ltr'><strong>ordinem</strong></span> <span class='ocrx_word' id='word_1_494' title='bbox 926 4033 964 4102; x_wconf 90' lang='lat' dir='ltr'><strong>in</strong></span> <span class='ocrx_word' id='word_1_495' title='bbox 981 4031 1107 4100; x_wconf 89' lang='lat' dir='ltr'><strong>dicen·</strong></span> <span class='ocrx_word' id='word_1_496' title='bbox 1156 4030 1204 4101; x_wconf 90' lang='lat' dir='ltr'><strong>ita</strong></span> <span class='ocrx_word' id='word_1_497' title='bbox 1219 4030 1455 4122; x_wconf 86' lang='lat' dir='ltr'><strong>appellantur.</strong></span> 
     </span>
     <span class='ocr_line' id='line_1_39' title="bbox 122 4127 2143 4232; baseline 0.004 -29"><span class='ocrx_word' id='word_1_498' title='bbox 122 4136 170 4204; x_wconf 95' lang='lat' dir='ltr'><strong>do</strong></span> <span class='ocrx_word' id='word_1_499' title='bbox 185 4146 310 4207; x_wconf 89' lang='lat' dir='ltr'><strong>natura</strong></span> <span class='ocrx_word' id='word_1_500' title='bbox 324 4133 488 4202; x_wconf 89' lang='lat' dir='ltr'><strong>ostendat</strong></span> <span class='ocrx_word' id='word_1_501' title='bbox 503 4132 608 4201; x_wconf 89' lang='lat' dir='ltr'><strong>etiarn</strong></span> <span class='ocrx_word' id='word_1_502' title='bbox 624 4134 787 4218; x_wconf 90' lang='lat' dir='ltr'><strong>indoctis,</strong></span> <span class='ocrx_word' id='word_1_503' title='bbox 810 4148 928 4204; x_wconf 88' lang='lat' dir='ltr'><strong>tamen</strong></span> <span class='ocrx_word' id='word_1_504' title='bbox 943 4127 1107 4202; x_wconf 84' lang='lat' dir='ltr'><strong>homines</strong></span> <span class='ocrx_word' id='word_1_505' title='bbox 1260 4130 1369 4203; x_wconf 90' lang='lat' dir='ltr'><strong>lnitio</strong></span> <span class='ocrx_word' id='word_1_506' title='bbox 1383 4131 1531 4224; x_wconf 90' lang='lat' dir='ltr'><strong>ponitur</strong></span> <span class='ocrx_word' id='word_1_507' title='bbox 1543 4135 1662 4229; x_wconf 85' lang='lat' dir='ltr'><strong>aliqua</strong></span> <span class='ocrx_word' id='word_1_508' title='bbox 1677 4136 1870 4229; x_wconf 88' lang='lat' dir='ltr'><strong>sententia,</strong></span> <span class='ocrx_word' id='word_1_509' title='bbox 1896 4153 2066 4232; x_wconf 85' lang='lat' dir='ltr'><strong>tanquam</strong></span> <span class='ocrx_word' id='word_1_510' title='bbox 2081 4165 2143 4211; x_wconf 85' lang='lat' dir='ltr'><strong>ex-</strong></span> 
     </span>
     <span class='ocr_line' id='line_1_40' title="bbox 121 4228 2143 4328; baseline 0.005 -25"><span class='ocrx_word' id='word_1_511' title='bbox 121 4233 493 4307; x_wconf 85' lang='lat' dir='ltr'><strong>literariosinterdnrn</strong></span> <span class='ocrx_word' id='word_1_512' title='bbox 510 4228 638 4302; x_wconf 87' lang='lat' dir='ltr'><strong>harum</strong></span> <span class='ocrx_word' id='word_1_513' title='bbox 654 4235 808 4326; x_wconf 86' lang='lat' dir='ltr'><strong>partium</strong></span> <span class='ocrx_word' id='word_1_514' title='bbox 824 4233 1003 4305; x_wconf 90' lang='lat' dir='ltr'><strong>seriemin</strong></span> <span class='ocrx_word' id='word_1_515' title='bbox 1019 4233 1106 4303; x_wconf 91' lang='lat' dir='ltr'><strong>scri·</strong></span> <span class='ocrx_word' id='word_1_516' title='bbox 1156 4232 1250 4303; x_wconf 90' lang='lat' dir='ltr'><strong>ordii</strong></span> <span class='ocrx_word' id='word_1_517' title='bbox 1265 4234 1480 4326; x_wconf 89' lang='lat' dir='ltr'><strong>propositio,</strong></span> <span class='ocrx_word' id='word_1_518' title='bbox 1507 4235 1564 4305; x_wconf 91' lang='lat' dir='ltr'><strong>cui</strong></span> <span class='ocrx_word' id='word_1_519' title='bbox 1579 4253 1698 4328; x_wconf 88' lang='lat' dir='ltr'><strong>postea</strong></span> <span class='ocrx_word' id='word_1_520' title='bbox 1720 4238 1909 4309; x_wconf 91' lang='lat' dir='ltr'><strong>subiicitur</strong></span> <span class='ocrx_word' id='word_1_521' title='bbox 1932 4243 2035 4316; x_wconf 91' lang='lat' dir='ltr'><strong>ratio.</strong></span> <span class='ocrx_word' id='word_1_522' title='bbox 2088 4240 2143 4314; x_wconf 82' lang='lat' dir='ltr'><strong>lta</strong></span> 
     </span>
     <span class='ocr_line' id='line_1_41' title="bbox 121 4330 2142 4431; baseline 0.004 -25"><span class='ocrx_word' id='word_1_523' title='bbox 121 4336 192 4428; x_wconf 90' lang='lat' dir='ltr'><strong>ptis</strong></span> <span class='ocrx_word' id='word_1_524' title='bbox 214 4337 366 4407; x_wconf 88' lang='lat' dir='ltr'><strong>aliorum</strong></span> <span class='ocrx_word' id='word_1_525' title='bbox 388 4334 608 4418; x_wconf 89' lang='lat' dir='ltr'><strong>iudicandis,</strong></span> <span class='ocrx_word' id='word_1_526' title='bbox 633 4346 708 4405; x_wconf 85' lang='lat' dir='ltr'><strong>non</strong></span> <span class='ocrx_word' id='word_1_527' title='bbox 727 4335 857 4408; x_wconf 89' lang='lat' dir='ltr'><strong>videre.</strong></span> <span class='ocrx_word' id='word_1_528' title='bbox 907 4334 1032 4431; x_wconf 86' lang='lat' dir='ltr'><strong>Neque</strong></span> <span class='ocrx_word' id='word_1_529' title='bbox 1053 4348 1107 4406; x_wconf 88' lang='lat' dir='ltr'><strong>ta·</strong></span> <span class='ocrx_word' id='word_1_530' title='bbox 1155 4335 1358 4406; x_wconf 89' lang='lat' dir='ltr'><strong>absolutum</strong></span> <span class='ocrx_word' id='word_1_531' title='bbox 1373 4349 1426 4408; x_wconf 89' lang='lat' dir='ltr'><strong>est</strong></span> <span class='ocrx_word' id='word_1_532' title='bbox 1440 4330 1696 4429; x_wconf 81' lang='lat' dir='ltr'><strong>Enthymema,</strong></span> <span class='ocrx_word' id='word_1_533' title='bbox 1721 4340 1780 4408; x_wconf 89' lang='lat' dir='ltr'><strong>sed</strong></span> <span class='ocrx_word' id='word_1_534' title='bbox 1797 4335 2000 4412; x_wconf 88' lang='lat' dir='ltr'><strong>inchoatum</strong></span> <span class='ocrx_word' id='word_1_535' title='bbox 2017 4368 2037 4413; x_wconf 91' lang='lat' dir='ltr'><strong>a</strong></span> <span class='ocrx_word' id='word_1_536' title='bbox 2054 4368 2142 4415; x_wconf 87' lang='lat' dir='ltr'><strong>con-</strong></span> 
     </span>
     <span class='ocr_line' id='line_1_42' title="bbox 121 4429 2142 4532; baseline 0.004 -25"><span class='ocrx_word' id='word_1_537' title='bbox 121 4460 206 4507; x_wconf 91' lang='lat' dir='ltr'><strong>men</strong></span> <span class='ocrx_word' id='word_1_538' title='bbox 230 4438 279 4508; x_wconf 92' lang='lat' dir='ltr'><strong>ita</strong></span> <span class='ocrx_word' id='word_1_539' title='bbox 304 4437 415 4529; x_wconf 83' lang='lat' dir='ltr'><strong>accipi</strong></span> <span class='ocrx_word' id='word_1_540' title='bbox 437 4436 569 4509; x_wconf 90' lang='lat' dir='ltr'><strong>debent</strong></span> <span class='ocrx_word' id='word_1_541' title='bbox 589 4429 677 4507; x_wconf 90' lang='lat' dir='ltr'><strong>haee</strong></span> <span class='ocrx_word' id='word_1_542' title='bbox 698 4451 904 4529; x_wconf 83' lang='lat' dir='ltr'><strong>praecepta,</strong></span> <span class='ocrx_word' id='word_1_543' title='bbox 935 4450 1115 4531; x_wconf 53' lang='lat' dir='ltr'><strong>tauquam,</strong></span> <span class='ocrx_word' id='word_1_544' title='bbox 1154 4452 1335 4531; x_wconf 85' lang='lat' dir='ltr'><strong>sequente.</strong></span> <span class='ocrx_word' id='word_1_545' title='bbox 1385 4433 1475 4506; x_wconf 80' lang='lat' dir='ltr'><strong>Fere</strong></span> <span class='ocrx_word' id='word_1_546' title='bbox 1490 4438 1588 4506; x_wconf 84' lang='lat' dir='ltr'><strong>enirn</strong></span> <span class='ocrx_word' id='word_1_547' title='bbox 1603 4438 1642 4507; x_wconf 92' lang='lat' dir='ltr'><strong>in</strong></span> <span class='ocrx_word' id='word_1_548' title='bbox 1663 4463 1826 4510; x_wconf 91' lang='lat' dir='ltr'><strong>sermone</strong></span> <span class='ocrx_word' id='word_1_549' title='bbox 1846 4442 2050 4532; x_wconf 89' lang='lat' dir='ltr'><strong>probationi</strong></span> <span class='ocrx_word' id='word_1_550' title='bbox 2075 4470 2142 4515; x_wconf 90' lang='lat' dir='ltr'><strong>an-</strong></span> 
     </span>
     <span class='ocr_line' id='line_1_43' title="bbox 121 4534 2140 4636; baseline 0.005 -28"><span class='ocrx_word' id='word_1_551' title='bbox 121 4538 216 4628; x_wconf 84' lang='lat' dir='ltr'><strong>leges</strong></span> <span class='ocrx_word' id='word_1_552' title='bbox 234 4539 279 4607; x_wconf 90' lang='lat' dir='ltr'><strong>de</strong></span> <span class='ocrx_word' id='word_1_553' title='bbox 301 4540 408 4608; x_wconf 91' lang='lat' dir='ltr'><strong>rebus</strong></span> <span class='ocrx_word' id='word_1_554' title='bbox 431 4538 641 4630; x_wconf 89' lang='lat' dir='ltr'><strong>capitalibus</strong></span> <span class='ocrx_word' id='word_1_555' title='bbox 657 4539 696 4609; x_wconf 92' lang='lat' dir='ltr'><strong>in</strong></span> <span class='ocrx_word' id='word_1_556' title='bbox 712 4562 771 4609; x_wconf 88' lang='lat' dir='ltr'><strong>aes</strong></span> <span class='ocrx_word' id='word_1_557' title='bbox 787 4539 931 4610; x_wconf 89' lang='lat' dir='ltr'><strong>incisae.</strong></span> <span class='ocrx_word' id='word_1_558' title='bbox 964 4534 1107 4610; x_wconf 88' lang='lat' dir='ltr'><strong>Cedunt</strong></span> <span class='ocrx_word' id='word_1_559' title='bbox 1156 4537 1339 4630; x_wconf 90' lang='lat' dir='ltr'><strong>teponitur</strong></span> <span class='ocrx_word' id='word_1_560' title='bbox 1353 4538 1562 4629; x_wconf 87' lang='lat' dir='ltr'><strong>propositio.</strong></span> <span class='ocrx_word' id='word_1_561' title='bbox 1612 4537 1726 4610; x_wconf 89' lang='lat' dir='ltr'><strong>Porro</strong></span> <span class='ocrx_word' id='word_1_562' title='bbox 1748 4545 1958 4613; x_wconf 87' lang='lat' dir='ltr'><strong>antecedens</strong></span> <span class='ocrx_word' id='word_1_563' title='bbox 1975 4546 2140 4636; x_wconf 89' lang='lat' dir='ltr'><strong>probatio</strong></span> 
     </span>
     <span class='ocr_line' id='line_1_44' title="bbox 123 4637 2141 4734; baseline 0.006 -26"><span class='ocrx_word' id='word_1_564' title='bbox 123 4638 219 4708; x_wconf 86' lang='lat' dir='ltr'><strong>enirn</strong></span> <span class='ocrx_word' id='word_1_565' title='bbox 239 4639 419 4709; x_wconf 89' lang='lat' dir='ltr'><strong>interdum</strong></span> <span class='ocrx_word' id='word_1_566' title='bbox 434 4640 594 4717; x_wconf 87' lang='lat' dir='ltr'><strong>utilitati.</strong></span> <span class='ocrx_word' id='word_1_567' title='bbox 631 4639 723 4711; x_wconf 88' lang='lat' dir='ltr'><strong>Nam</strong></span> <span class='ocrx_word' id='word_1_568' title='bbox 740 4654 773 4711; x_wconf 90' lang='lat' dir='ltr'><strong>et</strong></span> <span class='ocrx_word' id='word_1_569' title='bbox 788 4637 914 4710; x_wconf 88' lang='lat' dir='ltr'><strong>Cicero</strong></span> <span class='ocrx_word' id='word_1_570' title='bbox 933 4640 1106 4734; x_wconf 87' lang='lat' dir='ltr'><strong>quaedam</strong></span> <span class='ocrx_word' id='word_1_571' title='bbox 1156 4651 1229 4723; x_wconf 91' lang='lat' dir='ltr'><strong>est,</strong></span> <span class='ocrx_word' id='word_1_572' title='bbox 1251 4659 1471 4733; x_wconf 90' lang='lat' dir='ltr'><strong>consequens</strong></span> <span class='ocrx_word' id='word_1_573' title='bbox 1486 4640 1695 4731; x_wconf 89' lang='lat' dir='ltr'><strong>propositio.</strong></span> <span class='ocrx_word' id='word_1_574' title='bbox 1731 4637 1872 4712; x_wconf 89' lang='lat' dir='ltr'><strong>Deinde</strong></span> <span class='ocrx_word' id='word_1_575' title='bbox 1887 4645 2067 4717; x_wconf 89' lang='lat' dir='ltr'><strong>interdum</strong></span> <span class='ocrx_word' id='word_1_576' title='bbox 2084 4673 2141 4720; x_wconf 89' lang='lat' dir='ltr'><strong>se-</strong></span> 
     </span>
     <span class='ocr_line' id='line_1_45' title="bbox 123 4739 2142 4837; baseline 0.006 -27"><span class='ocrx_word' id='word_1_577' title='bbox 123 4739 339 4832; x_wconf 91' lang='lat' dir='ltr'><strong>praeiudicia</strong></span> <span class='ocrx_word' id='word_1_578' title='bbox 355 4752 480 4812; x_wconf 83' lang='lat' dir='ltr'><strong>tractat</strong></span> <span class='ocrx_word' id='word_1_579' title='bbox 497 4742 537 4811; x_wconf 93' lang='lat' dir='ltr'><strong>in</strong></span> <span class='ocrx_word' id='word_1_580' title='bbox 552 4765 655 4812; x_wconf 89' lang='lat' dir='ltr'><strong>eausa</strong></span> <span class='ocrx_word' id='word_1_581' title='bbox 664 4740 816 4813; x_wconf 88' lang='lat' dir='ltr'><strong>Milonis</strong></span> <span class='ocrx_word' id='word_1_582' title='bbox 833 4754 915 4812; x_wconf 89' lang='lat' dir='ltr'><strong>ante</strong></span> <span class='ocrx_word' id='word_1_583' title='bbox 930 4739 1107 4811; x_wconf 78' lang='lat' dir='ltr'><strong>namatio-</strong></span> <span class='ocrx_word' id='word_1_584' title='bbox 1155 4739 1300 4833; x_wconf 90' lang='lat' dir='ltr'><strong>quitur,</strong></span> <span class='ocrx_word' id='word_1_585' title='bbox 1324 4753 1386 4811; x_wconf 90' lang='lat' dir='ltr'><strong>aut</strong></span> <span class='ocrx_word' id='word_1_586' title='bbox 1410 4740 1481 4810; x_wconf 89' lang='lat' dir='ltr'><strong>alia</strong></span> <span class='ocrx_word' id='word_1_587' title='bbox 1503 4741 1686 4832; x_wconf 87' lang='lat' dir='ltr'><strong>probatio,</strong></span> <span class='ocrx_word' id='word_1_588' title='bbox 1716 4755 1778 4813; x_wconf 90' lang='lat' dir='ltr'><strong>aut</strong></span> <span class='ocrx_word' id='word_1_589' title='bbox 1800 4745 2046 4837; x_wconf 84' lang='lat' dir='ltr'><strong>amplificatio,</strong></span> <span class='ocrx_word' id='word_1_590' title='bbox 2077 4763 2142 4822; x_wconf 91' lang='lat' dir='ltr'><strong>aut</strong></span> 
     </span>
     <span class='ocr_line' id='line_1_46' title="bbox 122 4836 2141 4937; baseline 0.005 -26"><span class='ocrx_word' id='word_1_591' title='bbox 122 4864 217 4911; x_wconf 77' lang='lat' dir='ltr'><strong>nean.</strong></span> <span class='ocrx_word' id='word_1_592' title='bbox 279 4836 327 4912; x_wconf 79' lang='lat' dir='ltr'><strong>Et</strong></span> <span class='ocrx_word' id='word_1_593' title='bbox 347 4864 412 4934; x_wconf 91' lang='lat' dir='ltr'><strong>pro</strong></span> <span class='ocrx_word' id='word_1_594' title='bbox 432 4838 530 4937; x_wconf 85' lang='lat' dir='ltr'><strong>Sylla</strong></span> <span class='ocrx_word' id='word_1_595' title='bbox 556 4843 753 4916; x_wconf 80' lang='lat' dir='ltr'><strong>confutatio</strong></span> <span class='ocrx_word' id='word_1_596' title='bbox 778 4843 955 4936; x_wconf 86' lang='lat' dir='ltr'><strong>praecedit</strong></span> <span class='ocrx_word' id='word_1_597' title='bbox 976 4840 1107 4911; x_wconf 81' lang='lat' dir='ltr'><strong>confrr-</strong></span> <span class='ocrx_word' id='word_1_598' title='bbox 1155 4839 1388 4913; x_wconf 88' lang='lat' dir='ltr'><strong>adversativa.</strong></span> <span class='ocrx_word' id='word_1_599' title='bbox 1440 4838 1561 4930; x_wconf 84' lang='lat' dir='ltr'><strong>Quare</strong></span> <span class='ocrx_word' id='word_1_600' title='bbox 1581 4854 1616 4912; x_wconf 91' lang='lat' dir='ltr'><strong>et</strong></span> <span class='ocrx_word' id='word_1_601' title='bbox 1634 4838 1763 4912; x_wconf 89' lang='lat' dir='ltr'><strong>Graeci</strong></span> <span class='ocrx_word' id='word_1_602' title='bbox 1787 4845 2004 4934; x_wconf 91' lang='lat' dir='ltr'><strong>docuerunt,</strong></span> <span class='ocrx_word' id='word_1_603' title='bbox 2036 4872 2141 4922; x_wconf 82' lang='lat' dir='ltr'><strong>exor-</strong></span> 
     </span>
     <span class='ocr_line' id='line_1_47' title="bbox 121 4934 2142 5044; baseline 0.004 -33"><span class='ocrx_word' id='word_1_604' title='bbox 121 4942 327 5015; x_wconf 87' lang='lat' dir='ltr'><strong>mationem.</strong></span> <span class='ocrx_word' id='word_1_605' title='bbox 353 4939 470 5031; x_wconf 85' lang='lat' dir='ltr'><strong>Quam</strong></span> <span class='ocrx_word' id='word_1_606' title='bbox 487 4946 682 5034; x_wconf 88' lang='lat' dir='ltr'><strong>prudenter</strong></span> <span class='ocrx_word' id='word_1_607' title='bbox 698 4942 882 5016; x_wconf 88' lang='lat' dir='ltr'><strong>distribuit</strong></span> <span class='ocrx_word' id='word_1_608' title='bbox 895 4934 1107 5014; x_wconf 89' lang='lat' dir='ltr'><strong>Demosthe-</strong></span> <span class='ocrx_word' id='word_1_609' title='bbox 1155 4939 1256 5012; x_wconf 88' lang='lat' dir='ltr'><strong>dium</strong></span> <span class='ocrx_word' id='word_1_610' title='bbox 1288 4954 1441 5036; x_wconf 90' lang='lat' dir='ltr'><strong>quatuor</strong></span> <span class='ocrx_word' id='word_1_611' title='bbox 1466 4942 1651 5013; x_wconf 91' lang='lat' dir='ltr'><strong>sententiis</strong></span> <span class='ocrx_word' id='word_1_612' title='bbox 1679 4946 1864 5019; x_wconf 88' lang='lat' dir='ltr'><strong>contineri.</strong></span> <span class='ocrx_word' id='word_1_613' title='bbox 1923 4946 2142 5044; x_wconf 82' lang='lat' dir='ltr'><strong>Quanquam</strong></span> 
     </span>
     <span class='ocr_line' id='line_1_48' title="bbox 121 5038 2142 5140; baseline 0.005 -27"><span class='ocrx_word' id='word_1_614' title='bbox 121 5065 185 5113; x_wconf 87' lang='lat' dir='ltr'><strong>nes</strong></span> <span class='ocrx_word' id='word_1_615' title='bbox 205 5038 288 5137; x_wconf 81' lang='grc' dir='ltr'><strong><em>περὶ</em></strong></span> <span class='ocrx_word' id='word_1_616' title='bbox 311 5038 522 5138; x_wconf 74' lang='grc' dir='ltr'><strong><em>στέφανον,</em></strong></span> <span class='ocrx_word' id='word_1_617' title='bbox 547 5043 585 5114; x_wconf 88' lang='lat' dir='ltr'><strong>in</strong></span> <span class='ocrx_word' id='word_1_618' title='bbox 608 5046 713 5137; x_wconf 84' lang='lat' dir='ltr'><strong>longa</strong></span> <span class='ocrx_word' id='word_1_619' title='bbox 734 5059 769 5118; x_wconf 92' lang='lat' dir='ltr'><strong>et</strong></span> <span class='ocrx_word' id='word_1_620' title='bbox 793 5044 984 5136; x_wconf 87' lang='lat' dir='ltr'><strong>multiplici</strong></span> <span class='ocrx_word' id='word_1_621' title='bbox 1002 5066 1106 5114; x_wconf 90' lang='lat' dir='ltr'><strong>causa</strong></span> <span class='ocrx_word' id='word_1_622' title='bbox 1155 5041 1253 5114; x_wconf 90' lang='lat' dir='ltr'><strong>enim</strong></span> <span class='ocrx_word' id='word_1_623' title='bbox 1268 5064 1371 5135; x_wconf 89' lang='lat' dir='ltr'><strong>saepe</strong></span> <span class='ocrx_word' id='word_1_624' title='bbox 1386 5042 1487 5136; x_wconf 88' lang='lat' dir='ltr'><strong>plura</strong></span> <span class='ocrx_word' id='word_1_625' title='bbox 1501 5057 1587 5115; x_wconf 89' lang='lat' dir='ltr'><strong>sunt</strong></span> <span class='ocrx_word' id='word_1_626' title='bbox 1601 5046 1779 5129; x_wconf 87' lang='lat' dir='ltr'><strong>membra,</strong></span> <span class='ocrx_word' id='word_1_627' title='bbox 1804 5061 1920 5119; x_wconf 91' lang='lat' dir='ltr'><strong>tamen</strong></span> <span class='ocrx_word' id='word_1_628' title='bbox 1943 5051 2142 5140; x_wconf 87' lang='lat' dir='ltr'><strong>significare</strong></span> 
     </span>
     <span class='ocr_line' id='line_1_49' title="bbox 121 5144 2141 5243; baseline 0.004 -28"><span class='ocrx_word' id='word_1_629' title='bbox 121 5166 245 5215; x_wconf 90' lang='lat' dir='ltr'><strong>omnes</strong></span> <span class='ocrx_word' id='word_1_630' title='bbox 265 5157 402 5235; x_wconf 86' lang='lat' dir='ltr'><strong>partes,</strong></span> <span class='ocrx_word' id='word_1_631' title='bbox 432 5144 498 5214; x_wconf 90' lang='lat' dir='ltr'><strong>suo</strong></span> <span class='ocrx_word' id='word_1_632' title='bbox 520 5148 676 5236; x_wconf 85' lang='lat' dir='ltr'><strong>quodam</strong></span> <span class='ocrx_word' id='word_1_633' title='bbox 701 5170 788 5218; x_wconf 90' lang='lat' dir='ltr'><strong>usus</strong></span> <span class='ocrx_word' id='word_1_634' title='bbox 818 5144 988 5233; x_wconf 89' lang='lat' dir='ltr'><strong>consilio,</strong></span> <span class='ocrx_word' id='word_1_635' title='bbox 1025 5168 1106 5215; x_wconf 89' lang='lat' dir='ltr'><strong>cum</strong></span> <span class='ocrx_word' id='word_1_636' title='bbox 1155 5145 1366 5229; x_wconf 90' lang='lat' dir='ltr'><strong>voluerunt,</strong></span> <span class='ocrx_word' id='word_1_637' title='bbox 1389 5144 1528 5214; x_wconf 84' lang='lat' dir='ltr'><strong>exordii</strong></span> <span class='ocrx_word' id='word_1_638' title='bbox 1543 5159 1661 5238; x_wconf 89' lang='lat' dir='ltr'><strong>partes</strong></span> <span class='ocrx_word' id='word_1_639' title='bbox 1676 5149 1804 5218; x_wconf 88' lang='lat' dir='ltr'><strong>debere</strong></span> <span class='ocrx_word' id='word_1_640' title='bbox 1827 5150 1927 5243; x_wconf 88' lang='lat' dir='ltr'><strong>quasi</strong></span> <span class='ocrx_word' id='word_1_641' title='bbox 1948 5175 2141 5240; x_wconf 82' lang='lat' dir='ltr'><strong>argumen-</strong></span> 
     </span>
     <span class='ocr_line' id='line_1_50' title="bbox 121 5234 2142 5348; baseline 0.006 -35"><span class='ocrx_word' id='word_1_642' title='bbox 121 5244 248 5317; x_wconf 89' lang='lat' dir='ltr'><strong>iisdem</strong></span> <span class='ocrx_word' id='word_1_643' title='bbox 263 5247 308 5314; x_wconf 91' lang='lat' dir='ltr'><strong>de</strong></span> <span class='ocrx_word' id='word_1_644' title='bbox 323 5245 429 5314; x_wconf 91' lang='lat' dir='ltr'><strong>rebus</strong></span> <span class='ocrx_word' id='word_1_645' title='bbox 443 5259 625 5319; x_wconf 87' lang='lat' dir='ltr'><strong>aecusator</strong></span> <span class='ocrx_word' id='word_1_646' title='bbox 638 5244 850 5334; x_wconf 73' lang='lat' dir='ltr'><strong>Aeschines,</strong></span> <span class='ocrx_word' id='word_1_647' title='bbox 875 5247 981 5339; x_wconf 88' lang='lat' dir='ltr'><strong>longe</strong></span> <span class='ocrx_word' id='word_1_648' title='bbox 994 5234 1105 5316; x_wconf 85' lang='lat' dir='ltr'><strong>alium</strong></span> <span class='ocrx_word' id='word_1_649' title='bbox 1153 5245 1325 5317; x_wconf 89' lang='lat' dir='ltr'><strong>tationem</strong></span> <span class='ocrx_word' id='word_1_650' title='bbox 1346 5258 1427 5336; x_wconf 87' lang='lat' dir='ltr'><strong>apte</strong></span> <span class='ocrx_word' id='word_1_651' title='bbox 1445 5239 1645 5319; x_wconf 88' lang='lat' dir='ltr'><strong>cohaerere.</strong></span> <span class='ocrx_word' id='word_1_652' title='bbox 1704 5245 1824 5319; x_wconf 88' lang='lat' dir='ltr'><strong>Prima</strong></span> <span class='ocrx_word' id='word_1_653' title='bbox 1853 5273 1935 5341; x_wconf 88' lang='lat' dir='ltr'><strong>pars</strong></span> <span class='ocrx_word' id='word_1_654' title='bbox 1960 5252 2142 5348; x_wconf 75' lang='lat' dir='ltr'><strong>reprimere</strong></span> 
     </span>
     <span class='ocr_line' id='line_1_51' title="bbox 120 5342 2141 5446; baseline 0.004 -27"><span class='ocrx_word' id='word_1_655' title='bbox 120 5346 286 5419; x_wconf 87' lang='lat' dir='ltr'><strong>ordinem</strong></span> <span class='ocrx_word' id='word_1_656' title='bbox 303 5345 527 5423; x_wconf 86' lang='lat' dir='ltr'><strong>instituisset.</strong></span> <span class='ocrx_word' id='word_1_657' title='bbox 577 5343 627 5422; x_wconf 83' lang='lat' dir='ltr'><strong>Et</strong></span> <span class='ocrx_word' id='word_1_658' title='bbox 641 5343 727 5420; x_wconf 85' lang='lat' dir='ltr'><strong>baec</strong></span> <span class='ocrx_word' id='word_1_659' title='bbox 742 5348 783 5419; x_wconf 92' lang='lat' dir='ltr'><strong>in</strong></span> <span class='ocrx_word' id='word_1_660' title='bbox 796 5349 958 5440; x_wconf 82' lang='lat' dir='ltr'><strong>legendis</strong></span> <span class='ocrx_word' id='word_1_661' title='bbox 981 5349 1105 5420; x_wconf 91' lang='lat' dir='ltr'><strong>docto·</strong></span> <span class='ocrx_word' id='word_1_662' title='bbox 1153 5359 1216 5421; x_wconf 83' lang='lat' dir='ltr'><strong>est.</strong></span> <span class='ocrx_word' id='word_1_663' title='bbox 1241 5343 1405 5419; x_wconf 72' lang='lat' dir='ltr'><strong>&amp;eunde</strong></span> <span class='ocrx_word' id='word_1_664' title='bbox 1413 5342 1636 5445; x_wconf 76' lang='grc' dir='ltr'><strong><em>κατασκευή.</em></strong></span> <span class='ocrx_word' id='word_1_665' title='bbox 1663 5347 1785 5422; x_wconf 84' lang='lat' dir='ltr'><strong>Tertia</strong></span> <span class='ocrx_word' id='word_1_666' title='bbox 1801 5344 1990 5435; x_wconf 79' lang='grc' dir='ltr'><em>ἀπόδοσις.</em></span> <span class='ocrx_word' id='word_1_667' title='bbox 2017 5354 2141 5446; x_wconf 88' lang='lat' dir='ltr'><strong>Quar-</strong></span> 
     </span>
    </p>
   </div>
   <div class='ocr_carea' id='block_1_6' title="bbox 0 0 2274 5749">
    <p class='ocr_par' dir='ltr' id='par_1_7' title="bbox 0 0 2274 5749">
     <span class='ocr_line' id='line_1_52' title="bbox 0 0 2274 5749; baseline 0 0"><span class='ocrx_word' id='word_1_668' title='bbox 0 0 2274 5749; x_wconf 95' lang='lat' dir='ltr'><strong> </strong></span> 
     </span>
    </p>
   </div>
  </div>
 </body>
</html>
