<?xml version="1.0" encoding="UTF-8"?>
<!DOCTYPE html PUBLIC "-//W3C//DTD XHTML 1.0 Transitional//EN"
    "http://www.w3.org/TR/xhtml1/DTD/xhtml1-transitional.dtd">
<html xmlns="http://www.w3.org/1999/xhtml" xml:lang="en" lang="en">
 <head>
  <title>
</title>
<meta http-equiv="Content-Type" content="text/html;charset=utf-8" />
  <meta name='ocr-system' content='tesseract 3.04.00' />
  <meta name='ocr-capabilities' content='ocr_page ocr_carea ocr_par ocr_line ocrx_word'/>
</head>
<body>
  <div class='ocr_page' id='page_1' title='image "./corpusreformato11melagoog_0175.png"; bbox 0 0 4538 5754; ppageno 0'>
   <div class='ocr_carea' id='block_1_1' title="bbox 194 226 2232 325">
    <p class='ocr_par' dir='ltr' id='par_1_1' title="bbox 194 226 2232 325">
     <span class='ocr_line' id='line_1_1' title="bbox 194 226 2232 325; baseline 0.005 -12"><span class='ocrx_word' id='word_1_1' title='bbox 194 238 270 316; x_wconf 75' lang='grc'><strong>819</strong></span> <span class='ocrx_word' id='word_1_2' title='bbox 434 229 643 308; x_wconf 82' lang='lat' dir='ltr'>SCRIPTA</span> <span class='ocrx_word' id='word_1_3' title='bbox 674 230 752 323; x_wconf 75' lang='lat' dir='ltr'><strong>PH,</strong></span> <span class='ocrx_word' id='word_1_4' title='bbox 775 228 897 311; x_wconf 80' lang='lat' dir='ltr'><strong>MEL.</strong></span> <span class='ocrx_word' id='word_1_5' title='bbox 920 229 991 307; x_wconf 82' lang='lat' dir='ltr'><strong>An</strong></span> <span class='ocrx_word' id='word_1_6' title='bbox 1014 229 1142 308; x_wconf 77' lang='lat' dir='ltr'><strong>fflsr.</strong></span> <span class='ocrx_word' id='word_1_7' title='bbox 1167 226 1314 310; x_wconf 79' lang='lat' dir='ltr'><strong>PROF.</strong></span> <span class='ocrx_word' id='word_1_8' title='bbox 1340 228 1409 307; x_wconf 84' lang='grc' dir='ltr'><strong>ΕΤ</strong></span> <span class='ocrx_word' id='word_1_9' title='bbox 1433 231 1632 311; x_wconf 83' lang='lat' dir='ltr'><strong>PHILOS.</strong></span> <span class='ocrx_word' id='word_1_10' title='bbox 1658 233 1983 318; x_wconf 75' lang='lat' dir='ltr'><strong>SPECTANTIA.</strong></span> <span class='ocrx_word' id='word_1_11' title='bbox 2151 250 2232 325; x_wconf 65' lang='lat' dir='ltr'><strong>das</strong></span> 
     </span>
    </p>
   </div>
   <div class='ocr_carea' id='block_1_2' title="bbox 200 375 2235 608">
    <p class='ocr_par' dir='ltr' id='par_1_2' title="bbox 200 375 2235 608">
     <span class='ocr_line' id='line_1_2' title="bbox 225 375 2235 506; baseline 0.008 -31"><span class='ocrx_word' id='word_1_12' title='bbox 225 375 228 380; x_wconf 95' lang='lat'>.</span> <span class='ocrx_word' id='word_1_13' title='bbox 299 401 399 476; x_wconf 83' lang='lat' dir='ltr'><strong>Alias</strong></span> <span class='ocrx_word' id='word_1_14' title='bbox 419 425 558 475; x_wconf 87' lang='lat' dir='ltr'><strong>causam</strong></span> <span class='ocrx_word' id='word_1_15' title='bbox 581 405 773 494; x_wconf 87' lang='lat' dir='ltr'><strong>significat,</strong></span> <span class='ocrx_word' id='word_1_16' title='bbox 815 418 856 474; x_wconf 91' lang='lat' dir='ltr'><strong>ut</strong></span> <span class='ocrx_word' id='word_1_17' title='bbox 883 400 999 474; x_wconf 89' lang='lat' dir='ltr'><strong>inbis</strong></span> <span class='ocrx_word' id='word_1_18' title='bbox 1023 403 1211 490; x_wconf 68' lang='lat' dir='ltr'><strong>versibus}</strong></span> <span class='ocrx_word' id='word_1_19' title='bbox 1234 402 1404 477; x_wconf 78' lang='lat' dir='ltr'><strong>adfertur.</strong></span> <span class='ocrx_word' id='word_1_20' title='bbox 1454 401 1551 474; x_wconf 90' lang='lat' dir='ltr'><strong>Haec</strong></span> <span class='ocrx_word' id='word_1_21' title='bbox 1587 407 1747 477; x_wconf 86' lang='lat' dir='ltr'><strong>accidere</strong></span> <span class='ocrx_word' id='word_1_22' title='bbox 1772 410 1850 480; x_wconf 86' lang='lat' dir='ltr'><strong>sinc</strong></span> <span class='ocrx_word' id='word_1_23' title='bbox 1876 413 1950 485; x_wconf 90' lang='lat' dir='ltr'><strong>ulla</strong></span> <span class='ocrx_word' id='word_1_24' title='bbox 1977 438 2041 506; x_wconf 92' lang='lat' dir='ltr'><strong>per</strong></span> <span class='ocrx_word' id='word_1_25' title='bbox 2063 438 2100 487; x_wconf 90' lang='lat' dir='ltr'><strong>se</strong></span> <span class='ocrx_word' id='word_1_26' title='bbox 2123 441 2235 492; x_wconf 83' lang='lat' dir='ltr'><strong>causa</strong></span> 
     </span>
     <span class='ocr_line' id='line_1_3' title="bbox 200 504 2232 608; baseline 0.008 -32"><span class='ocrx_word' id='word_1_27' title='bbox 200 509 359 598; x_wconf 79' lang='lat' dir='ltr'><strong>Virgilii:</strong></span> <span class='ocrx_word' id='word_1_28' title='bbox 1235 504 1458 593; x_wconf 80' lang='lat' dir='ltr'><strong>gubernante</strong></span> <span class='ocrx_word' id='word_1_29' title='bbox 1496 508 1656 578; x_wconf 80' lang='lat' dir='ltr'><strong>dicerent</strong></span> <span class='ocrx_word' id='word_1_30' title='bbox 1691 507 1938 601; x_wconf 83' lang='lat' dir='ltr'><strong>Democritus,</strong></span> <span class='ocrx_word' id='word_1_31' title='bbox 1970 512 2151 608; x_wconf 77' lang='lat' dir='ltr'><strong>Epicurus</strong></span> <span class='ocrx_word' id='word_1_32' title='bbox 2192 538 2232 592; x_wconf 87' lang='lat' dir='ltr'><strong>et</strong></span> 
     </span>
    </p>
   </div>
   <div class='ocr_carea' id='block_1_3' title="bbox 251 602 2236 894">
    <p class='ocr_par' dir='ltr' id='par_1_3' title="bbox 251 602 2236 894">
     <span class='ocr_line' id='line_1_4' title="bbox 251 602 2236 740; baseline -0.005 -28"><span class='ocrx_word' id='word_1_33' title='bbox 251 648 348 712; x_wconf 84' lang='lat' dir='ltr'><strong>llluln</strong></span> <span class='ocrx_word' id='word_1_34' title='bbox 363 647 443 726; x_wconf 88' lang='lat' dir='ltr'><strong>dies,</strong></span> <span class='ocrx_word' id='word_1_35' title='bbox 468 651 626 731; x_wconf 78' lang='lat' dir='ltr'><strong>variusque</strong></span> <span class='ocrx_word' id='word_1_36' title='bbox 650 649 735 708; x_wconf 83' lang='lat' dir='ltr'><strong>labor</strong></span> <span class='ocrx_word' id='word_1_37' title='bbox 750 651 902 709; x_wconf 86' lang='lat' dir='ltr'><strong>mutabilis</strong></span> <span class='ocrx_word' id='word_1_38' title='bbox 918 655 985 710; x_wconf 81' lang='lat' dir='ltr'><strong>aevi</strong></span> <span class='ocrx_word' id='word_1_39' title='bbox 1235 605 1338 676; x_wconf 53' lang='lat' dir='ltr'><strong>mulli</strong></span> <span class='ocrx_word' id='word_1_40' title='bbox 1365 602 1529 699; x_wconf 64' lang='lat' dir='ltr'><strong>Phy3i⁰i’</strong></span> <span class='ocrx_word' id='word_1_41' title='bbox 1560 609 1864 725; x_wconf 59' lang='lat' dir='ltr'>‚dispumemqu‘</span> <span class='ocrx_word' id='word_1_42' title='bbox 1889 618 1973 684; x_wconf 53' lang='grc' dir='ltr'><strong>Μὴ</strong></span> <span class='ocrx_word' id='word_1_43' title='bbox 1997 642 2073 687; x_wconf 68' lang='lat'><strong>‘⁸⁸0</strong></span> <span class='ocrx_word' id='word_1_44' title='bbox 2097 622 2236 740; x_wconf 51' lang='lat' dir='ltr'><strong>fesffl&#39;l&#39;e</strong></span> 
     </span>
     <span class='ocr_line' id='line_1_5' title="bbox 251 701 2226 840; baseline 0.003 -56"><span class='ocrx_word' id='word_1_45' title='bbox 251 749 382 815; x_wconf 81' lang='lat' dir='ltr'><strong>Rettulit</strong></span> <span class='ocrx_word' id='word_1_46' title='bbox 396 756 429 810; x_wconf 88' lang='lat' dir='ltr'><strong>in</strong></span> <span class='ocrx_word' id='word_1_47' title='bbox 443 753 569 828; x_wconf 80' lang='lat' dir='ltr'><strong>melius,</strong></span> <span class='ocrx_word' id='word_1_48' title='bbox 596 754 708 812; x_wconf 56' lang='lat' dir='ltr'><strong>muno,</strong></span> <span class='ocrx_word' id='word_1_49' title='bbox 724 754 835 811; x_wconf 78' lang='lat' dir='ltr'><strong>alterna</strong></span> <span class='ocrx_word' id='word_1_50' title='bbox 850 757 979 812; x_wconf 76' lang='lat' dir='ltr'><strong>revisens</strong></span> <span class='ocrx_word' id='word_1_51' title='bbox 1235 701 1324 824; x_wconf 78' lang='lat' dir='ltr'><strong>baec</strong></span> <span class='ocrx_word' id='word_1_52' title='bbox 1342 709 1386 775; x_wconf 92' lang='lat' dir='ltr'><strong>ad</strong></span> <span class='ocrx_word' id='word_1_53' title='bbox 1406 721 1611 779; x_wconf 86' lang='lat' dir='ltr'><strong>temerarsos</strong></span> <span class='ocrx_word' id='word_1_54' title='bbox 1627 726 1748 832; x_wconf 76' lang='lat' dir='ltr'><strong>motus</strong></span> <span class='ocrx_word' id='word_1_55' title='bbox 1759 716 1985 786; x_wconf 75' lang='lat' dir='ltr'><strong>voluntatum</strong></span> <span class='ocrx_word' id='word_1_56' title='bbox 2004 734 2226 840; x_wconf 78' lang='lat' dir='ltr'><strong>etmaterrae.</strong></span> 
     </span>
     <span class='ocr_line' id='line_1_6' title="bbox 1234 807 2224 894; baseline 0.018 -19"><span class='ocrx_word' id='word_1_57' title='bbox 1234 830 1311 876; x_wconf 88' lang='lat' dir='ltr'><strong>srne</strong></span> <span class='ocrx_word' id='word_1_58' title='bbox 1327 807 1401 877; x_wconf 89' lang='lat' dir='ltr'><strong>nlla</strong></span> <span class='ocrx_word' id='word_1_59' title='bbox 1423 832 1538 883; x_wconf 86' lang='lat' dir='ltr'><strong>cansa.</strong></span> <span class='ocrx_word' id='word_1_60' title='bbox 1590 811 1659 881; x_wconf 87' lang='lat' dir='ltr'><strong>Sed</strong></span> <span class='ocrx_word' id='word_1_61' title='bbox 1684 812 1893 888; x_wconf 76' lang='lat' dir='ltr'><strong>Aristoteles</strong></span> <span class='ocrx_word' id='word_1_62' title='bbox 1915 825 2150 892; x_wconf 79' lang='lat' dir='ltr'><strong>verecundius</strong></span> <span class='ocrx_word' id='word_1_63' title='bbox 2174 823 2224 894; x_wconf 90' lang='lat' dir='ltr'><strong>lo·</strong></span> 
     </span>
    </p>
   </div>
   <div class='ocr_carea' id='block_1_4' title="bbox 1234 913 2222 1002">
    <p class='ocr_par' dir='ltr' id='par_1_4' title="bbox 1234 913 2222 1002">
     <span class='ocr_line' id='line_1_7' title="bbox 1234 913 2222 1002; baseline 0.016 -24"><span class='ocrx_word' id='word_1_64' title='bbox 1234 923 1336 979; x_wconf 91' lang='lat' dir='ltr'><strong>cutus</strong></span> <span class='ocrx_word' id='word_1_65' title='bbox 1360 922 1430 992; x_wconf 89' lang='lat' dir='ltr'><strong>est,</strong></span> <span class='ocrx_word' id='word_1_66' title='bbox 1470 936 1543 980; x_wconf 94' lang='lat' dir='ltr'><strong>non</strong></span> <span class='ocrx_word' id='word_1_67' title='bbox 1571 913 1657 982; x_wconf 89' lang='lat' dir='ltr'><strong>dicit</strong></span> <span class='ocrx_word' id='word_1_68' title='bbox 1688 916 1825 985; x_wconf 90' lang='lat' dir='ltr'><strong>nullam</strong></span> <span class='ocrx_word' id='word_1_69' title='bbox 1857 941 1932 987; x_wconf 92' lang='lat' dir='ltr'><strong>esse</strong></span> <span class='ocrx_word' id='word_1_70' title='bbox 1962 943 2124 1002; x_wconf 88' lang='lat' dir='ltr'><strong>causam,</strong></span> <span class='ocrx_word' id='word_1_71' title='bbox 2163 947 2222 994; x_wconf 82' lang='lat' dir='ltr'><strong>seo</strong></span> 
     </span>
    </p>
   </div>
   <div class='ocr_carea' id='block_1_5' title="bbox 202 979 2222 1181">
    <p class='ocr_par' dir='ltr' id='par_1_5' title="bbox 202 979 2222 1181">
     <span class='ocr_line' id='line_1_8' title="bbox 301 979 2222 1112; baseline -0.006 -58"><span class='ocrx_word' id='word_1_72' title='bbox 301 979 381 1054; x_wconf 83' lang='lat' dir='ltr'><strong>Etsi</strong></span> <span class='ocrx_word' id='word_1_73' title='bbox 410 995 526 1053; x_wconf 89' lang='lat' dir='ltr'><strong>autern</strong></span> <span class='ocrx_word' id='word_1_74' title='bbox 548 982 746 1073; x_wconf 84' lang='lat' dir='ltr'><strong>prorniscue</strong></span> <span class='ocrx_word' id='word_1_75' title='bbox 770 997 942 1076; x_wconf 90' lang='lat' dir='ltr'><strong>usurpant</strong></span> <span class='ocrx_word' id='word_1_76' title='bbox 963 987 1086 1073; x_wconf 71' lang='lat' dir='ltr'><strong>poetae</strong></span> <span class='ocrx_word' id='word_1_77' title='bbox 1117 983 1180 1053; x_wconf 86' lang='lat' dir='ltr'><strong>fati</strong></span> <span class='ocrx_word' id='word_1_78' title='bbox 1234 1003 1429 1103; x_wconf 53' lang='grc' dir='ltr'><strong><em>ἀόριστον,</em></strong></span> <span class='ocrx_word' id='word_1_79' title='bbox 1467 1013 1658 1099; x_wconf 51' lang='lat' dir='ltr'><strong>immam,</strong></span> <span class='ocrx_word' id='word_1_80' title='bbox 1692 1031 1727 1088; x_wconf 54' lang='lat' dir='ltr'><strong>e,</strong></span> <span class='ocrx_word' id='word_1_81' title='bbox 1749 1019 1855 1088; x_wconf 51' lang='lat' dir='ltr'><strong>nobi,</strong></span> <span class='ocrx_word' id='word_1_82' title='bbox 1879 1021 2048 1109; x_wconf 44' lang='lat' dir='ltr'><strong>ignotam·</strong></span> <span class='ocrx_word' id='word_1_83' title='bbox 2107 1022 2222 1112; x_wconf 41' lang='lat' dir='ltr'><strong>Quae·</strong></span> 
     </span>
     <span class='ocr_line' id='line_1_9' title="bbox 202 1085 1320 1181; baseline -0.008 -22"><span class='ocrx_word' id='word_1_84' title='bbox 202 1102 235 1158; x_wconf 90' lang='lat' dir='ltr'><strong>et</strong></span> <span class='ocrx_word' id='word_1_85' title='bbox 250 1091 414 1157; x_wconf 82' lang='lat' dir='ltr'><strong>fortunae</strong></span> <span class='ocrx_word' id='word_1_86' title='bbox 433 1108 583 1169; x_wconf 89' lang='lat' dir='ltr'><strong>nomen,</strong></span> <span class='ocrx_word' id='word_1_87' title='bbox 610 1097 727 1153; x_wconf 88' lang='lat' dir='ltr'><strong>tamen</strong></span> <span class='ocrx_word' id='word_1_88' title='bbox 741 1085 832 1153; x_wconf 83' lang='lat' dir='ltr'><strong>infra</strong></span> <span class='ocrx_word' id='word_1_89' title='bbox 850 1086 1041 1154; x_wconf 84' lang='lat' dir='ltr'><strong>discrimen</strong></span> <span class='ocrx_word' id='word_1_90' title='bbox 1061 1097 1181 1154; x_wconf 86' lang='lat' dir='ltr'><strong>osten·</strong></span> <span class='ocrx_word' id='word_1_91' title='bbox 1234 1126 1320 1181; x_wconf 59' lang='lat' dir='ltr'><strong>run,</strong></span> 
     </span>
    </p>
   </div>
   <div class='ocr_carea' id='block_1_6' title="bbox 202 1184 1184 1783">
    <p class='ocr_par' dir='ltr' id='par_1_6' title="bbox 202 1184 1184 1783">
     <span class='ocr_line' id='line_1_10' title="bbox 204 1184 1182 1259; baseline 0 0"><span class='ocrx_word' id='word_1_92' title='bbox 204 1192 338 1259; x_wconf 89' lang='lat' dir='ltr'><strong>demus.</strong></span> <span class='ocrx_word' id='word_1_93' title='bbox 398 1184 496 1256; x_wconf 91' lang='lat' dir='ltr'><strong>ldem</strong></span> <span class='ocrx_word' id='word_1_94' title='bbox 516 1200 660 1255; x_wconf 87' lang='lat' dir='ltr'><strong>eventus</strong></span> <span class='ocrx_word' id='word_1_95' title='bbox 678 1187 808 1255; x_wconf 88' lang='lat' dir='ltr'><strong>dicitur</strong></span> <span class='ocrx_word' id='word_1_96' title='bbox 822 1187 938 1255; x_wconf 80' lang='lat' dir='ltr'><strong>fatalis</strong></span> <span class='ocrx_word' id='word_1_97' title='bbox 954 1200 988 1256; x_wconf 95' lang='lat' dir='ltr'><strong>et</strong></span> <span class='ocrx_word' id='word_1_98' title='bbox 1004 1187 1182 1259; x_wconf 77' lang='lat' dir='ltr'><strong>fortuitus.</strong></span> 
     </span>
     <span class='ocr_line' id='line_1_11' title="bbox 300 1288 1182 1381; baseline -0.007 -21"><span class='ocrx_word' id='word_1_99' title='bbox 300 1288 503 1371; x_wconf 83' lang='lat' dir='ltr'><strong>Fortuitus,</strong></span> <span class='ocrx_word' id='word_1_100' title='bbox 528 1299 687 1378; x_wconf 88' lang='lat' dir='ltr'><strong>respectu</strong></span> <span class='ocrx_word' id='word_1_101' title='bbox 702 1289 814 1356; x_wconf 81' lang='lat' dir='ltr'><strong>nostri</strong></span> <span class='ocrx_word' id='word_1_102' title='bbox 832 1289 990 1372; x_wconf 88' lang='lat' dir='ltr'><strong>consilii,</strong></span> <span class='ocrx_word' id='word_1_103' title='bbox 1017 1288 1100 1381; x_wconf 90' lang='lat' dir='ltr'><strong>quia</strong></span> <span class='ocrx_word' id='word_1_104' title='bbox 1116 1311 1182 1356; x_wconf 89' lang='lat' dir='ltr'><strong>nos</strong></span> 
     </span>
     <span class='ocr_line' id='line_1_12' title="bbox 202 1389 1180 1478; baseline -0.009 -15"><span class='ocrx_word' id='word_1_105' title='bbox 202 1414 341 1463; x_wconf 88' lang='lat' dir='ltr'><strong>causam</strong></span> <span class='ocrx_word' id='word_1_106' title='bbox 359 1414 434 1458; x_wconf 92' lang='lat' dir='ltr'><strong>non</strong></span> <span class='ocrx_word' id='word_1_107' title='bbox 453 1389 627 1475; x_wconf 86' lang='lat' dir='ltr'><strong>videmus,</strong></span> <span class='ocrx_word' id='word_1_108' title='bbox 653 1413 717 1457; x_wconf 92' lang='lat' dir='ltr'><strong>nec</strong></span> <span class='ocrx_word' id='word_1_109' title='bbox 731 1391 1006 1478; x_wconf 84' lang='lat' dir='ltr'><strong>gubernavimus</strong></span> <span class='ocrx_word' id='word_1_110' title='bbox 1017 1394 1180 1458; x_wconf 87' lang='lat' dir='ltr'><strong>eventurn</strong></span> 
     </span>
     <span class='ocr_line' id='line_1_13' title="bbox 202 1487 521 1564; baseline -0.003 0"><span class='ocrx_word' id='word_1_111' title='bbox 202 1507 327 1564; x_wconf 89' lang='lat' dir='ltr'><strong>nostro</strong></span> <span class='ocrx_word' id='word_1_112' title='bbox 359 1487 521 1563; x_wconf 86' lang='lat' dir='ltr'><strong>consilio.</strong></span> 
     </span>
     <span class='ocr_line' id='line_1_14' title="bbox 307 1591 1182 1686; baseline -0.003 -22"><span class='ocrx_word' id='word_1_113' title='bbox 307 1593 458 1673; x_wconf 81' lang='lat' dir='ltr'><strong>Fatalis,</strong></span> <span class='ocrx_word' id='word_1_114' title='bbox 498 1593 581 1686; x_wconf 88' lang='lat' dir='ltr'><strong>quia</strong></span> <span class='ocrx_word' id='word_1_115' title='bbox 612 1606 705 1664; x_wconf 86' lang='lat' dir='ltr'><strong>certa</strong></span> <span class='ocrx_word' id='word_1_116' title='bbox 740 1595 891 1685; x_wconf 88' lang='lat' dir='ltr'><strong>quadam</strong></span> <span class='ocrx_word' id='word_1_117' title='bbox 909 1616 1029 1677; x_wconf 90' lang='lat' dir='ltr'><strong>causa,</strong></span> <span class='ocrx_word' id='word_1_118' title='bbox 1055 1591 1182 1661; x_wconf 85' lang='lat' dir='ltr'><strong>videli-</strong></span> 
     </span>
     <span class='ocr_line' id='line_1_15' title="bbox 204 1692 1184 1783; baseline -0.007 -15"><span class='ocrx_word' id='word_1_119' title='bbox 204 1710 277 1783; x_wconf 89' lang='lat' dir='ltr'><strong>cet,</strong></span> <span class='ocrx_word' id='word_1_120' title='bbox 302 1709 365 1767; x_wconf 88' lang='lat' dir='ltr'><strong>aut</strong></span> <span class='ocrx_word' id='word_1_121' title='bbox 379 1692 447 1765; x_wconf 90' lang='lat' dir='ltr'><strong>Dei</strong></span> <span class='ocrx_word' id='word_1_122' title='bbox 464 1693 632 1779; x_wconf 87' lang='lat' dir='ltr'><strong>consilio,</strong></span> <span class='ocrx_word' id='word_1_123' title='bbox 664 1707 726 1764; x_wconf 91' lang='lat' dir='ltr'><strong>aut</strong></span> <span class='ocrx_word' id='word_1_124' title='bbox 754 1694 988 1765; x_wconf 79' lang='lat' dir='ltr'><strong>inclinatione</strong></span> <span class='ocrx_word' id='word_1_125' title='bbox 1011 1718 1030 1763; x_wconf 92' lang='lat' dir='ltr'><strong>a</strong></span> <span class='ocrx_word' id='word_1_126' title='bbox 1056 1693 1184 1762; x_wconf 91' lang='lat' dir='ltr'><strong>sideri-</strong></span> 
     </span>
    </p>
   </div>
   <div class='ocr_carea' id='block_1_7' title="bbox 250 850 966 929">
    <p class='ocr_par' dir='ltr' id='par_1_7' title="bbox 250 850 966 929">
     <span class='ocr_line' id='line_1_16' title="bbox 250 850 966 929; baseline -0.006 -14"><span class='ocrx_word' id='word_1_127' title='bbox 250 850 358 929; x_wconf 88' lang='lat' dir='ltr'><strong>Lusit,</strong></span> <span class='ocrx_word' id='word_1_128' title='bbox 385 865 415 912; x_wconf 84' lang='lat' dir='ltr'><strong>et</strong></span> <span class='ocrx_word' id='word_1_129' title='bbox 429 855 462 911; x_wconf 88' lang='lat' dir='ltr'><strong>in</strong></span> <span class='ocrx_word' id='word_1_130' title='bbox 476 853 574 912; x_wconf 89' lang='lat' dir='ltr'><strong>solido</strong></span> <span class='ocrx_word' id='word_1_131' title='bbox 588 874 687 912; x_wconf 87' lang='lat' dir='ltr'><strong>rursus</strong></span> <span class='ocrx_word' id='word_1_132' title='bbox 703 853 826 913; x_wconf 78' lang='lat' dir='ltr'><strong>fortuna</strong></span> <span class='ocrx_word' id='word_1_133' title='bbox 844 858 966 914; x_wconf 80' lang='lat' dir='ltr'><strong>locavit.</strong></span> 
     </span>
    </p>
   </div>
   <div class='ocr_carea' id='block_1_8' title="bbox 1236 1112 2220 1291">
    <p class='ocr_par' dir='ltr' id='par_1_8' title="bbox 1236 1112 2220 1291">
     <span class='ocr_line' id='line_1_17' title="bbox 1344 1112 2220 1223; baseline 0.017 -44"><span class='ocrx_word' id='word_1_134' title='bbox 1344 1112 1453 1199; x_wconf 88' lang='lat' dir='ltr'><strong>igitur</strong></span> <span class='ocrx_word' id='word_1_135' title='bbox 1476 1116 1537 1183; x_wconf 86' lang='lat' dir='ltr'><strong>alii</strong></span> <span class='ocrx_word' id='word_1_136' title='bbox 1557 1140 1621 1205; x_wconf 91' lang='lat' dir='ltr'><strong>per</strong></span> <span class='ocrx_word' id='word_1_137' title='bbox 1646 1140 1681 1185; x_wconf 92' lang='lat' dir='ltr'><strong>se</strong></span> <span class='ocrx_word' id='word_1_138' title='bbox 1711 1143 1842 1189; x_wconf 87' lang='lat' dir='ltr'><strong>causas.</strong></span> <span class='ocrx_word' id='word_1_139' title='bbox 1894 1119 1991 1223; x_wconf 80' lang='lat' dir='ltr'><strong>Hipc</strong></span> <span class='ocrx_word' id='word_1_140' title='bbox 2014 1125 2220 1214; x_wconf 89' lang='lat' dir='ltr'><strong>disputatio-</strong></span> 
     </span>
     <span class='ocr_line' id='line_1_18' title="bbox 1236 1213 1851 1291; baseline 0.016 -10"><span class='ocrx_word' id='word_1_141' title='bbox 1236 1235 1300 1282; x_wconf 85' lang='lat' dir='ltr'><strong>nes</strong></span> <span class='ocrx_word' id='word_1_142' title='bbox 1318 1213 1435 1282; x_wconf 83' lang='lat' dir='ltr'><strong>variae</strong></span> <span class='ocrx_word' id='word_1_143' title='bbox 1452 1218 1496 1283; x_wconf 96' lang='lat' dir='ltr'><strong>de</strong></span> <span class='ocrx_word' id='word_1_144' title='bbox 1513 1217 1584 1285; x_wconf 85' lang='lat' dir='ltr'><strong>sato</strong></span> <span class='ocrx_word' id='word_1_145' title='bbox 1600 1233 1739 1288; x_wconf 79' lang='lat' dir='ltr'><strong>exortae</strong></span> <span class='ocrx_word' id='word_1_146' title='bbox 1756 1234 1851 1291; x_wconf 85' lang='lat' dir='ltr'><strong>sunt.</strong></span> 
     </span>
    </p>
   </div>
   <div class='ocr_carea' id='block_1_9' title="bbox 1563 1436 1893 1521">
    <p class='ocr_par' dir='ltr' id='par_1_9' title="bbox 1563 1436 1893 1521">
     <span class='ocr_line' id='line_1_19' title="bbox 1563 1436 1893 1521; baseline 0.015 -13"><span class='ocrx_word' id='word_1_147' title='bbox 1563 1436 1664 1521; x_wconf 79' lang='lat' dir='ltr'><strong>Quid</strong></span> <span class='ocrx_word' id='word_1_148' title='bbox 1679 1448 1736 1509; x_wconf 83' lang='lat' dir='ltr'><strong>est</strong></span> <span class='ocrx_word' id='word_1_149' title='bbox 1751 1438 1893 1513; x_wconf 75' lang='lat' dir='ltr'><strong>Uarus?</strong></span> 
     </span>
    </p>
   </div>
   <div class='ocr_carea' id='block_1_10' title="bbox 1235 1612 2223 1807">
    <p class='ocr_par' dir='ltr' id='par_1_10' title="bbox 1235 1612 2223 1807">
     <span class='ocr_line' id='line_1_20' title="bbox 1336 1612 2223 1712; baseline 0.017 -26"><span class='ocrx_word' id='word_1_150' title='bbox 1336 1612 1446 1687; x_wconf 88' lang='lat' dir='ltr'><strong>Casus</strong></span> <span class='ocrx_word' id='word_1_151' title='bbox 1463 1634 1515 1691; x_wconf 90' lang='lat' dir='ltr'><strong>est</strong></span> <span class='ocrx_word' id='word_1_152' title='bbox 1537 1644 1639 1692; x_wconf 90' lang='lat' dir='ltr'><strong>causa</strong></span> <span class='ocrx_word' id='word_1_153' title='bbox 1667 1647 1728 1712; x_wconf 90' lang='lat' dir='ltr'><strong>per</strong></span> <span class='ocrx_word' id='word_1_154' title='bbox 1750 1627 1913 1697; x_wconf 90' lang='lat' dir='ltr'><strong>accidens</strong></span> <span class='ocrx_word' id='word_1_155' title='bbox 1934 1628 1972 1699; x_wconf 88' lang='lat' dir='ltr'><strong>in</strong></span> <span class='ocrx_word' id='word_1_156' title='bbox 1997 1644 2125 1700; x_wconf 87' lang='lat' dir='ltr'><strong>natura</strong></span> <span class='ocrx_word' id='word_1_157' title='bbox 2149 1655 2223 1701; x_wconf 91' lang='lat' dir='ltr'><strong>non</strong></span> 
     </span>
     <span class='ocr_line' id='line_1_21' title="bbox 1235 1716 2219 1807; baseline 0.016 -22"><span class='ocrx_word' id='word_1_158' title='bbox 1235 1716 1467 1807; x_wconf 82' lang='lat' dir='ltr'><strong>intelligente,</strong></span> <span class='ocrx_word' id='word_1_159' title='bbox 1485 1723 1542 1790; x_wconf 92' lang='lat' dir='ltr'><strong>cui</strong></span> <span class='ocrx_word' id='word_1_160' title='bbox 1558 1724 1684 1795; x_wconf 91' lang='lat' dir='ltr'><strong>accidit</strong></span> <span class='ocrx_word' id='word_1_161' title='bbox 1700 1740 1847 1797; x_wconf 83' lang='lat' dir='ltr'><strong>eventus</strong></span> <span class='ocrx_word' id='word_1_162' title='bbox 1863 1743 1964 1800; x_wconf 89' lang='lat' dir='ltr'><strong>motu</strong></span> <span class='ocrx_word' id='word_1_163' title='bbox 1980 1733 2147 1802; x_wconf 89' lang='lat' dir='ltr'><strong>materiae</strong></span> <span class='ocrx_word' id='word_1_164' title='bbox 2161 1756 2219 1801; x_wconf 87' lang='lat' dir='ltr'><strong>va-</strong></span> 
     </span>
    </p>
   </div>
   <div class='ocr_carea' id='block_1_11' title="bbox 204 1794 2220 2015">
    <p class='ocr_par' dir='ltr' id='par_1_11' title="bbox 204 1794 2220 2015">
     <span class='ocr_line' id='line_1_22' title="bbox 204 1794 2218 1923; baseline 0.017 -56"><span class='ocrx_word' id='word_1_165' title='bbox 204 1800 271 1870; x_wconf 90' lang='lat' dir='ltr'><strong>bus</strong></span> <span class='ocrx_word' id='word_1_166' title='bbox 290 1810 385 1883; x_wconf 85' lang='lat' dir='ltr'><strong>orla,</strong></span> <span class='ocrx_word' id='word_1_167' title='bbox 410 1797 640 1886; x_wconf 73' lang='lat' dir='ltr'><strong>gubernatur·</strong></span> <span class='ocrx_word' id='word_1_168' title='bbox 691 1794 856 1865; x_wconf 65' lang='lat' dir='ltr'><strong>Dicemuss</strong></span> <span class='ocrx_word' id='word_1_169' title='bbox 877 1795 971 1864; x_wconf 61' lang='lat' dir='ltr'><strong>enlm</strong></span> <span class='ocrx_word' id='word_1_170' title='bbox 993 1796 1086 1864; x_wconf 61' lang='lat' dir='ltr'>insta</span> <span class='ocrx_word' id='word_1_171' title='bbox 1100 1818 1183 1912; x_wconf 52' lang='lat'><strong>0³¹¹:</strong></span> <span class='ocrx_word' id='word_1_172' title='bbox 1235 1819 1414 1907; x_wconf 88' lang='lat' dir='ltr'><strong>gabundo‚</strong></span> <span class='ocrx_word' id='word_1_173' title='bbox 1436 1821 1498 1913; x_wconf 93' lang='lat' dir='ltr'><strong>qui</strong></span> <span class='ocrx_word' id='word_1_174' title='bbox 1512 1847 1585 1892; x_wconf 90' lang='lat' dir='ltr'><strong>non</strong></span> <span class='ocrx_word' id='word_1_175' title='bbox 1601 1820 1707 1896; x_wconf 88' lang='lat' dir='ltr'><strong>habet</strong></span> <span class='ocrx_word' id='word_1_176' title='bbox 1725 1839 1854 1897; x_wconf 90' lang='lat' dir='ltr'><strong>certam</strong></span> <span class='ocrx_word' id='word_1_177' title='bbox 1872 1843 1907 1899; x_wconf 88' lang='lat' dir='ltr'><strong>et</strong></span> <span class='ocrx_word' id='word_1_178' title='bbox 1921 1847 2125 1923; x_wconf 87' lang='lat' dir='ltr'><strong>perpetuam</strong></span> <span class='ocrx_word' id='word_1_179' title='bbox 2139 1856 2218 1901; x_wconf 88' lang='lat' dir='ltr'><strong>can·</strong></span> 
     </span>
     <span class='ocr_line' id='line_1_23' title="bbox 205 1897 2220 2015; baseline 0.004 -24"><span class='ocrx_word' id='word_1_180' title='bbox 205 1922 261 1971; x_wconf 71' lang='lat'><strong>⁸⁸⁸</strong></span> <span class='ocrx_word' id='word_1_181' title='bbox 276 1921 342 1992; x_wconf 73' lang='lat' dir='ltr'><strong>Per</strong></span> <span class='ocrx_word' id='word_1_182' title='bbox 359 1898 541 1977; x_wconf 46' lang='lat' dir='ltr'><strong>miden&amp;</strong></span> <span class='ocrx_word' id='word_1_183' title='bbox 566 1898 610 1965; x_wconf 64' lang='lat' dir='ltr'><strong>‘ld</strong></span> <span class='ocrx_word' id='word_1_184' title='bbox 626 1897 762 1988; x_wconf 64' lang='lat' dir='ltr'><strong>³¹3q⁰³⁵</strong></span> <span class='ocrx_word' id='word_1_185' title='bbox 777 1920 840 1987; x_wconf 68' lang='lat' dir='ltr'><strong>Per</strong></span> <span class='ocrx_word' id='word_1_186' title='bbox 856 1919 892 1965; x_wconf 57' lang='grc' dir='ltr'><strong>ὅθ</strong></span> <span class='ocrx_word' id='word_1_187' title='bbox 908 1921 1028 1965; x_wconf 58' lang='lat' dir='ltr'><strong>caum</strong></span> <span class='ocrx_word' id='word_1_188' title='bbox 1047 1898 1183 1968; x_wconf 57' lang='lat' dir='ltr'>“fem-</span> <span class='ocrx_word' id='word_1_189' title='bbox 1235 1942 1327 2004; x_wconf 90' lang='lat' dir='ltr'><strong>sam,</strong></span> <span class='ocrx_word' id='word_1_190' title='bbox 1353 1935 1394 1990; x_wconf 90' lang='lat' dir='ltr'><strong>ut</strong></span> <span class='ocrx_word' id='word_1_191' title='bbox 1409 1937 1527 1992; x_wconf 87' lang='lat' dir='ltr'><strong>motus</strong></span> <span class='ocrx_word' id='word_1_192' title='bbox 1541 1925 1623 1993; x_wconf 87' lang='lat' dir='ltr'><strong>vitri</strong></span> <span class='ocrx_word' id='word_1_193' title='bbox 1639 1941 1691 1996; x_wconf 90' lang='lat' dir='ltr'><strong>est</strong></span> <span class='ocrx_word' id='word_1_194' title='bbox 1707 1928 1790 1995; x_wconf 86' lang='lat' dir='ltr'><strong>ferri</strong></span> <span class='ocrx_word' id='word_1_195' title='bbox 1809 1930 1987 2015; x_wconf 90' lang='lat' dir='ltr'><strong>deorsum,</strong></span> <span class='ocrx_word' id='word_1_196' title='bbox 2012 1930 2082 2001; x_wconf 91' lang='lat' dir='ltr'><strong>Hic</strong></span> <span class='ocrx_word' id='word_1_197' title='bbox 2103 1945 2220 2002; x_wconf 86' lang='lat' dir='ltr'><strong>motus</strong></span> 
     </span>
    </p>
   </div>
   <div class='ocr_carea' id='block_1_12' title="bbox 202 1997 2223 2213">
    <p class='ocr_par' dir='ltr' id='par_1_12' title="bbox 202 1997 2223 2213">
     <span class='ocr_line' id='line_1_24' title="bbox 307 1997 2222 2116; baseline 0.006 -45"><span class='ocrx_word' id='word_1_198' title='bbox 307 1999 367 2071; x_wconf 90' lang='lat' dir='ltr'><strong>Sic</strong></span> <span class='ocrx_word' id='word_1_199' title='bbox 391 2012 508 2069; x_wconf 90' lang='lat' dir='ltr'><strong>autern</strong></span> <span class='ocrx_word' id='word_1_200' title='bbox 526 1997 641 2068; x_wconf 91' lang='lat' dir='ltr'><strong>utitur</strong></span> <span class='ocrx_word' id='word_1_201' title='bbox 653 1997 862 2067; x_wconf 84' lang='lat' dir='ltr'><strong>Aristoteles</strong></span> <span class='ocrx_word' id='word_1_202' title='bbox 881 1998 1182 2089; x_wconf 89' lang='lat' dir='ltr'><strong>adpellationibus</strong></span> <span class='ocrx_word' id='word_1_203' title='bbox 1238 2034 1290 2092; x_wconf 62' lang='lat' dir='ltr'><strong>e„</strong></span> <span class='ocrx_word' id='word_1_204' title='bbox 1312 2023 1498 2092; x_wconf 55' lang='lat' dir='ltr'><strong>naturali,</strong></span> <span class='ocrx_word' id='word_1_205' title='bbox 1551 2026 1620 2096; x_wconf 63' lang='lat' dir='ltr'><strong>sed</strong></span> <span class='ocrx_word' id='word_1_206' title='bbox 1646 2041 1687 2098; x_wconf 60' lang='lat' dir='ltr'><strong>ug</strong></span> <span class='ocrx_word' id='word_1_207' title='bbox 1708 2029 1840 2098; x_wconf 62' lang='lat' dir='ltr'>viuum</span> <span class='ocrx_word' id='word_1_208' title='bbox 1862 2032 2024 2103; x_wconf 52' lang='lat' dir='ltr'><strong>suffigat</strong></span> <span class='ocrx_word' id='word_1_209' title='bbox 2044 2034 2084 2101; x_wconf 68' lang='lat' dir='ltr'><strong>in</strong></span> <span class='ocrx_word' id='word_1_210' title='bbox 2106 2032 2222 2116; x_wconf 90' lang='lat' dir='ltr'><strong>basin,</strong></span> 
     </span>
     <span class='ocr_line' id='line_1_25' title="bbox 202 2095 2223 2213; baseline 0.006 -40"><span class='ocrx_word' id='word_1_211' title='bbox 202 2101 383 2173; x_wconf 86' lang='lat' dir='ltr'><strong>Fortunae</strong></span> <span class='ocrx_word' id='word_1_212' title='bbox 397 2113 431 2170; x_wconf 88' lang='lat' dir='ltr'><strong>et</strong></span> <span class='ocrx_word' id='word_1_213' title='bbox 445 2098 571 2182; x_wconf 88' lang='lat' dir='ltr'><strong>Casus,</strong></span> <span class='ocrx_word' id='word_1_214' title='bbox 597 2095 776 2183; x_wconf 90' lang='lat' dir='ltr'><strong>hocloco,</strong></span> <span class='ocrx_word' id='word_1_215' title='bbox 801 2112 841 2168; x_wconf 88' lang='lat' dir='ltr'><strong>ut</strong></span> <span class='ocrx_word' id='word_1_216' title='bbox 858 2122 978 2168; x_wconf 83' lang='lat' dir='ltr'><strong>causas</strong></span> <span class='ocrx_word' id='word_1_217' title='bbox 993 2100 1065 2168; x_wconf 88' lang='lat' dir='ltr'><strong>dici</strong></span> <span class='ocrx_word' id='word_1_218' title='bbox 1087 2099 1203 2177; x_wconf 60' lang='lat' dir='ltr'><strong>velit„</strong></span> <span class='ocrx_word' id='word_1_219' title='bbox 1237 2145 1303 2191; x_wconf 61' lang='lat' dir='ltr'><strong>„ec</strong></span> <span class='ocrx_word' id='word_1_220' title='bbox 1316 2122 1519 2213; x_wconf 48' lang='lat' dir='ltr'><strong>frangatur,</strong></span> <span class='ocrx_word' id='word_1_221' title='bbox 1545 2127 1580 2195; x_wconf 63' lang='lat' dir='ltr'><strong>id</strong></span> <span class='ocrx_word' id='word_1_222' title='bbox 1598 2152 1697 2197; x_wconf 61' lang='lat' dir='ltr'><strong>mu,</strong></span> <span class='ocrx_word' id='word_1_223' title='bbox 1714 2143 1775 2197; x_wconf 53' lang='lat' dir='ltr'><strong>eq,</strong></span> <span class='ocrx_word' id='word_1_224' title='bbox 1825 2127 1940 2202; x_wconf 61' lang='lat' dir='ltr'><strong>Etecfi</strong></span> <span class='ocrx_word' id='word_1_225' title='bbox 1962 2156 2002 2200; x_wconf 60' lang='lat' dir='ltr'><strong>ex</strong></span> <span class='ocrx_word' id='word_1_226' title='bbox 2024 2157 2133 2202; x_wconf 59' lang='lat' dir='ltr'><strong>mam,</strong></span> <span class='ocrx_word' id='word_1_227' title='bbox 2160 2133 2223 2204; x_wconf 64' lang='lat' dir='ltr'><strong>[ati</strong></span> 
     </span>
    </p>
   </div>
   <div class='ocr_carea' id='block_1_13' title="bbox 203 2200 2225 2525">
    <p class='ocr_par' dir='ltr' id='par_1_13' title="bbox 203 2200 2225 2525">
     <span class='ocr_line' id='line_1_26' title="bbox 206 2200 2225 2317; baseline 0.005 -44"><span class='ocrx_word' id='word_1_228' title='bbox 206 2228 245 2273; x_wconf 91' lang='lat' dir='ltr'><strong>ac</strong></span> <span class='ocrx_word' id='word_1_229' title='bbox 269 2205 433 2274; x_wconf 79' lang='lat' dir='ltr'><strong>fortunae</strong></span> <span class='ocrx_word' id='word_1_230' title='bbox 456 2225 586 2270; x_wconf 87' lang='lat' dir='ltr'><strong>nomen</strong></span> <span class='ocrx_word' id='word_1_231' title='bbox 604 2201 764 2270; x_wconf 85' lang='lat' dir='ltr'><strong>attribuit</strong></span> <span class='ocrx_word' id='word_1_232' title='bbox 780 2200 966 2288; x_wconf 83' lang='lat' dir='ltr'><strong>agentibus</strong></span> <span class='ocrx_word' id='word_1_233' title='bbox 988 2225 1068 2268; x_wconf 86' lang='lat' dir='ltr'><strong>curn</strong></span> <span class='ocrx_word' id='word_1_234' title='bbox 1093 2200 1185 2268; x_wconf 91' lang='lat' dir='ltr'><strong>deli·</strong></span> <span class='ocrx_word' id='word_1_235' title='bbox 1238 2235 1338 2293; x_wconf 66' lang='lat' dir='ltr'><strong>mom</strong></span> <span class='ocrx_word' id='word_1_236' title='bbox 1355 2226 1509 2294; x_wconf 55' lang='lat' dir='ltr'>naturali</span> <span class='ocrx_word' id='word_1_237' title='bbox 1531 2227 1694 2300; x_wconf 56' lang='lat' dir='ltr'>feruntur</span> <span class='ocrx_word' id='word_1_238' title='bbox 1723 2231 1909 2312; x_wconf 57' lang='lat' dir='ltr'><strong>dem-mm,</strong></span> <span class='ocrx_word' id='word_1_239' title='bbox 1945 2235 2005 2302; x_wconf 64' lang='lat' dir='ltr'><strong>„d</strong></span> <span class='ocrx_word' id='word_1_240' title='bbox 2024 2234 2086 2302; x_wconf 66' lang='lat'><strong>3115</strong></span> <span class='ocrx_word' id='word_1_241' title='bbox 2102 2248 2225 2317; x_wconf 58' lang='lat' dir='ltr'><strong>mum,</strong></span> 
     </span>
     <span class='ocr_line' id='line_1_27' title="bbox 203 2301 2225 2407; baseline 0.008 -21"><span class='ocrx_word' id='word_1_242' title='bbox 203 2306 405 2389; x_wconf 65' lang='lat' dir='ltr'><strong>beralifflle,</strong></span> <span class='ocrx_word' id='word_1_243' title='bbox 445 2325 598 2397; x_wconf 72' lang='lat' dir='ltr'>‘1¹¹⁰fflm</span> <span class='ocrx_word' id='word_1_244' title='bbox 632 2302 788 2370; x_wconf 63' lang='lat' dir='ltr'><strong>³⁰¹l⁰¹¹⁰⁸</strong></span> <span class='ocrx_word' id='word_1_245' title='bbox 811 2314 928 2370; x_wconf 59' lang='lat' dir='ltr'><strong>lmen</strong></span> <span class='ocrx_word' id='word_1_246' title='bbox 952 2301 1015 2371; x_wconf 62' lang='grc' dir='ltr'><strong>3Ῑῆ</strong></span> <span class='ocrx_word' id='word_1_247' title='bbox 1038 2315 1186 2370; x_wconf 57' lang='lat' dir='ltr'><strong>‘lenm</strong></span> <span class='ocrx_word' id='word_1_248' title='bbox 1242 2323 1364 2407; x_wconf 88' lang='lat' dir='ltr'><strong>aliter,</strong></span> <span class='ocrx_word' id='word_1_249' title='bbox 1401 2336 1435 2393; x_wconf 88' lang='lat' dir='ltr'><strong>et</strong></span> <span class='ocrx_word' id='word_1_250' title='bbox 1460 2349 1539 2395; x_wconf 90' lang='lat' dir='ltr'><strong>cum</strong></span> <span class='ocrx_word' id='word_1_251' title='bbox 1566 2352 1690 2399; x_wconf 87' lang='lat' dir='ltr'><strong>omnes</strong></span> <span class='ocrx_word' id='word_1_252' title='bbox 1712 2330 1935 2403; x_wconf 83' lang='lat' dir='ltr'><strong>dissimiliter</strong></span> <span class='ocrx_word' id='word_1_253' title='bbox 1957 2337 2088 2404; x_wconf 89' lang='lat' dir='ltr'><strong>cadunt</strong></span> <span class='ocrx_word' id='word_1_254' title='bbox 2112 2336 2225 2406; x_wconf 87' lang='lat' dir='ltr'><strong>iactus</strong></span> 
     </span>
     <span class='ocr_line' id='line_1_28' title="bbox 206 2399 2224 2525; baseline 0.009 -40"><span class='ocrx_word' id='word_1_255' title='bbox 206 2406 442 2489; x_wconf 68' lang='lat' dir='ltr'><strong>comllffllufs</strong></span> <span class='ocrx_word' id='word_1_256' title='bbox 467 2416 606 2495; x_wconf 62' lang='grc' dir='ltr'><strong>Ρῐθθῑθῑ</strong></span> <span class='ocrx_word' id='word_1_257' title='bbox 622 2402 787 2474; x_wconf 60' lang='grc' dir='ltr'><strong>ἱῦῑθῦῐῡῧ·</strong></span> <span class='ocrx_word' id='word_1_258' title='bbox 813 2399 941 2471; x_wconf 59' lang='lat' dir='ltr'>Casum</span> <span class='ocrx_word' id='word_1_259' title='bbox 958 2426 1042 2470; x_wconf 58' lang='grc' dir='ltr'><strong>ΜΟ</strong></span> <span class='ocrx_word' id='word_1_260' title='bbox 1059 2402 1186 2472; x_wconf 54' lang='lat' dir='ltr'><strong>tribuit</strong></span> <span class='ocrx_word' id='word_1_261' title='bbox 1244 2423 1394 2492; x_wconf 88' lang='lat' dir='ltr'><strong>Veneris</strong></span> <span class='ocrx_word' id='word_1_262' title='bbox 1408 2426 1550 2500; x_wconf 85' lang='lat' dir='ltr'><strong>dicitur.</strong></span> <span class='ocrx_word' id='word_1_263' title='bbox 1600 2426 1698 2499; x_wconf 91' lang='lat' dir='ltr'><strong>Haec</strong></span> <span class='ocrx_word' id='word_1_264' title='bbox 1714 2432 1869 2500; x_wconf 89' lang='lat' dir='ltr'><strong>talorum</strong></span> <span class='ocrx_word' id='word_1_265' title='bbox 1886 2434 2056 2525; x_wconf 87' lang='lat' dir='ltr'><strong>proiectio</strong></span> <span class='ocrx_word' id='word_1_266' title='bbox 2072 2449 2224 2506; x_wconf 86' lang='lat' dir='ltr'><strong>estcau-</strong></span> 
     </span>
    </p>
   </div>
   <div class='ocr_carea' id='block_1_14' title="bbox 207 2504 2225 2724">
    <p class='ocr_par' dir='ltr' id='par_1_14' title="bbox 207 2504 2225 2724">
     <span class='ocr_line' id='line_1_29' title="bbox 208 2504 1841 2614; baseline 0.002 -39"><span class='ocrx_word' id='word_1_267' title='bbox 208 2508 394 2597; x_wconf 85' lang='lat' dir='ltr'><strong>agentibus</strong></span> <span class='ocrx_word' id='word_1_268' title='bbox 416 2507 495 2574; x_wconf 90' lang='lat' dir='ltr'><strong>sine</strong></span> <span class='ocrx_word' id='word_1_269' title='bbox 510 2504 783 2572; x_wconf 89' lang='lat' dir='ltr'><strong>deliberatione:</strong></span> <span class='ocrx_word' id='word_1_270' title='bbox 818 2515 860 2572; x_wconf 91' lang='lat' dir='ltr'><strong>ut</strong></span> <span class='ocrx_word' id='word_1_271' title='bbox 881 2527 961 2570; x_wconf 88' lang='lat' dir='ltr'><strong>cnm</strong></span> <span class='ocrx_word' id='word_1_272' title='bbox 986 2504 1116 2572; x_wconf 90' lang='lat' dir='ltr'><strong>vitrum</strong></span> <span class='ocrx_word' id='word_1_273' title='bbox 1143 2504 1187 2569; x_wconf 91' lang='lat' dir='ltr'><strong>de</strong></span> <span class='ocrx_word' id='word_1_274' title='bbox 1239 2526 1701 2614; x_wconf 55' lang='lat' dir='ltr'><strong>,aperaccidemvfflereff</strong></span> <span class='ocrx_word' id='word_1_275' title='bbox 1719 2532 1841 2604; x_wconf 47' lang='lat' dir='ltr'><strong>iactus·</strong></span> 
     </span>
     <span class='ocr_line' id='line_1_30' title="bbox 207 2603 2225 2724; baseline 0.005 -48"><span class='ocrx_word' id='word_1_276' title='bbox 207 2632 326 2678; x_wconf 86' lang='lat' dir='ltr'><strong>mensa</strong></span> <span class='ocrx_word' id='word_1_277' title='bbox 344 2607 483 2687; x_wconf 89' lang='lat' dir='ltr'><strong>cadens,</strong></span> <span class='ocrx_word' id='word_1_278' title='bbox 505 2607 597 2674; x_wconf 87' lang='lat' dir='ltr'><strong>latus</strong></span> <span class='ocrx_word' id='word_1_279' title='bbox 613 2628 687 2673; x_wconf 94' lang='lat' dir='ltr'><strong>non</strong></span> <span class='ocrx_word' id='word_1_280' title='bbox 703 2604 820 2675; x_wconf 90' lang='lat' dir='ltr'><strong>allidit</strong></span> <span class='ocrx_word' id='word_1_281' title='bbox 834 2603 925 2688; x_wconf 87' lang='lat' dir='ltr'><strong>solo,</strong></span> <span class='ocrx_word' id='word_1_282' title='bbox 951 2606 1187 2694; x_wconf 89' lang='lat' dir='ltr'><strong>sedprocum-</strong></span> <span class='ocrx_word' id='word_1_283' title='bbox 1340 2624 1416 2695; x_wconf 63' lang='lat' dir='ltr'><strong>Nec</strong></span> <span class='ocrx_word' id='word_1_284' title='bbox 1440 2641 1493 2698; x_wconf 63' lang='lat' dir='ltr'><strong>,st</strong></span> <span class='ocrx_word' id='word_1_285' title='bbox 1516 2630 1554 2698; x_wconf 68' lang='lat'><strong>51,</strong></span> <span class='ocrx_word' id='word_1_286' title='bbox 1580 2631 1699 2720; x_wconf 61' lang='lat' dir='ltr'><strong>parvi,</strong></span> <span class='ocrx_word' id='word_1_287' title='bbox 1723 2634 1953 2724; x_wconf 55' lang='lat' dir='ltr'><strong>emmim,</strong></span> <span class='ocrx_word' id='word_1_288' title='bbox 1993 2647 2055 2706; x_wconf 61' lang='lat' dir='ltr'><strong>,ug</strong></span> <span class='ocrx_word' id='word_1_289' title='bbox 2076 2634 2225 2705; x_wconf 60' lang='lat' dir='ltr'><strong>ludicri,</strong></span> 
     </span>
    </p>
   </div>
   <div class='ocr_carea' id='block_1_15' title="bbox 206 2706 2223 2826">
    <p class='ocr_par' dir='ltr' id='par_1_15' title="bbox 206 2706 2223 2826">
     <span class='ocr_line' id='line_1_31' title="bbox 206 2706 2223 2826; baseline 0.013 -47"><span class='ocrx_word' id='word_1_290' title='bbox 206 2711 259 2780; x_wconf 93' lang='lat' dir='ltr'><strong>bit</strong></span> <span class='ocrx_word' id='word_1_291' title='bbox 274 2710 312 2779; x_wconf 90' lang='lat' dir='ltr'><strong>in</strong></span> <span class='ocrx_word' id='word_1_292' title='bbox 327 2708 449 2794; x_wconf 90' lang='lat' dir='ltr'><strong>basin,</strong></span> <span class='ocrx_word' id='word_1_293' title='bbox 474 2730 539 2776; x_wconf 91' lang='lat' dir='ltr'><strong>nec</strong></span> <span class='ocrx_word' id='word_1_294' title='bbox 553 2706 740 2796; x_wconf 81' lang='lat' dir='ltr'><strong>frangitur.</strong></span> <span class='ocrx_word' id='word_1_295' title='bbox 1240 2724 1399 2796; x_wconf 85' lang='lat' dir='ltr'><strong>motibus</strong></span> <span class='ocrx_word' id='word_1_296' title='bbox 1417 2751 1520 2798; x_wconf 89' lang='lat' dir='ltr'><strong>eausa</strong></span> <span class='ocrx_word' id='word_1_297' title='bbox 1545 2754 1610 2822; x_wconf 91' lang='lat' dir='ltr'><strong>per</strong></span> <span class='ocrx_word' id='word_1_298' title='bbox 1636 2756 1674 2801; x_wconf 90' lang='lat' dir='ltr'><strong>se</strong></span> <span class='ocrx_word' id='word_1_299' title='bbox 1703 2735 1918 2826; x_wconf 85' lang='lat' dir='ltr'><strong>quaerenda.</strong></span> <span class='ocrx_word' id='word_1_300' title='bbox 1975 2732 2094 2805; x_wconf 91' lang='lat' dir='ltr'><strong>Multa</strong></span> <span class='ocrx_word' id='word_1_301' title='bbox 2127 2737 2223 2806; x_wconf 85' lang='lat' dir='ltr'><strong>varie</strong></span> 
     </span>
    </p>
   </div>
   <div class='ocr_carea' id='block_1_16' title="bbox 1241 2826 2223 2928">
    <p class='ocr_par' dir='ltr' id='par_1_16' title="bbox 1241 2826 2223 2928">
     <span class='ocr_line' id='line_1_32' title="bbox 1241 2826 2223 2928; baseline 0.009 -31"><span class='ocrx_word' id='word_1_302' title='bbox 1241 2840 1353 2898; x_wconf 88' lang='lat' dir='ltr'><strong>ruunt</strong></span> <span class='ocrx_word' id='word_1_303' title='bbox 1367 2826 1442 2898; x_wconf 89' lang='lat' dir='ltr'><strong>sine</strong></span> <span class='ocrx_word' id='word_1_304' title='bbox 1458 2830 1530 2899; x_wconf 89' lang='lat' dir='ltr'><strong>ulla</strong></span> <span class='ocrx_word' id='word_1_305' title='bbox 1545 2856 1609 2923; x_wconf 92' lang='lat' dir='ltr'><strong>per</strong></span> <span class='ocrx_word' id='word_1_306' title='bbox 1626 2855 1663 2902; x_wconf 89' lang='lat' dir='ltr'><strong>se</strong></span> <span class='ocrx_word' id='word_1_307' title='bbox 1678 2858 1793 2907; x_wconf 86' lang='lat' dir='ltr'><strong>causa.</strong></span> <span class='ocrx_word' id='word_1_308' title='bbox 1841 2833 1912 2906; x_wconf 90' lang='lat' dir='ltr'><strong>Sed</strong></span> <span class='ocrx_word' id='word_1_309' title='bbox 1929 2857 2056 2925; x_wconf 90' lang='lat' dir='ltr'><strong>magna</strong></span> <span class='ocrx_word' id='word_1_310' title='bbox 2074 2860 2223 2928; x_wconf 86' lang='lat' dir='ltr'><strong>corpora</strong></span> 
     </span>
    </p>
   </div>
   <div class='ocr_carea' id='block_1_17' title="bbox 507 2925 2222 3046">
    <p class='ocr_par' dir='ltr' id='par_1_17' title="bbox 507 2925 2222 3046">
     <span class='ocr_line' id='line_1_33' title="bbox 507 2925 2222 3046; baseline -0.002 -36"><span class='ocrx_word' id='word_1_311' title='bbox 507 2957 606 3046; x_wconf 61' lang='lat' dir='ltr'><strong>Qum</strong></span> <span class='ocrx_word' id='word_1_312' title='bbox 627 2967 685 3032; x_wconf 54' lang='grc' dir='ltr'><em>Μ</em></span> <span class='ocrx_word' id='word_1_313' title='bbox 698 2963 863 3032; x_wconf 58' lang='lat' dir='ltr'><strong>portum</strong></span> <span class='ocrx_word' id='word_1_314' title='bbox 873 2955 891 3028; x_wconf 70' lang='lat' dir='ltr'><strong>p</strong></span> <span class='ocrx_word' id='word_1_315' title='bbox 1241 2929 1440 3022; x_wconf 86' lang='lat' dir='ltr'><strong>plerunque</strong></span> <span class='ocrx_word' id='word_1_316' title='bbox 1457 2925 1591 3004; x_wconf 90' lang='lat' dir='ltr'><strong>babent</strong></span> <span class='ocrx_word' id='word_1_317' title='bbox 1608 2957 1719 3024; x_wconf 89' lang='lat' dir='ltr'><strong>perse</strong></span> <span class='ocrx_word' id='word_1_318' title='bbox 1734 2957 1866 3021; x_wconf 87' lang='lat' dir='ltr'><strong>causas,</strong></span> <span class='ocrx_word' id='word_1_319' title='bbox 1886 2949 1927 3007; x_wconf 90' lang='lat' dir='ltr'><strong>ut</strong></span> <span class='ocrx_word' id='word_1_320' title='bbox 1944 2935 1984 3005; x_wconf 90' lang='lat' dir='ltr'><strong>in</strong></span> <span class='ocrx_word' id='word_1_321' title='bbox 1999 2937 2082 3006; x_wconf 76' lang='lat' dir='ltr'><strong>ae&#39;re</strong></span> <span class='ocrx_word' id='word_1_322' title='bbox 2096 2960 2222 3028; x_wconf 86' lang='lat' dir='ltr'><strong>magna</strong></span> 
     </span>
    </p>
   </div>
   <div class='ocr_carea' id='block_1_18' title="bbox 309 3024 2226 3229">
    <p class='ocr_par' dir='ltr' id='par_1_18' title="bbox 309 3024 2226 3229">
     <span class='ocr_line' id='line_1_34' title="bbox 1241 3024 2223 3119; baseline 0.012 -22"><span class='ocrx_word' id='word_1_323' title='bbox 1241 3029 1352 3098; x_wconf 91' lang='lat' dir='ltr'><strong>moles</strong></span> <span class='ocrx_word' id='word_1_324' title='bbox 1360 3024 1566 3119; x_wconf 75' lang='lat' dir='ltr'><strong>balituum,</strong></span> <span class='ocrx_word' id='word_1_325' title='bbox 1593 3036 1657 3105; x_wconf 88' lang='lat' dir='ltr'><strong>etsi</strong></span> <span class='ocrx_word' id='word_1_326' title='bbox 1675 3036 1750 3104; x_wconf 91' lang='lat' dir='ltr'><strong>sine</strong></span> <span class='ocrx_word' id='word_1_327' title='bbox 1774 3059 1877 3106; x_wconf 87' lang='lat' dir='ltr'><strong>causa</strong></span> <span class='ocrx_word' id='word_1_328' title='bbox 1898 3050 1991 3107; x_wconf 88' lang='lat' dir='ltr'><strong>certa</strong></span> <span class='ocrx_word' id='word_1_329' title='bbox 2015 3037 2159 3107; x_wconf 84' lang='lat' dir='ltr'><strong>videtur</strong></span> <span class='ocrx_word' id='word_1_330' title='bbox 2180 3040 2223 3109; x_wconf 92' lang='lat' dir='ltr'><strong>ad</strong></span> 
     </span>
     <span class='ocr_line' id='line_1_35' title="bbox 309 3120 2226 3229; baseline 0.004 -27"><span class='ocrx_word' id='word_1_331' title='bbox 309 3127 494 3203; x_wconf 80' lang='lat' dir='ltr'><strong>Recenseo</strong></span> <span class='ocrx_word' id='word_1_332' title='bbox 524 3128 689 3200; x_wconf 88' lang='lat' dir='ltr'><strong>usitatam</strong></span> <span class='ocrx_word' id='word_1_333' title='bbox 714 3128 956 3198; x_wconf 84' lang='lat' dir='ltr'><strong>definitionem</strong></span> <span class='ocrx_word' id='word_1_334' title='bbox 986 3126 1080 3214; x_wconf 92' lang='lat' dir='ltr'><strong>apud</strong></span> <span class='ocrx_word' id='word_1_335' title='bbox 1103 3120 1188 3194; x_wconf 79' lang='lat' dir='ltr'><strong>Ari·</strong></span> <span class='ocrx_word' id='word_1_336' title='bbox 1240 3154 1353 3200; x_wconf 88' lang='lat' dir='ltr'><strong>unum</strong></span> <span class='ocrx_word' id='word_1_337' title='bbox 1376 3131 1531 3226; x_wconf 90' lang='lat' dir='ltr'><strong>aliquem</strong></span> <span class='ocrx_word' id='word_1_338' title='bbox 1566 3136 1683 3205; x_wconf 91' lang='lat' dir='ltr'><strong>locum</strong></span> <span class='ocrx_word' id='word_1_339' title='bbox 1707 3136 1825 3221; x_wconf 88' lang='lat' dir='ltr'><strong>volni,</strong></span> <span class='ocrx_word' id='word_1_340' title='bbox 1858 3150 1977 3210; x_wconf 89' lang='lat' dir='ltr'><strong>tamen</strong></span> <span class='ocrx_word' id='word_1_341' title='bbox 2002 3159 2104 3229; x_wconf 80' lang='lat' dir='ltr'><strong>saepe</strong></span> <span class='ocrx_word' id='word_1_342' title='bbox 2129 3153 2226 3211; x_wconf 88' lang='lat' dir='ltr'><strong>certa</strong></span> 
     </span>
    </p>
   </div>
   <div class='ocr_carea' id='block_1_19' title="bbox 112 3227 2262 5453">
    <p class='ocr_par' dir='ltr' id='par_1_19' title="bbox 206 3227 2226 4221">
     <span class='ocr_line' id='line_1_36' title="bbox 207 3227 2225 3322; baseline 0.003 -20"><span class='ocrx_word' id='word_1_343' title='bbox 207 3232 403 3304; x_wconf 87' lang='lat' dir='ltr'><strong>stotelicos:</strong></span> <span class='ocrx_word' id='word_1_344' title='bbox 428 3230 587 3301; x_wconf 85' lang='lat' dir='ltr'><strong>Fortuna</strong></span> <span class='ocrx_word' id='word_1_345' title='bbox 605 3244 655 3298; x_wconf 90' lang='lat' dir='ltr'><strong>est</strong></span> <span class='ocrx_word' id='word_1_346' title='bbox 672 3252 773 3298; x_wconf 91' lang='lat' dir='ltr'><strong>causa</strong></span> <span class='ocrx_word' id='word_1_347' title='bbox 789 3227 1189 3320; x_wconf 86' lang='lat' dir='ltr'><strong>peraccidensinagen-</strong></span> <span class='ocrx_word' id='word_1_348' title='bbox 1241 3254 1342 3301; x_wconf 89' lang='lat' dir='ltr'><strong>causa</strong></span> <span class='ocrx_word' id='word_1_349' title='bbox 1360 3246 1428 3316; x_wconf 89' lang='lat' dir='ltr'><strong>cst,</strong></span> <span class='ocrx_word' id='word_1_350' title='bbox 1458 3247 1498 3302; x_wconf 92' lang='lat' dir='ltr'><strong>ut</strong></span> <span class='ocrx_word' id='word_1_351' title='bbox 1524 3234 1687 3322; x_wconf 90' lang='lat' dir='ltr'><strong>Saturni,</strong></span> <span class='ocrx_word' id='word_1_352' title='bbox 1720 3234 1870 3321; x_wconf 88' lang='lat' dir='ltr'><strong>Martis,</strong></span> <span class='ocrx_word' id='word_1_353' title='bbox 1904 3237 2094 3321; x_wconf 89' lang='lat' dir='ltr'><strong>Mercurii,</strong></span> <span class='ocrx_word' id='word_1_354' title='bbox 2137 3264 2225 3309; x_wconf 93' lang='lat' dir='ltr'><strong>con·</strong></span> 
     </span>
     <span class='ocr_line' id='line_1_37' title="bbox 206 3329 2222 3422; baseline 0.003 -19"><span class='ocrx_word' id='word_1_355' title='bbox 206 3335 305 3403; x_wconf 86' lang='lat' dir='ltr'><strong>tibus</strong></span> <span class='ocrx_word' id='word_1_356' title='bbox 325 3355 406 3401; x_wconf 91' lang='lat' dir='ltr'><strong>cum</strong></span> <span class='ocrx_word' id='word_1_357' title='bbox 421 3330 700 3413; x_wconf 87' lang='lat' dir='ltr'><strong>deliberatione,</strong></span> <span class='ocrx_word' id='word_1_358' title='bbox 733 3329 1188 3421; x_wconf 83' lang='lat' dir='ltr'><strong>quorumactionestarnen</strong></span> <span class='ocrx_word' id='word_1_359' title='bbox 1242 3354 1379 3422; x_wconf 85' lang='lat' dir='ltr'><strong>gressus</strong></span> <span class='ocrx_word' id='word_1_360' title='bbox 1395 3329 1544 3404; x_wconf 89' lang='lat' dir='ltr'><strong>attrahit</strong></span> <span class='ocrx_word' id='word_1_361' title='bbox 1565 3338 1608 3405; x_wconf 92' lang='lat' dir='ltr'><strong>ad</strong></span> <span class='ocrx_word' id='word_1_362' title='bbox 1634 3360 1669 3406; x_wconf 90' lang='lat' dir='ltr'><strong>se</strong></span> <span class='ocrx_word' id='word_1_363' title='bbox 1691 3338 1874 3406; x_wconf 90' lang='lat' dir='ltr'><strong>materiam</strong></span> <span class='ocrx_word' id='word_1_364' title='bbox 1898 3337 2077 3413; x_wconf 88' lang='lat' dir='ltr'><strong>Cometae.</strong></span> <span class='ocrx_word' id='word_1_365' title='bbox 2129 3339 2222 3411; x_wconf 89' lang='lat' dir='ltr'><strong>Cum</strong></span> 
     </span>
     <span class='ocr_line' id='line_1_38' title="bbox 208 3426 2222 3531; baseline -0.002 -28"><span class='ocrx_word' id='word_1_366' title='bbox 208 3435 271 3504; x_wconf 91' lang='lat' dir='ltr'><strong>alii</strong></span> <span class='ocrx_word' id='word_1_367' title='bbox 286 3444 433 3502; x_wconf 84' lang='lat' dir='ltr'><strong>eventus</strong></span> <span class='ocrx_word' id='word_1_368' title='bbox 448 3431 674 3512; x_wconf 83' lang='lat' dir='ltr'><strong>comitantur,</strong></span> <span class='ocrx_word' id='word_1_369' title='bbox 697 3452 762 3498; x_wconf 88' lang='lat' dir='ltr'><strong>nec</strong></span> <span class='ocrx_word' id='word_1_370' title='bbox 780 3429 943 3520; x_wconf 89' lang='lat' dir='ltr'><strong>praevisi,</strong></span> <span class='ocrx_word' id='word_1_371' title='bbox 968 3451 1033 3497; x_wconf 88' lang='lat' dir='ltr'><strong>nec</strong></span> <span class='ocrx_word' id='word_1_372' title='bbox 1048 3426 1189 3509; x_wconf 89' lang='lat' dir='ltr'><strong>intenti,</strong></span> <span class='ocrx_word' id='word_1_373' title='bbox 1241 3432 1367 3516; x_wconf 85' lang='lat' dir='ltr'><strong>Luna,</strong></span> <span class='ocrx_word' id='word_1_374' title='bbox 1402 3432 1504 3504; x_wconf 88' lang='lat' dir='ltr'><strong>Mars</strong></span> <span class='ocrx_word' id='word_1_375' title='bbox 1536 3451 1570 3505; x_wconf 88' lang='lat' dir='ltr'><strong>et</strong></span> <span class='ocrx_word' id='word_1_376' title='bbox 1589 3434 1790 3507; x_wconf 89' lang='lat' dir='ltr'><strong>Mercurius</strong></span> <span class='ocrx_word' id='word_1_377' title='bbox 1806 3436 1844 3507; x_wconf 91' lang='lat' dir='ltr'><strong>in</strong></span> <span class='ocrx_word' id='word_1_378' title='bbox 1868 3439 2056 3511; x_wconf 84' lang='lat' dir='ltr'><strong>latitudine</strong></span> <span class='ocrx_word' id='word_1_379' title='bbox 2080 3453 2222 3531; x_wconf 78' lang='lat' dir='ltr'><strong>septen.</strong></span> 
     </span>
     <span class='ocr_line' id='line_1_39' title="bbox 208 3527 2226 3631; baseline 0.003 -27"><span class='ocrx_word' id='word_1_380' title='bbox 208 3557 272 3605; x_wconf 92' lang='lat' dir='ltr'><strong>seu</strong></span> <span class='ocrx_word' id='word_1_381' title='bbox 292 3534 399 3617; x_wconf 88' lang='lat' dir='ltr'><strong>boni,</strong></span> <span class='ocrx_word' id='word_1_382' title='bbox 436 3555 498 3602; x_wconf 88' lang='lat' dir='ltr'><strong>seu</strong></span> <span class='ocrx_word' id='word_1_383' title='bbox 522 3532 626 3599; x_wconf 92' lang='lat' dir='ltr'><strong>mali:</strong></span> <span class='ocrx_word' id='word_1_384' title='bbox 679 3541 719 3599; x_wconf 91' lang='lat' dir='ltr'><strong>ut</strong></span> <span class='ocrx_word' id='word_1_385' title='bbox 740 3530 928 3620; x_wconf 80' lang='lat' dir='ltr'><strong>piscatores</strong></span> <span class='ocrx_word' id='word_1_386' title='bbox 950 3527 1084 3600; x_wconf 90' lang='lat' dir='ltr'><strong>Milesii</strong></span> <span class='ocrx_word' id='word_1_387' title='bbox 1106 3553 1186 3597; x_wconf 92' lang='lat' dir='ltr'><strong>eum</strong></span> <span class='ocrx_word' id='word_1_388' title='bbox 1240 3533 1385 3604; x_wconf 90' lang='lat' dir='ltr'><strong>trionali</strong></span> <span class='ocrx_word' id='word_1_389' title='bbox 1402 3537 1630 3628; x_wconf 91' lang='lat' dir='ltr'><strong>conveniunt,</strong></span> <span class='ocrx_word' id='word_1_390' title='bbox 1658 3539 1965 3631; x_wconf 88' lang='lat' dir='ltr'><strong>cientaquilones,</strong></span> <span class='ocrx_word' id='word_1_391' title='bbox 1998 3541 2037 3608; x_wconf 91' lang='lat' dir='ltr'><strong>in</strong></span> <span class='ocrx_word' id='word_1_392' title='bbox 2051 3542 2226 3611; x_wconf 36' lang='lat' dir='ltr'><strong>meridia-⁸</strong></span> 
     </span>
     <span class='ocr_line' id='line_1_40' title="bbox 209 3629 2221 3733; baseline 0.002 -26"><span class='ocrx_word' id='word_1_393' title='bbox 209 3635 464 3727; x_wconf 85' lang='lat' dir='ltr'><strong>capiendorum</strong></span> <span class='ocrx_word' id='word_1_394' title='bbox 481 3632 634 3724; x_wconf 82' lang='lat' dir='ltr'><strong>piscium</strong></span> <span class='ocrx_word' id='word_1_395' title='bbox 655 3654 757 3700; x_wconf 93' lang='lat' dir='ltr'><strong>causa</strong></span> <span class='ocrx_word' id='word_1_396' title='bbox 781 3632 869 3701; x_wconf 90' lang='lat' dir='ltr'><strong>retia</strong></span> <span class='ocrx_word' id='word_1_397' title='bbox 892 3632 930 3699; x_wconf 93' lang='lat' dir='ltr'><strong>in</strong></span> <span class='ocrx_word' id='word_1_398' title='bbox 955 3654 1051 3698; x_wconf 84' lang='lat' dir='ltr'><strong>mare</strong></span> <span class='ocrx_word' id='word_1_399' title='bbox 1074 3629 1186 3699; x_wconf 88' lang='lat' dir='ltr'><strong>derui-</strong></span> <span class='ocrx_word' id='word_1_400' title='bbox 1241 3660 1286 3704; x_wconf 89' lang='lat' dir='ltr'><strong>na</strong></span> <span class='ocrx_word' id='word_1_401' title='bbox 1327 3636 1418 3703; x_wconf 87' lang='lat' dir='ltr'><strong>cient</strong></span> <span class='ocrx_word' id='word_1_402' title='bbox 1448 3652 1597 3710; x_wconf 91' lang='lat' dir='ltr'><strong>austros.</strong></span> <span class='ocrx_word' id='word_1_403' title='bbox 1668 3637 1822 3709; x_wconf 85' lang='lat' dir='ltr'><strong>Possunt</strong></span> <span class='ocrx_word' id='word_1_404' title='bbox 1858 3635 1927 3710; x_wconf 91' lang='lat' dir='ltr'><strong>hoc</strong></span> <span class='ocrx_word' id='word_1_405' title='bbox 1954 3641 2063 3710; x_wconf 90' lang='lat' dir='ltr'><strong>modo</strong></span> <span class='ocrx_word' id='word_1_406' title='bbox 2092 3666 2221 3733; x_wconf 90' lang='lat' dir='ltr'><strong>perse</strong></span> 
     </span>
     <span class='ocr_line' id='line_1_41' title="bbox 208 3728 2223 3833; baseline 0.001 -25"><span class='ocrx_word' id='word_1_407' title='bbox 208 3739 356 3820; x_wconf 87' lang='lat' dir='ltr'><strong>sissent,</strong></span> <span class='ocrx_word' id='word_1_408' title='bbox 381 3758 524 3805; x_wconf 89' lang='lat' dir='ltr'><strong>auream</strong></span> <span class='ocrx_word' id='word_1_409' title='bbox 538 3733 712 3826; x_wconf 90' lang='lat' dir='ltr'><strong>tripodem</strong></span> <span class='ocrx_word' id='word_1_410' title='bbox 729 3733 919 3824; x_wconf 84' lang='lat' dir='ltr'><strong>excipiunt.</strong></span> <span class='ocrx_word' id='word_1_411' title='bbox 971 3728 1042 3801; x_wconf 88' lang='lat' dir='ltr'><strong>Hic</strong></span> <span class='ocrx_word' id='word_1_412' title='bbox 1057 3732 1186 3800; x_wconf 88' lang='lat' dir='ltr'><strong>voluu-</strong></span> <span class='ocrx_word' id='word_1_413' title='bbox 1240 3759 1363 3806; x_wconf 87' lang='lat' dir='ltr'><strong>causae</strong></span> <span class='ocrx_word' id='word_1_414' title='bbox 1382 3739 1503 3828; x_wconf 83' lang='lat' dir='ltr'><strong>quaeri</strong></span> <span class='ocrx_word' id='word_1_415' title='bbox 1520 3741 1564 3807; x_wconf 95' lang='lat' dir='ltr'><strong>de</strong></span> <span class='ocrx_word' id='word_1_416' title='bbox 1579 3740 1738 3809; x_wconf 89' lang='lat' dir='ltr'><strong>moribus</strong></span> <span class='ocrx_word' id='word_1_417' title='bbox 1755 3763 1966 3828; x_wconf 86' lang='lat' dir='ltr'><strong>magnorum</strong></span> <span class='ocrx_word' id='word_1_418' title='bbox 1980 3765 2170 3833; x_wconf 90' lang='lat' dir='ltr'><strong>corporum</strong></span> <span class='ocrx_word' id='word_1_419' title='bbox 2182 3744 2223 3811; x_wconf 93' lang='lat' dir='ltr'><strong>in</strong></span> 
     </span>
     <span class='ocr_line' id='line_1_42' title="bbox 207 3832 2224 3931; baseline -0 -18"><span class='ocrx_word' id='word_1_420' title='bbox 207 3855 262 3913; x_wconf 89' lang='lat' dir='ltr'><strong>tas</strong></span> <span class='ocrx_word' id='word_1_421' title='bbox 277 3839 509 3930; x_wconf 88' lang='lat' dir='ltr'><strong>piscatorum,</strong></span> <span class='ocrx_word' id='word_1_422' title='bbox 549 3859 609 3905; x_wconf 92' lang='lat' dir='ltr'><strong>seu</strong></span> <span class='ocrx_word' id='word_1_423' title='bbox 633 3834 709 3926; x_wconf 90' lang='lat' dir='ltr'><strong>ipsa</strong></span> <span class='ocrx_word' id='word_1_424' title='bbox 734 3835 880 3924; x_wconf 89' lang='lat' dir='ltr'><strong>piscatio</strong></span> <span class='ocrx_word' id='word_1_425' title='bbox 911 3856 1014 3903; x_wconf 86' lang='lat' dir='ltr'><strong>causa</strong></span> <span class='ocrx_word' id='word_1_426' title='bbox 1043 3832 1111 3902; x_wconf 85' lang='lat' dir='ltr'><strong>fnit</strong></span> <span class='ocrx_word' id='word_1_427' title='bbox 1130 3832 1186 3899; x_wconf 90' lang='lat' dir='ltr'><strong>in·</strong></span> <span class='ocrx_word' id='word_1_428' title='bbox 1239 3850 1385 3921; x_wconf 87' lang='lat' dir='ltr'><strong>natura,</strong></span> <span class='ocrx_word' id='word_1_429' title='bbox 1426 3861 1516 3931; x_wconf 88' lang='lat' dir='ltr'><strong>quae</strong></span> <span class='ocrx_word' id='word_1_430' title='bbox 1548 3838 1693 3909; x_wconf 91' lang='lat' dir='ltr'><strong>aliunde</strong></span> <span class='ocrx_word' id='word_1_431' title='bbox 1725 3841 1916 3928; x_wconf 89' lang='lat' dir='ltr'><strong>gubernari</strong></span> <span class='ocrx_word' id='word_1_432' title='bbox 1945 3857 2224 3913; x_wconf 88' lang='lat' dir='ltr'><strong>consentaneum</strong></span> 
     </span>
     <span class='ocr_line' id='line_1_43' title="bbox 208 3932 2225 4033; baseline 0.001 -24"><span class='ocrx_word' id='word_1_433' title='bbox 208 3940 491 4030; x_wconf 84' lang='lat' dir='ltr'><strong>ventitripodis,</strong></span> <span class='ocrx_word' id='word_1_434' title='bbox 517 3941 578 4007; x_wconf 89' lang='lat' dir='ltr'><strong>scd</strong></span> <span class='ocrx_word' id='word_1_435' title='bbox 591 3959 655 4029; x_wconf 80' lang='lat' dir='ltr'><strong>per</strong></span> <span class='ocrx_word' id='word_1_436' title='bbox 670 3936 851 4019; x_wconf 86' lang='lat' dir='ltr'><strong>accidens,</strong></span> <span class='ocrx_word' id='word_1_437' title='bbox 876 3935 958 4027; x_wconf 89' lang='lat' dir='ltr'><strong>quia</strong></span> <span class='ocrx_word' id='word_1_438' title='bbox 974 3932 1066 4002; x_wconf 87' lang='lat' dir='ltr'><strong>alius</strong></span> <span class='ocrx_word' id='word_1_439' title='bbox 1080 3956 1187 4001; x_wconf 89' lang='lat' dir='ltr'><strong>even·</strong></span> <span class='ocrx_word' id='word_1_440' title='bbox 1240 3950 1302 4012; x_wconf 91' lang='lat' dir='ltr'><strong>est.</strong></span> <span class='ocrx_word' id='word_1_441' title='bbox 1352 3935 1506 4008; x_wconf 91' lang='lat' dir='ltr'><strong>Ludicra</strong></span> <span class='ocrx_word' id='word_1_442' title='bbox 1537 3961 1639 4029; x_wconf 87' lang='lat' dir='ltr'><strong>saepe</strong></span> <span class='ocrx_word' id='word_1_443' title='bbox 1667 3941 1805 4009; x_wconf 87' lang='lat' dir='ltr'><strong>nullam</strong></span> <span class='ocrx_word' id='word_1_444' title='bbox 1838 3937 1971 4010; x_wconf 90' lang='lat' dir='ltr'><strong>babent</strong></span> <span class='ocrx_word' id='word_1_445' title='bbox 1994 3965 2058 4033; x_wconf 89' lang='lat' dir='ltr'><strong>per</strong></span> <span class='ocrx_word' id='word_1_446' title='bbox 2079 3966 2116 4012; x_wconf 91' lang='lat' dir='ltr'><strong>se</strong></span> <span class='ocrx_word' id='word_1_447' title='bbox 2136 3966 2225 4012; x_wconf 85' lang='lat' dir='ltr'><strong>cau·</strong></span> 
     </span>
     <span class='ocr_line' id='line_1_44' title="bbox 209 4029 2223 4134; baseline -0.001 -20"><span class='ocrx_word' id='word_1_448' title='bbox 209 4057 267 4114; x_wconf 91' lang='lat' dir='ltr'><strong>tus</strong></span> <span class='ocrx_word' id='word_1_449' title='bbox 284 4040 443 4123; x_wconf 89' lang='lat' dir='ltr'><strong>accessit,</strong></span> <span class='ocrx_word' id='word_1_450' title='bbox 486 4062 551 4107; x_wconf 89' lang='lat' dir='ltr'><strong>nec</strong></span> <span class='ocrx_word' id='word_1_451' title='bbox 580 4037 782 4128; x_wconf 87' lang='lat' dir='ltr'><strong>praevisus,</strong></span> <span class='ocrx_word' id='word_1_452' title='bbox 827 4059 892 4104; x_wconf 89' lang='lat' dir='ltr'><strong>nec</strong></span> <span class='ocrx_word' id='word_1_453' title='bbox 924 4036 1090 4107; x_wconf 86' lang='lat' dir='ltr'><strong>intentus.</strong></span> <span class='ocrx_word' id='word_1_454' title='bbox 1141 4029 1188 4103; x_wconf 84' lang='lat' dir='ltr'><strong>Et</strong></span> <span class='ocrx_word' id='word_1_455' title='bbox 1240 4062 1337 4123; x_wconf 89' lang='lat' dir='ltr'><strong>sarn,</strong></span> <span class='ocrx_word' id='word_1_456' title='bbox 1362 4050 1397 4106; x_wconf 92' lang='lat' dir='ltr'><strong>et</strong></span> <span class='ocrx_word' id='word_1_457' title='bbox 1410 4039 1512 4133; x_wconf 92' lang='lat' dir='ltr'><strong>siqua</strong></span> <span class='ocrx_word' id='word_1_458' title='bbox 1527 4036 1671 4126; x_wconf 88' lang='lat' dir='ltr'><strong>babent,</strong></span> <span class='ocrx_word' id='word_1_459' title='bbox 1698 4064 1866 4134; x_wconf 89' lang='lat' dir='ltr'><strong>quaerere</strong></span> <span class='ocrx_word' id='word_1_460' title='bbox 1879 4066 1954 4112; x_wconf 91' lang='lat' dir='ltr'><strong>eam</strong></span> <span class='ocrx_word' id='word_1_461' title='bbox 1970 4042 2089 4113; x_wconf 90' lang='lat' dir='ltr'><strong>inanis</strong></span> <span class='ocrx_word' id='word_1_462' title='bbox 2103 4045 2223 4115; x_wconf 90' lang='lat' dir='ltr'><strong>curio-</strong></span> 
     </span>
     <span class='ocr_line' id='line_1_45' title="bbox 209 4130 1400 4221; baseline -0.003 -5"><span class='ocrx_word' id='word_1_463' title='bbox 209 4145 379 4216; x_wconf 89' lang='lat' dir='ltr'><strong>usitatum</strong></span> <span class='ocrx_word' id='word_1_464' title='bbox 397 4135 714 4217; x_wconf 82' lang='lat' dir='ltr'><strong>estAristotelicis‚</strong></span> <span class='ocrx_word' id='word_1_465' title='bbox 740 4138 959 4208; x_wconf 88' lang='lat' dir='ltr'><strong>voluntatem</strong></span> <span class='ocrx_word' id='word_1_466' title='bbox 979 4130 1047 4205; x_wconf 87' lang='lat' dir='ltr'><strong>boc</strong></span> <span class='ocrx_word' id='word_1_467' title='bbox 1070 4136 1187 4221; x_wconf 90' lang='lat' dir='ltr'><strong>modo,</strong></span> <span class='ocrx_word' id='word_1_468' title='bbox 1240 4140 1323 4210; x_wconf 89' lang='lat' dir='ltr'><strong>sitas</strong></span> <span class='ocrx_word' id='word_1_469' title='bbox 1337 4151 1400 4212; x_wconf 88' lang='lat' dir='ltr'><strong>est.</strong></span> 
     </span>
    </p>

    <p class='ocr_par' dir='ltr' id='par_1_20' title="bbox 112 4236 2262 4741">
     <span class='ocr_line' id='line_1_46' title="bbox 112 4236 2224 4330; baseline -0.001 -13"><span class='ocrx_word' id='word_1_470' title='bbox 112 4272 117 4278; x_wconf 91' lang='lat'><strong>·</strong></span> <span class='ocrx_word' id='word_1_471' title='bbox 211 4269 273 4317; x_wconf 86' lang='lat' dir='ltr'><strong>seu</strong></span> <span class='ocrx_word' id='word_1_472' title='bbox 297 4245 490 4322; x_wconf 87' lang='lat' dir='ltr'><strong>actionem,</strong></span> <span class='ocrx_word' id='word_1_473' title='bbox 532 4241 591 4310; x_wconf 88' lang='lat' dir='ltr'><strong>cui</strong></span> <span class='ocrx_word' id='word_1_474' title='bbox 613 4261 729 4308; x_wconf 87' lang='lat' dir='ltr'><strong>comes</strong></span> <span class='ocrx_word' id='word_1_475' title='bbox 750 4251 801 4308; x_wconf 89' lang='lat' dir='ltr'><strong>est</strong></span> <span class='ocrx_word' id='word_1_476' title='bbox 826 4239 887 4308; x_wconf 90' lang='lat' dir='ltr'><strong>ille</strong></span> <span class='ocrx_word' id='word_1_477' title='bbox 911 4261 983 4307; x_wconf 91' lang='lat' dir='ltr'><strong>non</strong></span> <span class='ocrx_word' id='word_1_478' title='bbox 1007 4237 1188 4328; x_wconf 89' lang='lat' dir='ltr'><strong>praevisus</strong></span> <span class='ocrx_word' id='word_1_479' title='bbox 1343 4236 1551 4312; x_wconf 82' lang='lat' dir='ltr'><strong>Aristoteles</strong></span> <span class='ocrx_word' id='word_1_480' title='bbox 1575 4243 1620 4311; x_wconf 86' lang='lat' dir='ltr'><strong>ab</strong></span> <span class='ocrx_word' id='word_1_481' title='bbox 1645 4242 1831 4311; x_wconf 85' lang='lat' dir='ltr'><strong>eventibus</strong></span> <span class='ocrx_word' id='word_1_482' title='bbox 1853 4244 2024 4314; x_wconf 90' lang='lat' dir='ltr'><strong>discernit</strong></span> <span class='ocrx_word' id='word_1_483' title='bbox 2045 4258 2224 4330; x_wconf 81' lang='lat' dir='ltr'><strong>naturam,</strong></span> 
     </span>
     <span class='ocr_line' id='line_1_47' title="bbox 214 4336 2223 4437; baseline -0.001 -20"><span class='ocrx_word' id='word_1_484' title='bbox 214 4360 380 4432; x_wconf 89' lang='lat' dir='ltr'><strong>eventus,</strong></span> <span class='ocrx_word' id='word_1_485' title='bbox 406 4367 531 4414; x_wconf 91' lang='lat' dir='ltr'><strong>vocare</strong></span> <span class='ocrx_word' id='word_1_486' title='bbox 547 4363 685 4412; x_wconf 87' lang='lat' dir='ltr'><strong>causam</strong></span> <span class='ocrx_word' id='word_1_487' title='bbox 703 4363 767 4432; x_wconf 91' lang='lat' dir='ltr'><strong>per</strong></span> <span class='ocrx_word' id='word_1_488' title='bbox 781 4341 960 4428; x_wconf 88' lang='lat' dir='ltr'><strong>accidens,</strong></span> <span class='ocrx_word' id='word_1_489' title='bbox 987 4362 1078 4432; x_wconf 92' lang='lat' dir='ltr'><strong>quae</strong></span> <span class='ocrx_word' id='word_1_490' title='bbox 1098 4336 1188 4408; x_wconf 85' lang='lat' dir='ltr'><strong>For·</strong></span> <span class='ocrx_word' id='word_1_491' title='bbox 1241 4343 1422 4413; x_wconf 80' lang='lat' dir='ltr'><strong>fortunam</strong></span> <span class='ocrx_word' id='word_1_492' title='bbox 1446 4355 1480 4411; x_wconf 91' lang='lat' dir='ltr'><strong>et</strong></span> <span class='ocrx_word' id='word_1_493' title='bbox 1494 4365 1624 4417; x_wconf 88' lang='lat' dir='ltr'><strong>casum.</strong></span> <span class='ocrx_word' id='word_1_494' title='bbox 1677 4341 1867 4429; x_wconf 89' lang='lat' dir='ltr'><strong>Naturam,</strong></span> <span class='ocrx_word' id='word_1_495' title='bbox 1891 4344 1958 4427; x_wconf 89' lang='lat' dir='ltr'><strong>ait,</strong></span> <span class='ocrx_word' id='word_1_496' title='bbox 1989 4359 2051 4417; x_wconf 86' lang='lat' dir='ltr'><strong>aut</strong></span> <span class='ocrx_word' id='word_1_497' title='bbox 2072 4367 2223 4437; x_wconf 86' lang='lat' dir='ltr'><strong>semper,</strong></span> 
     </span>
     <span class='ocr_line' id='line_1_48' title="bbox 212 4440 2222 4536; baseline 0 -20"><span class='ocrx_word' id='word_1_498' title='bbox 212 4447 531 4519; x_wconf 86' lang='lat' dir='ltr'><strong>tunanominatur.</strong></span> <span class='ocrx_word' id='word_1_499' title='bbox 583 4440 706 4512; x_wconf 87' lang='lat' dir='ltr'><strong>Fossio</strong></span> <span class='ocrx_word' id='word_1_500' title='bbox 729 4441 888 4513; x_wconf 88' lang='lat' dir='ltr'><strong>instituta</strong></span> <span class='ocrx_word' id='word_1_501' title='bbox 914 4442 957 4509; x_wconf 91' lang='lat' dir='ltr'><strong>ad</strong></span> <span class='ocrx_word' id='word_1_502' title='bbox 981 4441 1188 4531; x_wconf 84' lang='lat' dir='ltr'><strong>plantandas</strong></span> <span class='ocrx_word' id='word_1_503' title='bbox 1241 4458 1301 4514; x_wconf 89' lang='lat' dir='ltr'><strong>aut</strong></span> <span class='ocrx_word' id='word_1_504' title='bbox 1318 4445 1515 4536; x_wconf 88' lang='lat' dir='ltr'><strong>plenrnque</strong></span> <span class='ocrx_word' id='word_1_505' title='bbox 1530 4443 1664 4512; x_wconf 90' lang='lat' dir='ltr'><strong>similes</strong></span> <span class='ocrx_word' id='word_1_506' title='bbox 1685 4444 1830 4514; x_wconf 84' lang='lat' dir='ltr'><strong>effectus</strong></span> <span class='ocrx_word' id='word_1_507' title='bbox 1855 4467 1987 4534; x_wconf 89' lang='lat' dir='ltr'><strong>parere.</strong></span> <span class='ocrx_word' id='word_1_508' title='bbox 2048 4444 2119 4517; x_wconf 92' lang='lat' dir='ltr'><strong>Sed</strong></span> <span class='ocrx_word' id='word_1_509' title='bbox 2144 4448 2222 4516; x_wconf 86' lang='lat' dir='ltr'><strong>sor·</strong></span> 
     </span>
     <span class='ocr_line' id='line_1_49' title="bbox 214 4538 2262 4639; baseline 0.001 -25"><span class='ocrx_word' id='word_1_510' title='bbox 214 4549 313 4632; x_wconf 88' lang='lat' dir='ltr'><strong>vites,</strong></span> <span class='ocrx_word' id='word_1_511' title='bbox 336 4563 505 4617; x_wconf 89' lang='lat' dir='ltr'><strong>causaest</strong></span> <span class='ocrx_word' id='word_1_512' title='bbox 520 4544 657 4615; x_wconf 87' lang='lat' dir='ltr'><strong>inventi</strong></span> <span class='ocrx_word' id='word_1_513' title='bbox 672 4538 838 4626; x_wconf 87' lang='lat' dir='ltr'><strong>thesauri,</strong></span> <span class='ocrx_word' id='word_1_514' title='bbox 859 4545 918 4612; x_wconf 92' lang='lat' dir='ltr'><strong>sed</strong></span> <span class='ocrx_word' id='word_1_515' title='bbox 939 4566 1001 4633; x_wconf 91' lang='lat' dir='ltr'><strong>per</strong></span> <span class='ocrx_word' id='word_1_516' title='bbox 1016 4542 1189 4623; x_wconf 86' lang='lat' dir='ltr'><strong>accidens,</strong></span> <span class='ocrx_word' id='word_1_517' title='bbox 1241 4558 1365 4615; x_wconf 88' lang='lat' dir='ltr'><strong>tunam</strong></span> <span class='ocrx_word' id='word_1_518' title='bbox 1389 4557 1424 4613; x_wconf 91' lang='lat' dir='ltr'><strong>et</strong></span> <span class='ocrx_word' id='word_1_519' title='bbox 1448 4566 1565 4614; x_wconf 89' lang='lat' dir='ltr'><strong>casum</strong></span> <span class='ocrx_word' id='word_1_520' title='bbox 1590 4540 1719 4614; x_wconf 90' lang='lat' dir='ltr'><strong>babere</strong></span> <span class='ocrx_word' id='word_1_521' title='bbox 1742 4559 1912 4631; x_wconf 87' lang='lat' dir='ltr'><strong>eventus,</strong></span> <span class='ocrx_word' id='word_1_522' title='bbox 1956 4559 1996 4618; x_wconf 92' lang='lat' dir='ltr'><strong>ut</strong></span> <span class='ocrx_word' id='word_1_523' title='bbox 2016 4546 2145 4616; x_wconf 86' lang='lat' dir='ltr'><strong>usitate</strong></span> <span class='ocrx_word' id='word_1_524' title='bbox 2169 4549 2225 4616; x_wconf 88' lang='lat' dir='ltr'><strong>lo-</strong></span> <span class='ocrx_word' id='word_1_525' title='bbox 2258 4628 2262 4639; x_wconf 30' lang='grc' dir='ltr'>Ι</span> 
     </span>
     <span class='ocr_line' id='line_1_50' title="bbox 214 4645 2223 4741; baseline -0 -23"><span class='ocrx_word' id='word_1_526' title='bbox 214 4648 297 4741; x_wconf 89' lang='lat' dir='ltr'><strong>quia</strong></span> <span class='ocrx_word' id='word_1_527' title='bbox 314 4647 375 4715; x_wconf 91' lang='lat' dir='ltr'><strong>ille</strong></span> <span class='ocrx_word' id='word_1_528' title='bbox 394 4672 467 4717; x_wconf 94' lang='lat' dir='ltr'><strong>non</strong></span> <span class='ocrx_word' id='word_1_529' title='bbox 481 4647 663 4739; x_wconf 84' lang='lat' dir='ltr'><strong>praevisus</strong></span> <span class='ocrx_word' id='word_1_530' title='bbox 679 4658 825 4716; x_wconf 86' lang='lat' dir='ltr'><strong>eventus</strong></span> <span class='ocrx_word' id='word_1_531' title='bbox 839 4645 995 4715; x_wconf 68' lang='lat' dir='ltr'><strong>accessit:</strong></span> <span class='ocrx_word' id='word_1_532' title='bbox 1242 4659 1424 4740; x_wconf 82' lang='lat' dir='ltr'><strong>quantur,</strong></span> <span class='ocrx_word' id='word_1_533' title='bbox 1451 4659 1546 4715; x_wconf 85' lang='lat' dir='ltr'><strong>extra</strong></span> <span class='ocrx_word' id='word_1_534' title='bbox 1560 4669 1697 4736; x_wconf 91' lang='lat' dir='ltr'><strong>semper</strong></span> <span class='ocrx_word' id='word_1_535' title='bbox 1711 4661 1745 4717; x_wconf 89' lang='lat' dir='ltr'><strong>et</strong></span> <span class='ocrx_word' id='word_1_536' title='bbox 1761 4648 1976 4740; x_wconf 86' lang='lat' dir='ltr'><strong>frequenter.</strong></span> <span class='ocrx_word' id='word_1_537' title='bbox 2019 4645 2102 4716; x_wconf 89' lang='lat' dir='ltr'><strong>Non</strong></span> <span class='ocrx_word' id='word_1_538' title='bbox 2117 4670 2223 4737; x_wconf 84' lang='lat' dir='ltr'><strong>prae-</strong></span> 
     </span>
    </p>

    <p class='ocr_par' dir='ltr' id='par_1_21' title="bbox 214 4739 2262 5044">
     <span class='ocr_line' id='line_1_51' title="bbox 315 4739 2261 4841; baseline 0 -23"><span class='ocrx_word' id='word_1_539' title='bbox 315 4745 385 4818; x_wconf 91' lang='lat' dir='ltr'><strong>Sed</strong></span> <span class='ocrx_word' id='word_1_540' title='bbox 408 4744 467 4817; x_wconf 91' lang='lat' dir='ltr'><strong>bic</strong></span> <span class='ocrx_word' id='word_1_541' title='bbox 493 4761 609 4818; x_wconf 88' lang='lat' dir='ltr'><strong>manet</strong></span> <span class='ocrx_word' id='word_1_542' title='bbox 631 4746 805 4841; x_wconf 88' lang='lat' dir='ltr'><strong>quaestio:</strong></span> <span class='ocrx_word' id='word_1_543' title='bbox 841 4744 944 4817; x_wconf 91' lang='lat' dir='ltr'><strong>Unde</strong></span> <span class='ocrx_word' id='word_1_544' title='bbox 964 4739 1023 4814; x_wconf 91' lang='lat' dir='ltr'><strong>hic</strong></span> <span class='ocrx_word' id='word_1_545' title='bbox 1045 4758 1190 4815; x_wconf 88' lang='lat' dir='ltr'><strong>eventus</strong></span> <span class='ocrx_word' id='word_1_546' title='bbox 1242 4748 1456 4817; x_wconf 85' lang='lat' dir='ltr'><strong>tereundum</strong></span> <span class='ocrx_word' id='word_1_547' title='bbox 1483 4760 1533 4819; x_wconf 89' lang='lat' dir='ltr'><strong>est</strong></span> <span class='ocrx_word' id='word_1_548' title='bbox 1556 4742 1624 4816; x_wconf 91' lang='lat' dir='ltr'><strong>hoc</strong></span> <span class='ocrx_word' id='word_1_549' title='bbox 1649 4748 1859 4832; x_wconf 90' lang='lat' dir='ltr'><strong>discrimen,</strong></span> <span class='ocrx_word' id='word_1_550' title='bbox 1898 4748 1962 4818; x_wconf 86' lang='lat' dir='ltr'><strong>etsi</strong></span> <span class='ocrx_word' id='word_1_551' title='bbox 1985 4772 2004 4817; x_wconf 94' lang='lat' dir='ltr'><strong>a</strong></span> <span class='ocrx_word' id='word_1_552' title='bbox 2027 4749 2226 4839; x_wconf 84' lang='lat' dir='ltr'><strong>posteriore</strong></span> <span class='ocrx_word' id='word_1_553' title='bbox 2260 4834 2261 4839; x_wconf 5' lang='grc' dir='ltr'>ἵ</span> 
     </span>
     <span class='ocr_line' id='line_1_52' title="bbox 214 4844 2262 4959; baseline -0.002 -37"><span class='ocrx_word' id='word_1_554' title='bbox 214 4863 365 4942; x_wconf 86' lang='lat' dir='ltr'><strong>regatur,</strong></span> <span class='ocrx_word' id='word_1_555' title='bbox 389 4851 485 4918; x_wconf 91' lang='lat' dir='ltr'><strong>unde</strong></span> <span class='ocrx_word' id='word_1_556' title='bbox 501 4850 650 4932; x_wconf 84' lang='lat' dir='ltr'><strong>accedat,</strong></span> <span class='ocrx_word' id='word_1_557' title='bbox 677 4849 776 4919; x_wconf 92' lang='lat' dir='ltr'><strong>nulla</strong></span> <span class='ocrx_word' id='word_1_558' title='bbox 793 4848 1190 4935; x_wconf 86' lang='lat' dir='ltr'><strong>necausagubernante,</strong></span> <span class='ocrx_word' id='word_1_559' title='bbox 1243 4862 1422 4938; x_wconf 90' lang='lat' dir='ltr'><strong>sumptum</strong></span> <span class='ocrx_word' id='word_1_560' title='bbox 1441 4861 1502 4918; x_wconf 87' lang='lat' dir='ltr'><strong>est.</strong></span> <span class='ocrx_word' id='word_1_561' title='bbox 1543 4844 1637 4917; x_wconf 89' lang='lat' dir='ltr'><strong>lllud</strong></span> <span class='ocrx_word' id='word_1_562' title='bbox 1655 4869 1676 4916; x_wconf 95' lang='lat' dir='ltr'><strong>a</strong></span> <span class='ocrx_word' id='word_1_563' title='bbox 1695 4849 1816 4939; x_wconf 89' lang='lat' dir='ltr'><strong>priore</strong></span> <span class='ocrx_word' id='word_1_564' title='bbox 1837 4849 2008 4933; x_wconf 87' lang='lat' dir='ltr'><strong>sumitur,</strong></span> <span class='ocrx_word' id='word_1_565' title='bbox 2042 4851 2138 4943; x_wconf 92' lang='lat' dir='ltr'><strong>quod</strong></span> <span class='ocrx_word' id='word_1_566' title='bbox 2154 4872 2224 4959; x_wconf 63' lang='lat' dir='ltr'><strong>na7</strong></span> <span class='ocrx_word' id='word_1_567' title='bbox 2258 4900 2262 4943; x_wconf 65' lang='lat'><strong>,</strong></span> 
     </span>
     <span class='ocr_line' id='line_1_53' title="bbox 215 4946 2261 5044; baseline -0.001 -22"><span class='ocrx_word' id='word_1_568' title='bbox 215 4977 261 5022; x_wconf 91' lang='lat' dir='ltr'><strong>an</strong></span> <span class='ocrx_word' id='word_1_569' title='bbox 278 4963 428 5034; x_wconf 88' lang='lat' dir='ltr'><strong>tantum,</strong></span> <span class='ocrx_word' id='word_1_570' title='bbox 453 4949 535 5042; x_wconf 89' lang='lat' dir='ltr'><strong>qnia</strong></span> <span class='ocrx_word' id='word_1_571' title='bbox 551 4963 635 5018; x_wconf 91' lang='lat' dir='ltr'><strong>tunc</strong></span> <span class='ocrx_word' id='word_1_572' title='bbox 650 4949 835 5039; x_wconf 90' lang='lat' dir='ltr'><strong>piscatoria</strong></span> <span class='ocrx_word' id='word_1_573' title='bbox 850 4949 950 5017; x_wconf 86' lang='lat' dir='ltr'><strong>navis</strong></span> <span class='ocrx_word' id='word_1_574' title='bbox 966 4970 1047 5017; x_wconf 88' lang='lat' dir='ltr'><strong>casu</strong></span> <span class='ocrx_word' id='word_1_575' title='bbox 1063 4946 1190 5017; x_wconf 89' lang='lat' dir='ltr'><strong>ineum</strong></span> <span class='ocrx_word' id='word_1_576' title='bbox 1243 4963 1322 5020; x_wconf 87' lang='lat' dir='ltr'><strong>tura</strong></span> <span class='ocrx_word' id='word_1_577' title='bbox 1345 4950 1384 5017; x_wconf 94' lang='lat' dir='ltr'><strong>in</strong></span> <span class='ocrx_word' id='word_1_578' title='bbox 1398 4949 1564 5018; x_wconf 88' lang='lat' dir='ltr'><strong>omnibus</strong></span> <span class='ocrx_word' id='word_1_579' title='bbox 1584 4951 1792 5037; x_wconf 86' lang='lat' dir='ltr'><strong>corporibus</strong></span> <span class='ocrx_word' id='word_1_580' title='bbox 1814 4950 1978 5021; x_wconf 91' lang='lat' dir='ltr'><strong>ordinata</strong></span> <span class='ocrx_word' id='word_1_581' title='bbox 2000 4962 2051 5020; x_wconf 89' lang='lat' dir='ltr'><strong>est</strong></span> <span class='ocrx_word' id='word_1_582' title='bbox 2072 4951 2116 5019; x_wconf 90' lang='lat' dir='ltr'><strong>ad</strong></span> <span class='ocrx_word' id='word_1_583' title='bbox 2145 4972 2223 5019; x_wconf 60' lang='lat' dir='ltr'><strong>cer*</strong></span> <span class='ocrx_word' id='word_1_584' title='bbox 2258 5003 2261 5044; x_wconf 61' lang='lat'>3</span> 
     </span>
    </p>

    <p class='ocr_par' dir='ltr' id='par_1_22' title="bbox 147 5046 2261 5453">
     <span class='ocr_line' id='line_1_54' title="bbox 147 5046 2261 5147; baseline -0.002 -24"><span class='ocrx_word' id='word_1_585' title='bbox 147 5086 150 5090; x_wconf 90' lang='lat'>·</span> <span class='ocrx_word' id='word_1_586' title='bbox 214 5054 334 5124; x_wconf 89' lang='lat' dir='ltr'><strong>locum</strong></span> <span class='ocrx_word' id='word_1_587' title='bbox 349 5052 500 5144; x_wconf 90' lang='lat' dir='ltr'><strong>impulsa</strong></span> <span class='ocrx_word' id='word_1_588' title='bbox 517 5063 586 5131; x_wconf 86' lang='lat' dir='ltr'><strong>cst,</strong></span> <span class='ocrx_word' id='word_1_589' title='bbox 616 5051 679 5118; x_wconf 91' lang='lat' dir='ltr'><strong>ubi</strong></span> <span class='ocrx_word' id='word_1_590' title='bbox 695 5051 808 5144; x_wconf 90' lang='lat' dir='ltr'><strong>tripus</strong></span> <span class='ocrx_word' id='word_1_591' title='bbox 824 5050 916 5119; x_wconf 89' lang='lat' dir='ltr'><strong>inter</strong></span> <span class='ocrx_word' id='word_1_592' title='bbox 931 5071 1055 5116; x_wconf 88' lang='lat' dir='ltr'><strong>arenas</strong></span> <span class='ocrx_word' id='word_1_593' title='bbox 1069 5047 1190 5117; x_wconf 86' lang='lat' dir='ltr'><strong>volve·</strong></span> <span class='ocrx_word' id='word_1_594' title='bbox 1216 5084 1218 5091; x_wconf 95' lang='lat'>·</span> <span class='ocrx_word' id='word_1_595' title='bbox 1244 5062 1298 5119; x_wconf 89' lang='lat' dir='ltr'><strong>tos</strong></span> <span class='ocrx_word' id='word_1_596' title='bbox 1323 5050 1485 5129; x_wconf 82' lang='lat' dir='ltr'><strong>effectus,</strong></span> <span class='ocrx_word' id='word_1_597' title='bbox 1512 5061 1552 5119; x_wconf 91' lang='lat' dir='ltr'><strong>ut</strong></span> <span class='ocrx_word' id='word_1_598' title='bbox 1566 5050 1605 5117; x_wconf 94' lang='lat' dir='ltr'><strong>in</strong></span> <span class='ocrx_word' id='word_1_599' title='bbox 1619 5046 1783 5119; x_wconf 84' lang='lat' dir='ltr'><strong>Balsamo</strong></span> <span class='ocrx_word' id='word_1_600' title='bbox 1798 5051 1851 5119; x_wconf 91' lang='lat' dir='ltr'><strong>vis</strong></span> <span class='ocrx_word' id='word_1_601' title='bbox 1867 5052 1912 5121; x_wconf 85' lang='lat' dir='ltr'><strong>ad</strong></span> <span class='ocrx_word' id='word_1_602' title='bbox 1927 5055 2126 5121; x_wconf 89' lang='lat' dir='ltr'><strong>sanandum</strong></span> <span class='ocrx_word' id='word_1_603' title='bbox 2143 5052 2228 5119; x_wconf 88' lang='lat' dir='ltr'><strong>vul·</strong></span> <span class='ocrx_word' id='word_1_604' title='bbox 2258 5106 2261 5147; x_wconf 84' lang='lat'>:</span> 
     </span>
     <span class='ocr_line' id='line_1_55' title="bbox 214 5149 2261 5245; baseline -0.002 -21"><span class='ocrx_word' id='word_1_605' title='bbox 214 5153 342 5226; x_wconf 83' lang='lat' dir='ltr'><strong>batur?</strong></span> <span class='ocrx_word' id='word_1_606' title='bbox 366 5149 456 5223; x_wconf 90' lang='lat' dir='ltr'><strong>Cum</strong></span> <span class='ocrx_word' id='word_1_607' title='bbox 467 5150 668 5245; x_wconf 86' lang='lat' dir='ltr'><strong>Polycrates</strong></span> <span class='ocrx_word' id='word_1_608' title='bbox 683 5151 721 5219; x_wconf 90' lang='lat' dir='ltr'><strong>in</strong></span> <span class='ocrx_word' id='word_1_609' title='bbox 737 5149 973 5241; x_wconf 89' lang='lat' dir='ltr'><strong>ventrepiscis</strong></span> <span class='ocrx_word' id='word_1_610' title='bbox 989 5149 1110 5218; x_wconf 89' lang='lat' dir='ltr'><strong>donati</strong></span> <span class='ocrx_word' id='word_1_611' title='bbox 1128 5173 1192 5217; x_wconf 90' lang='lat' dir='ltr'><strong>an·</strong></span> <span class='ocrx_word' id='word_1_612' title='bbox 1244 5171 1332 5230; x_wconf 89' lang='lat' dir='ltr'><strong>nus,</strong></span> <span class='ocrx_word' id='word_1_613' title='bbox 1370 5150 1409 5218; x_wconf 95' lang='lat' dir='ltr'><strong>in</strong></span> <span class='ocrx_word' id='word_1_614' title='bbox 1433 5149 1563 5242; x_wconf 90' lang='lat' dir='ltr'><strong>Pipere</strong></span> <span class='ocrx_word' id='word_1_615' title='bbox 1592 5151 1637 5218; x_wconf 92' lang='lat' dir='ltr'><strong>ad</strong></span> <span class='ocrx_word' id='word_1_616' title='bbox 1669 5152 1943 5222; x_wconf 78' lang='lat' dir='ltr'><strong>calefaciendum</strong></span> <span class='ocrx_word' id='word_1_617' title='bbox 1973 5152 2224 5224; x_wconf 84' lang='lat' dir='ltr'><strong>ventriculum.</strong></span> <span class='ocrx_word' id='word_1_618' title='bbox 2258 5214 2261 5245; x_wconf 37' lang='grc' dir='ltr'><strong>ἱ</strong></span> 
     </span>
     <span class='ocr_line' id='line_1_56' title="bbox 215 5250 2226 5344; baseline -0.002 -18"><span class='ocrx_word' id='word_1_619' title='bbox 215 5258 342 5328; x_wconf 83' lang='grc' dir='ltr'><strong>ιιιιΙιιιιι</strong></span> <span class='ocrx_word' id='word_1_620' title='bbox 358 5255 531 5324; x_wconf 86' lang='lat' dir='ltr'><strong>abiectum</strong></span> <span class='ocrx_word' id='word_1_621' title='bbox 546 5253 694 5341; x_wconf 89' lang='lat' dir='ltr'><strong>reperit,</strong></span> <span class='ocrx_word' id='word_1_622' title='bbox 728 5276 829 5321; x_wconf 86' lang='lat' dir='ltr'><strong>causa</strong></span> <span class='ocrx_word' id='word_1_623' title='bbox 851 5274 915 5342; x_wconf 89' lang='lat' dir='ltr'><strong>per</strong></span> <span class='ocrx_word' id='word_1_624' title='bbox 938 5250 1100 5319; x_wconf 86' lang='lat' dir='ltr'><strong>accidens</strong></span> <span class='ocrx_word' id='word_1_625' title='bbox 1124 5251 1193 5319; x_wconf 89' lang='lat' dir='ltr'><strong>fuit</strong></span> <span class='ocrx_word' id='word_1_626' title='bbox 1244 5250 1449 5344; x_wconf 85' lang='lat' dir='ltr'><strong>Plerunque</strong></span> <span class='ocrx_word' id='word_1_627' title='bbox 1464 5251 1574 5340; x_wconf 88' lang='lat' dir='ltr'><strong>igitur</strong></span> <span class='ocrx_word' id='word_1_628' title='bbox 1587 5254 1802 5343; x_wconf 88' lang='lat' dir='ltr'><strong>respondent</strong></span> <span class='ocrx_word' id='word_1_629' title='bbox 1815 5267 1973 5326; x_wconf 85' lang='lat' dir='ltr'><strong>eventus.</strong></span> <span class='ocrx_word' id='word_1_630' title='bbox 2013 5253 2063 5323; x_wconf 87' lang='lat' dir='ltr'><strong>At</strong></span> <span class='ocrx_word' id='word_1_631' title='bbox 2077 5254 2226 5323; x_wconf 78' lang='lat' dir='ltr'><strong>fortuna</strong></span> 
     </span>
     <span class='ocr_line' id='line_1_57' title="bbox 215 5349 2226 5453; baseline -0.002 -25"><span class='ocrx_word' id='word_1_632' title='bbox 215 5357 363 5453; x_wconf 85' lang='lat' dir='ltr'><strong>piscatio</strong></span> <span class='ocrx_word' id='word_1_633' title='bbox 382 5357 465 5440; x_wconf 92' lang='lat' dir='ltr'><strong>illa,</strong></span> <span class='ocrx_word' id='word_1_634' title='bbox 488 5366 522 5424; x_wconf 88' lang='lat' dir='ltr'><strong>et</strong></span> <span class='ocrx_word' id='word_1_635' title='bbox 537 5354 634 5448; x_wconf 91' lang='lat' dir='ltr'><strong>quod</strong></span> <span class='ocrx_word' id='word_1_636' title='bbox 650 5363 771 5442; x_wconf 88' lang='lat' dir='ltr'><strong>captus</strong></span> <span class='ocrx_word' id='word_1_637' title='bbox 791 5354 897 5445; x_wconf 86' lang='lat' dir='ltr'><strong>piscis</strong></span> <span class='ocrx_word' id='word_1_638' title='bbox 917 5354 962 5422; x_wconf 86' lang='lat' dir='ltr'><strong>ad</strong></span> <span class='ocrx_word' id='word_1_639' title='bbox 983 5349 1194 5446; x_wconf 82' lang='lat' dir='ltr'><strong>Polycraten</strong></span> <span class='ocrx_word' id='word_1_640' title='bbox 1244 5365 1412 5436; x_wconf 76' lang='lat' dir='ltr'><strong>etmsus,</strong></span> <span class='ocrx_word' id='word_1_641' title='bbox 1438 5365 1612 5446; x_wconf 87' lang='lat' dir='ltr'><strong>quantum</strong></span> <span class='ocrx_word' id='word_1_642' title='bbox 1634 5356 1680 5423; x_wconf 90' lang='lat' dir='ltr'><strong>ad</strong></span> <span class='ocrx_word' id='word_1_643' title='bbox 1704 5366 1866 5424; x_wconf 87' lang='lat' dir='ltr'><strong>nostrum</strong></span> <span class='ocrx_word' id='word_1_644' title='bbox 1888 5354 2063 5425; x_wconf 89' lang='lat' dir='ltr'><strong>iudicium</strong></span> <span class='ocrx_word' id='word_1_645' title='bbox 2087 5356 2226 5435; x_wconf 84' lang='lat' dir='ltr'><strong>attinet,</strong></span> 
     </span>
    </p>
   </div>
   <div class='ocr_carea' id='block_1_20' title="bbox 0 0 2287 5748">
    <p class='ocr_par' dir='ltr' id='par_1_23' title="bbox 0 0 2287 5748">
     <span class='ocr_line' id='line_1_58' title="bbox 0 0 2287 5748; baseline 0 0"><span class='ocrx_word' id='word_1_646' title='bbox 0 0 2287 5748; x_wconf 95' lang='lat' dir='ltr'><strong> </strong></span> 
     </span>
    </p>
   </div>
  </div>
 </body>
</html>
