4538 5754
109 256 210 326 rsrs
706 256 768 332 1x.
820 228 1184 329 couuuuuuuu
1224 247 1272 319 nv
1308 247 1550 326 esauuos.
2027 236 2139 346 ssu

420 427 618 513 psalmus
658 424 791 514 cxss,
1125 422 1130 465 ¹
1154 433 1256 491 ceant
1279 420 1374 490 bona
1397 445 1523 514 opere,
1548 447 1626 493 cum
1648 439 1766 498 tamen
1788 430 1857 523 legi
1877 458 1981 507 nemo
2001 442 2137 514 satisfa-

1152 522 1234 596 ciat.
1284 519 1445 593 Primum
1476 546 1559 614 ergo
1588 525 1771 600 sciendum
1801 547 1872 620 est,
1904 542 2002 630 quod
2031 547 2137 632 gratis

1151 625 1220 694 lide
1242 639 1386 715 propter
1402 620 1580 697 Christum
1605 652 1863 725 consequamur
1882 641 2137 728 remissionem,

408 819 416 835 ι
853 818 862 834 ⁸
1089 814 1096 829 ι
1151 740 1185 798 ct
1202 738 1407 817 reputemur
1420 726 1525 812 iusti,
1552 751 1626 798 non
1642 747 1786 822 propter
1798 752 1918 810 nostra
1934 766 2051 834 opera,
2075 763 2136 819 aut

159 809 207 885 Η·
240 819 380 887 Ρθῑθηὸ
402 837 443 887 m
463 824 569 886 ima
591 820 932 900 erii⁸0m0b⁰⁸¹⁸⁸2
959 817 1096 885 (lebeti
1150 842 1287 899 nostras
1313 828 1471 898 virtutes.
1531 827 1617 901 Sine
1640 826 1706 902 hac
1729 835 1798 906 fide
1819 863 1893 910 uon
1915 843 2029 936 placet
2049 850 2134 919 obe-

159 571 189 649 1.
228 578 378 647 Beatus
417 580 496 665 uir,
540 581 605 670 qui
645 580 752 647 timet
793 577 1018 663 Doruiuum,
1059 581 1115 644 et

209 676 409 752 mandatis
423 684 505 751 eius
519 678 629 751 ualde
647 676 873 750 delectatur.

209 925 394 990 rectorum
411 915 667 992 benedicetur.
1149 928 1294 1002 dientia.
1331 926 1416 998 Ideo
1434 953 1574 1002 necesse
1589 946 1639 1003 est
1656 947 1777 1005 tenere
1792 934 1884 1013 hanc
1899 944 2018 1027 fidem,
2045 975 2135 1043 quae

157 1042 226 1117 ΙΙΙ,
261 1050 357 1141 0903
380 1057 420 1121 eg
441 1047 661 1121 dgvgpgaeg„
677 1047 901 1138 domem,
927 1047 1096 1118 epinges.
1148 1026 1384 1121 apprehendit
1413 1032 1692 1103 misericordiam
1713 1034 1803 1124 Dei,
1843 1057 1877 1113 et
1898 1046 2010 1118 credit
2030 1053 2135 1124 nobis

207 1154 271 1222 οἱα
290 1157 372 1224 epu,
385 1155 576 1225 maneta„
592 1159 800 1223 aeternum,
1147 1132 1254 1220 gratis
1277 1130 1428 1222 ignosci,
1469 1156 1534 1204 nos
1557 1137 1735 1224 exaudiri,
1774 1155 1809 1211 et
1830 1151 1964 1218 servari
1990 1167 2134 1244 propter
2192 1179 2196 1183 ’

156 1251 220 1361 lV.
257 1290 388 1359 Oritur
409 1291 450 1360 iu
473 1285 639 1361 tenebris
661 1287 790 1358 lumea
811 1287 950 1372 rectis,
977 1304 1003 1354 a
1023 1287 1094 1354 rui·
1146 1228 1340 1417 chriam·
1688 1354 1698 1373 ‚
1833 1355 1840 1366 .

1278 1372 1338 1417 um
1371 1344 1437 1419 hac
1467 1350 1535 1421 fide
1558 1353 1664 1422 corda
1687 1378 1757 1423 ram
1782 1378 1978 1449 agnoscunt
2002 1368 2132 1462 Deum,

176 1390 417 1544 femme)
442 1399 665 1545 m⁸⁸⁰fai⁰fe
683 1398 721 1461 ei
739 1395 852 1462 'um'
1146 1448 1247 1540 sequi
1279 1450 1385 1520 etiam
1417 1476 1556 1521 neeesse
1591 1470 1642 1524 est
1671 1457 1908 1531 obedientiam
1945 1488 2006 1537 seu
2038 1471 2131 1543 bona

153 1524 199 1599 t.
236 1529 463 1647 Beuetuscro,
488 1548 550 1618 qur
574 1530 843 1646 miseresceret
865 1528 992 1590 uurtuo
1010 1517 1093 1607 aar,
1146 1573 1251 1639 opera
1276 1573 1297 1618 a
1319 1550 1396 1622 Deo
1418 1555 1523 1623 nobis
1548 1557 1723 1631 mandata.
1788 1556 1836 1633 Et
1862 1558 1920 1633 hic
1946 1568 2130 1642 sciendum

204 1636 241 1698 et
258 1625 509 1700 cdmrmstrat
523 1648 683 1723 ne9⁰⁰ta
700 1646 770 1697 Μ
784 1632 898 1696 lum·
1146 1664 1216 1733 est,
1243 1645 1335 1721 hanc
1356 1653 1596 1726 obedientiam
1618 1657 1772 1747 placere,
1797 1685 1871 1731 uon
1888 1684 2032 1759 propter
2048 1697 2131 1763 pro·

151 1758 218 1833 Vl.
260 1764 355 1846 Quia
385 1765 427 1832 iu
460 1770 661 1832 aeteruum
691 1781 766 1830 uou
791 1755 1092 1846 commovebitur,
1145 1751 1257 1843 priam
1275 1755 1543 1845 perfectionem,
1567 1780 1642 1827 non
1657 1774 1804 1860 propter
1818 1764 2043 1854 dignitatem,
2069 1779 2129 1845 sed

203 1868 441 1935 iumentario
458 1871 619 1936 aeterna
636 1866 712 1934 erit
729 1866 864 1932 iustus.
1145 1867 1289 1944 propter
1319 1853 1519 1942 Christum,
1553 1860 1637 1952 quia
1666 1883 1788 1931 sumus
1818 1870 2056 1959 reconciliati,
2097 1893 2130 1948 et

854 1996 1021 2065 firmum
1034 2001 1092 2064 m
1143 1956 1318 2025 credimus
1347 1959 1451 2028 nobis
1473 1961 1669 2032 condonari
1695 1962 1935 2038 infirmitatem
1960 1989 2129 2052 nostram.

1144 2052 1187 2124 In
1204 2050 1268 2124 hae
1285 2058 1354 2127 lide
1372 2061 1448 2130 vult
1462 2083 1528 2130 nos
1539 2057 1638 2133 Deus
1655 2063 1809 2136 obedire.
1861 2063 1910 2139 Et
1925 2065 1984 2141 hic
2000 2079 2129 2170 ampli.

661 2241 669 2256 ι
1143 2158 1229 2226 tudo
1246 2159 1509 2230 misericordiae
1521 2164 1671 2234 maxime
1680 2165 1829 2238 illustris
1840 2183 1902 2255 est,
1928 2176 2129 2266 quodDeus

147 2236 253 2306 Vlll·
287 2243 464 2308 Ereclum
482 2246 729 2323 tomitem&
756 2241 1002 2314 'wnmebueb
1027 2231 1091 2303 ἅθ’
1142 2253 1235 2328 hauc
1259 2260 1431 2331 incoctam
1454 2265 1786 2338 etcontamiuatsm
1807 2263 2047 2346 obedientiam
2063 2304 2127 2371 ap·
2243 2335 2250 2339 .

204 2361 274 2411 aec
290 2337 472 2436 gaudebit
486 2339 534 2410 de
549 2341 712 2409 inimicit
726 2339 819 2408 δαῖε·
863 2346 868 2356 ’
1142 2361 1287 2449 probat,
1312 2377 1347 2432 et
1362 2376 1467 2434 ornat
1484 2365 1686 2454 ingentibus
1702 2371 1867 2460 praemiis
1883 2379 2127 2466 corporalibus

146 2477 214 2547 IX.
257 2478 473 2568 Disposuit,
507 2472 617 2544 dedit
646 2468 898 2565 pauperibus,
932 2474 1088 2541 iusticia
1142 2474 1176 2531 et
1198 2462 1462 2552 spiritualibus,
1488 2479 1523 2537 et
1546 2490 1611 2537 nos
1632 2469 1778 2541 adiuvat
1792 2472 1875 2544 dato
1892 2473 2032 2567 Spiritu
2045 2504 2126 2552 san-

203 2584 286 2649 eius
305 2586 437 2650 maaet
454 2596 614 2667 semper.
667 2577 885 2646 Goruueius
901 2570 1089 2644 exaltabi·
1141 2576 1215 2647 cto,
1240 2576 1424 2683 uterescet
1440 2568 1478 2636 in
1494 2569 1598 2639 nobis
1614 2564 1926 2650 haecobedientia.
1978 2577 2126 2652 Utrum-

205 2690 268 2751 gur
284 2684 324 2752 g„
335 2683 473 2777 910rga,
913 2702 916 2707 ·
1140 2688 1209 2755 que
1223 2687 1317 2735 enim
1333 2670 1487 2759 proponi
1502 2671 1724 2743 conscientiis
1739 2674 1861 2761 debet,
1886 2677 2061 2770 videlicet,
2087 2700 2127 2756 ut

144 2817 194 2889 X.
225 2821 371 2908 Impius
384 2811 523 2886 uidebit
538 2821 578 2882 et
592 2816 790 2897 irascetur,
817 2805 995 2880 dentibus
1008 2810 1087 2877 suis
1141 2762 1268 2836 Timr
1297 2768 1439 2853 eximis
1474 2771 1623 2839 ⁸⁰5³¹⁰¹¹⁸
1653 2797 1718 2842 ¹¹⁰⁸
1748 2769 1877 2846 htbffl
1901 2796 2060 2870 peccata,
2093 2802 2127 2857 et

199 2913 360 3011 frendet
381 2926 420 2986 et
442 2915 620 2987 tabescet.
686 2906 930 2981 Desiderium
953 2913 1087 3000 irupis-
1138 2889 1244 3033 gpfm
1270 2892 1343 2936 '¹⁰¹¹
1371 2881 1515 2960 impie*
1542 2874 1719 2996 P‘f’l'fiam
1744 2876 1951 2994 dignitatem
1977 2883 2125 2973 placere,

200 3041 286 3090 rum
301 3015 451 3110 peribu·
1163 2969 1268 3035 ernde
1292 2993 1413 3039 rursus
1430 2985 1613 3042 teneamus
1629 2976 1929 3066 consolationem,
1954 2987 2049 3075 quod
2068 3014 2124 3057 re.

1138 3068 1254 3159 quirat
1268 3069 1365 3140 Deus
1390 3072 1647 3158 obedientiam,
1673 3090 1708 3147 et
1730 3081 1825 3170 quod
1849 3080 1910 3149 illa
1934 3084 2068 3174 placeat
2085 3090 2122 3158 iu

243 3155 570 3295 Argumenffim
604 3198 773 3272 Psalmi
804 3194 933 3269 exn·
1136 3172 1372 3242 reconciliatis
1390 3187 1535 3267 propter
1551 3171 1746 3248 Christum.

1238 3286 1285 3359 Et
1307 3314 1374 3359 nos
1396 3285 1465 3360 hae
1485 3314 1609 3361 causae
1632 3291 1786 3366 invitent
1809 3300 1853 3367 ad
1870 3301 1958 3373 bene
1973 3331 2123 3398 operan.

150 1997 234 2067 Vll.
260 2001 295 2070 A
311 2001 449 2070 auucio
464 1998 563 2068 malo
578 2019 651 2090 aaa
668 1991 829 2083 timebit,

203 2121 265 2171 cor
281 2103 363 2172 eius
380 2098 433 2171 ad
449 2096 711 2196 confidendum
727 2099 899 2167 Domina.

201 3356 270 3428 Hic
286 3356 449 3429 Psalmus
472 3370 523 3426 est
545 3379 586 3424 ex
603 3378 645 3422 eo
661 3375 804 3440 genere,
830 3350 925 3441 quod
942 3350 1084 3418 vocavi·
1135 3389 1234 3463 dum·

96 3483 175 3579 mus
198 3455 374 3578 upueubr,
410 3461 446 3528 id
471 3471 540 3541 est,
565 3454 764 3524 doctrinam
785 3450 884 3570 legis.
921 3447 1084 3568 'Propo-
1239 3504 1357 3576 prima
1403 3506 1598 3581 Necessitas
1692 3514 1701 3531 ‚
1739 3510 1772 3584 D
1850 3512 1874 3586 h

96 3575 152 3631 nrt
174 3585 270 3631 emm
294 3572 474 3653 praecepta
497 3561 541 3627 de
560 3557 630 3624 fide
653 3568 688 3625 et
709 3555 813 3622 bouis
833 3552 1017 3643 operibus,
1049 3565 1083 3623 et
1367 3562 1378 3593 ’
1606 3538 1722 3606 ’qum
1775 3540 1836 3587 ‘¹¹⁸
1876 3527 2122 3614 ³1¹⁰P0³t¹1¹³t

96 3662 198 3732 addit
220 3663 483 3754 promissiones.
549 3658 624 3728 Nec
646 3668 698 3725 est
719 3656 888 3724 obscurus
913 3648 986 3738 his,
1020 3654 1081 3746 qui
1237 3621 1427 3745 Secunda..
1447 3628 1530 3745 quia
1548 3627 1632 3699 bdes
1648 3632 1795 3703 existere
1812 3658 1884 3705 uon
1903 3653 2033 3728 potest,
2060 3647 2123 3715 ubi

96 3763 323 3834 mediocriter
343 3765 382 3834 in
404 3761 564 3833 doctrina
588 3758 647 3849 pia
670 3755 822 3826 instituti
845 3769 937 3826 sunt.
989 3751 1080 3824 Nam
1135 3726 1235 3795 ”⁰¹¹³
1253 3740 1548 3815 ⁰⁸¹P⁰0¹1110111¹b

96 3879 280 3956 praecepta
298 3866 342 3934 de
358 3865 524 3958 operibus
536 3859 677 3929 facilius
690 3857 949 3946 intelliguntur,
974 3879 1080 3948 quam
1238 3840 1384 3935 Tertia,
1410 3845 1493 3939 quie
1514 3847 1600 3916 fides
1622 3848 1857 3941 extinguitur,
1883 3857 1911 3926 si
1935 3882 2008 3929 non
2025 3887 2122 3936 exer·
2252 3947 2254 3951 ⁷

96 3960 320 4056 prophetiae:
356 3979 416 4035 aut
443 3964 664 4056 reliquorum
694 3982 861 4048 generum
883 3957 1081 4030 conciones,
1134 3958 1272 4029 ceatur,
1306 3945 1397 4015 sicut
1426 3946 1687 4038 scriptumest:
1727 3951 1883 4046 Spiritus
1907 3966 2122 4056 concupiscit

96 4062 160 4137 Est
180 4080 297 4136 antem
321 4069 513 4136 admodum
537 4057 838 4144 dulcisPsalmup.
890 4057 1080 4150 Ncnenim
1134 4046 1302 4117 adversus
1316 4071 1470 4122 caruem.
1522 4047 1612 4120 Nam
1628 4053 1691 4122 ubi
1706 4068 1757 4126 est
1770 4082 1850 4127 vera
1866 4062 2001 4150 agnitio
2018 4066 2123 4136 mise:
2172 4067 2175 4070 ’

96 4167 331 4249 concionatur
352 4158 601 4259 philosophico
623 4174 685 4232 aut
703 4155 901 4251 pharisaico
924 4183 1022 4230 more
1038 4162 1081 4229 de
1133 4146 1308 4216 rft0rdi³0
1328 4146 1415 4230 Deis
1448 4150 1618 4242 impellit,
1641 4167 1689 4231 Ui
1718 4155 1940 4246 invocemus,
1974 4176 2008 4234 01
2038 4167 2122 4237 obe·

96 4267 276 4361 nperfbus‚
302 4268 378 4338 ,pne
393 4268 472 4350 fide,
497 4266 557 4336 „g
574 4263 785 4334 nominatim
800 4261 947 4354 requirit
963 4260 1080 4330 fidem,
1135 4248 1293 4331 diamus,
1314 4261 1355 4334 ut
1380 4252 1570 4340 gubernari
1593 4277 1660 4324 nos
1683 4269 1851 4346 petamus.
1904 4260 1975 4335 Ubi
1992 4267 2122 4340 desinit

96 4367 280 4440 Praeterea
304 4365 777 4459 interseritpromissiones,
809 4363 849 4431 in
870 4359 925 4431 his
950 4385 1081 4454 propo.
1133 4349 1331 4433 invocatio,
1356 4374 1447 4443 quae
1462 4353 1501 4422 in
1517 4356 1686 4447 operibus
1701 4380 1737 4427 se
1752 4361 1879 4447 exerit,
1905 4363 2123 4457 extinguitur
2164 4375 2168 4388 '

96 4471 150 4540 nit
171 4471 431 4542 consolationes
455 4470 540 4560 piis,
582 4480 704 4537 contra
730 4465 933 4534 scandalum
957 4464 1081 4536 crucis.
1134 4451 1239 4521 eiiam
1255 4451 1353 4524 fidet·

96 4571 206 4643 Multi
230 4573 332 4642 fracti
355 4571 620 4643 adflictionibus
641 4563 952 4649 deliciuntaDeo,
976 4565 1081 4635 multi
1237 4569 1393 4660 Quarto,
1426 4570 1578 4641 invitent
1604 4596 1669 4643 uos
1698 4578 1948 4665 promissiones
1971 4599 2122 4660 etcum·
2184 4578 2185 4582 ¹

96 4687 240 4768 propter
255 4675 534 4766 persecutionem
550 4670 691 4759 fugiunt
706 4681 766 4736 aut
782 4661 1081 4736 abiiciuntEvan·
1134 4671 1365 4752 minutiones,
1392 4671 1476 4764 quia
1491 4671 1588 4743 Deris
1611 4678 1787 4766 promittit
1809 4704 1873 4771 pro
1896 4699 2016 4758 nostra
2034 4692 2120 4762 obe-

96 4776 239 4868 gelium.
267 4774 448 4847 Adversus
458 4768 887 4845 huiusmoditentationes
896 4767 1082 4837 muniendi
1135 4773 1289 4857 dianna,
1314 4773 1530 4844 incrementa
1550 4775 1788 4867 spiritualium
1802 4784 1982 4856 donorum
1999 4790 2036 4859 in
2053 4787 2119 4862 hac

96 4890 177 4948 sunt
213 4879 324 4946 animi
355 4880 487 4951 talibus
517 4870 833 4980 promissionibus,
873 4869 993 4962 quales
1024 4865 1083 4939 hic
1134 4875 1227 4968 vita,
1257 4874 1341 4945 item
1369 4875 1480 4945 multa
1502 4879 1700 4969 corporalia
1723 4884 1908 4954 beneficia:
1944 4893 2118 4979 promittit

96 4982 310 5062 traduntur,
345 4996 376 5051 et
400 4995 451 5050 est
475 4977 690 5069 expectanda
715 4972 876 5041 liberatio
901 4972 996 5040 iuxta
1020 4996 1083 5040 vo·
1136 4988 1171 5046 et
1200 4990 1280 5066 post
1305 4974 1399 5045 hanc
1422 4974 1531 5047 vitam
1554 4982 1727 5070 praemis,
1758 4983 1920 5059 sicut’ait
1941 4975 2115 5087 Christus,
2183 5007 2185 5011 ’

96 5083 267 5154 luntatem
285 5080 372 5163 Dei,
400 5096 440 5152 ut
456 5093 576 5173 postea
596 5079 723 5148 dicam.
859 5115 861 5120 ·
1135 5072 1280 5146 habenti
1295 5077 1448 5147 dabitur.
1474 5077 1573 5165 Item,
1590 5083 1670 5153 date
1684 5097 1717 5155 et
1731 5087 1875 5158 debitur
1889 5092 2001 5164 vobis.
2030 5094 2116 5166 ltem

197 5183 267 5256 Sed
290 5187 373 5279 quia
389 5182 551 5254 Psalmus
571 5179 802 5249 concionatur
818 5176 861 5243 sle
878 5172 981 5243 bonis
999 5199 1082 5266 ope·
1134 5176 1287 5261 Paulus,
1312 5179 1423 5273 pietas
1436 5175 1544 5250 hahet
1559 5185 1808 5273 promissiones
1823 5190 1962 5263 suturae
1978 5195 2070 5266 vitae
2083 5212 2116 5268 et

96 5289 215 5368 ribus,
242 5289 397 5381 primum
421 5283 480 5357 hic
503 5282 702 5352 monendus
726 5294 776 5348 est
799 5279 927 5361 lector,
951 5277 995 5346 de
1018 5277 1084 5347 do·
1135 5274 1242 5352 huius
1263 5280 1368 5353 vitae.
1419 5278 1480 5353 Sic
1501 5280 1695 5375 Sareptena
1715 5292 1869 5363 exercuit
1891 5294 2012 5380 fidem,
2037 5295 2116 5368 eum
2200 5282 2205 5292 ⁸

96 5389 210 5463 ctrina
244 5391 344 5477 lidei,
378 5404 430 5461 est
456 5386 561 5459 etiam
585 5380 784 5453 monendus
806 5379 984 5482 quomodo
1006 5378 1085 5471 pla·
1107 5398 1113 5460 ξ
1136 5381 1293 5473 primum
1320 5383 1569 5478 obtemperans
1594 5387 1675 5461 voci
1695 5387 1914 5484 Prophetae,
1946 5397 2044 5471 daret
2072 5401 2116 5488 ei,

146 5495 329 5565 Macaron.
349 5498 454 5565 Orrn.
481 5492 567 5561 Vos..
584 5486 678 5556 Xlll.
1080 5512 1097 5528 ”
1407 5533 1409 5537 ν
1561 5486 1612 5558 bb
