4538 5754
119 213 215 286 1³19

166 376 264 477 Opes
285 390 315 451 et
334 377 485 450 divitiae
498 377 538 447 in
557 370 664 446 domo
679 374 771 447 eius·

221 529 297 601 llae
322 529 572 622 promissiones
602 526 797 597 necessario
827 525 983 618 primum
1009 552 1106 599 com·

122 637 325 728 plectuntur
340 632 558 723 agnitionem
573 627 652 701 Dei.
705 625 796 698 Cum
822 628 917 698 enim
940 654 1013 699 non
1036 631 1106 701 sint

121 735 375 828 promissiones
398 729 594 815 humanae,
629 730 688 799 sed
721 730 882 811 divinae,
911 732 1106 802 necessario

123 838 331 931 requirunt,
363 837 537 927 primum,
571 845 610 902 ut
634 854 864 920 agnoscamus
885 829 1001 903 Deum
1024 858 1107 925 pro-

125 941 346 1022 mittentem,
373 939 467 1030 quod
484 959 564 1005 cum
580 932 638 1014 lit,
664 934 870 1024 intelligunt
896 939 1001 1005 corda
1025 960 1108 1026 pro·

124 1041 210 1132 poni
227 1063 300 1108 non
316 1053 454 1109 tantum
471 1034 667 1126 corporalia
691 1036 801 1119 bona,
827 1035 885 1104 sed
909 1037 1026 1127 potius
1049 1062 1108 1106 ve-

125 1167 199 1212 ram
216 1141 432 1230 agnitionem
441 1140 510 1210 Dei
527 1151 562 1208 et
577 1151 717 1207 aeterna
734 1138 846 1222 bona,
871 1161 910 1209 ac
925 1139 1108 1209 liberatio-

126 1267 207 1314 nem
225 1267 243 1311 a
262 1255 402 1334 peccato
421 1254 485 1311 eta
502 1251 627 1310 morte.

225 1359 348 1453 Neque
364 1375 482 1431 tamen
501 1357 716 1426 excludenda
734 1370 817 1428 sunt
833 1356 1029 1447 corporalia
1045 1357 1110 1426 bo-

126 1482 192 1545 na,
219 1462 302 1554 quia
318 1461 424 1529 etiarn
441 1466 580 1551 oportet
595 1458 633 1526 in
647 1454 714 1528 hae
731 1458 804 1528 vita
818 1454 1109 1528 Ecclesiamcon-

128 1563 279 1646 servari,
303 1562 385 1631 ideo
408 1562 473 1632 etsi
498 1560 698 1650 adfligitur,
723 1574 841 1630 umen
862 1584 936 1628 non
962 1560 1110 1641 deletur,

128 1685 201 1731 non
218 1686 360 1754 prorsus
383 1663 618 1752 extinguitur,
644 1662 704 1730 sed
717 1658 814 1731 Deus
837 1684 912 1731 eam
937 1654 1113 1731 mirabiliss

128 1777 182 1833 ter
197 1765 375 1849 defendit,
401 1776 435 1833 et
450 1763 651 1855 suppeditat
666 1763 698 1832 ei
711 1763 803 1834 vitae
819 1763 1008 1855 praesidia.

230 1884 280 1954 lta
303 1886 347 1953 de
368 1897 519 1976 utroque
546 1905 673 1972 genere
698 1883 876 1953 bonorum
898 1882 1113 1972 intelligitur

129 1984 308 2070 Psalmus,
335 1987 395 2054 sed
420 1986 468 2054 ita
491 1997 532 2055 ut
554 1984 788 2073 adiungamus
811 1985 899 2053 alias
921 1983 1113 2054 sententias

130 2089 174 2155 de
189 2111 303 2167 cruce,
331 2100 365 2157 et
381 2086 531 2156 sciamus
542 2086 722 2179 quomodo
738 2080 803 2155 bae
818 2099 1015 2177 pugnantes
1032 2108 1114 2154 sen-

132 2189 260 2257 tentiae
298 2201 512 2277 congruant,
552 2187 735 2272 videlicet,
773 2188 869 2280 quod
910 2210 1113 2280 quanquam

131 2287 286 2358 Ecclesia
315 2290 362 2361 sit
391 2290 546 2359 subiecta
572 2288 858 2370 adflictionibus,
891 2312 965 2357 non
995 2301 1114 2359 tamen

133 2392 357 2475 succumbat,
382 2403 522 2482 oportet
543 2413 685 2460 manere
707 2389 746 2458 in
766 2384 831 2459 hac
846 2391 936 2475 vita,
961 2414 1115 2460 oecono-

134 2492 223 2559 mias
240 2506 272 2562 et
289 2493 449 2583 politius,
475 2503 615 2582 oportet
630 2490 749 2560 vivere
772 2506 953 2581 parentes,
975 2504 1016 2561 ut
1028 2493 1115 2561 edu·

135 2594 206 2660 cari
223 2607 257 2662 et
273 2594 412 2664 institui
433 2592 589 2662 iuniores
610 2591 764 2682 possint,
789 2605 929 2684 oportet
952 2615 1025 2662 esse
1048 2593 1116 2662 im-

135 2693 232 2783 peria
260 2706 292 2762 et
320 2694 571 2767 defensionem,
623 2689 672 2763 Et
698 2687 841 2764 haeres
862 2693 1036 2765 divinitus
1058 2717 1118 2764 or·

137 2795 278 2865 dinatae
292 2811 393 2886 sunt,
409 2819 516 2888 quare
531 2820 551 2866 a
565 2791 642 2865 Deo
658 2809 845 2866 servantur
861 2820 900 2866 ae
916 2797 1117 2866 defendun-

137 2911 213 2975 tur,
245 2910 286 2966 ut
314 2893 470 2968 Ecclesia
501 2921 575 2965 non
598 2897 716 2968 subito
748 2898 912 2969 funditur
946 2899 1118 2999 deleatur.

136 2995 256 3085 Quare
272 2996 369 3071 Deus
385 3000 483 3070 iubet
497 2999 586 3090 peti,
612 3011 648 3071 et
659 3000 719 3072 dat
735 2999 826 3070 vitae
841 2999 1025 3091 praesidia.

185 3179 345 3255 Iusticia
358 3183 436 3255 eius
449 3194 567 3256 manet
583 3185 623 3255 in
639 3194 840 3256 aeternum.

236 3349 284 3422 Et
300 3346 368 3420 boc
381 3350 516 3421 dictum
532 3345 640 3422 habet
656 3351 832 3441 duplicem
856 3347 1118 3437 interpretatio-

134 3476 236 3537 nem,
261 3477 299 3522 ac
314 3466 463 3547 utraque
480 3475 562 3521 vera
578 3466 641 3525 est.
675 3450 779 3520 Prior
793 3463 844 3521 est
861 3449 995 3540 civilis,
1010 3473 1118 3541 quam

136 3553 247 3623 solam
269 3551 392 3624 ludaei
413 3552 585 3635 retinent,
618 3554 716 3648 quod
738 3551 873 3622 scilicet
894 3551 1023 3621 veritas
1053 3550 1119 3619 ali-

135 3653 297 3746 quandiu
315 3677 481 3747 oppressa
504 3655 709 3739 calumniis,
733 3656 876 3724 tandem
904 3664 1060 3741 emergat
1080 3675 1120 3721 ac

136 3749 350 3847 triumphet,
364 3756 455 3827 sicut
469 3751 607 3848 loseph,
624 3781 704 3828 cum
718 3757 808 3827 falso
823 3768 1004 3826 accusatus
1021 3769 1120 3836 esset,

136 3871 255 3948 postea
289 3857 500 3928 mirabiliter
540 3858 711 3930 liberatus
747 3872 810 3928 est.
878 3854 993 3924 Porro
1024 3857 1118 3945 apud

135 3981 260 4028 omnes
275 3956 422 4048 gentes,
454 3959 620 4028 omnibus
651 3960 823 4030 aetatibus
845 3956 1011 4026 accidunt
1035 3953 1119 4024 talia

136 4061 313 4152 exempla,
334 4070 336 4072 ’
354 4073 393 4131 ut
416 4083 620 4154 quanquam
645 4059 805 4130 Socrates
831 4059 957 4150 iniquo
985 4055 1119 4125 ludicro

137 4164 393 4232 condemnatus
419 4177 488 4247 est,
520 4174 639 4232 tamen
661 4174 780 4252 postea
803 4160 878 4230 eius
902 4170 1119 4229 accusatores

19 4323 24 4332 .
135 4263 277 4336 civitate
291 4264 386 4356 pulsi
400 4277 496 4338 sunt.
547 4259 672 4333 Cicero
689 4261 979 4354 percalnmniam
995 4261 1119 4353 pulsus

134 4366 295 4451 civitate,
322 4378 441 4437 tamen
454 4378 573 4459 postea
589 4377 771 4435 revocatus
788 4379 849 4439 est.

236 4498 305 4571 Sed
322 4499 483 4572 Psalmeu
498 4525 571 4571 nou
585 4513 723 4571 tantum
740 4499 900 4592 loquitur
915 4499 961 4566 de
975 4490 1044 4566 boc
1060 4498 1116 4566 iu·

133 4601 228 4672 dicio
244 4603 358 4686 civili,
385 4604 448 4674 etsi
465 4604 502 4673 id
520 4626 661 4696 quoque
677 4615 728 4672 est
742 4624 831 4692 opus
846 4599 913 4671 Dei
939 4598 1034 4667 iuter
1050 4594 1117 4668 ho·

133 4704 264 4788 mines,
297 4706 356 4773 sed
378 4704 608 4776 concionatur
623 4705 667 4772 de
690 4703 825 4774 iudicio
845 4699 913 4772 Dei
933 4712 1115 4792 perpetuo,

134 4817 170 4873 et
190 4827 271 4873 vere
291 4830 363 4874 non
390 4805 491 4875 inani
514 4807 606 4875 sama
628 4800 846 4894 glorificante
868 4803 957 4897 pios.
1017 4800 1113 4891 Quid

132 4905 229 4973 enim
245 4908 425 4995 prodesset
441 4902 586 4978 Naboth
601 4931 664 4999 per
680 4906 894 4977 calumniam
918 4905 1115 4987 interfecto,

129 5005 160 5074 si
177 5030 302 5096 prosus
317 5007 490 5081 extinctus
511 5023 620 5094 esset,
647 5010 744 5102 quod
760 5023 881 5100 postea
896 5005 1026 5077 veritas
1048 5029 1112 5097 pa·

128 5109 253 5180 retacta
273 5123 334 5182 est.

226 5242 349 5339 ltaque
371 5242 462 5313 clare
484 5243 523 5312 in
547 5240 616 5314 boc
641 5245 756 5326 dicto,
782 5258 835 5316 est
857 5244 1016 5315 involuta
1044 5245 1110 5313 do-

118 5346 231 5417 ctrina
252 5349 297 5418 de
319 5345 391 5419 vita
410 5359 569 5426 aeterna,
597 5343 738 5417 lusticia
760 5346 813 5439 pii
837 5361 956 5418 manet
978 5370 1109 5438 perpe·

708 202 835 280 PHlb.
862 201 979 277 MEL.
1004 205 1215 280 SCRlPTA
1240 201 1546 280 EXEGETICA.

2061 211 2148 286 tsst

1156 393 1237 467 tuo,
1265 379 1396 458 idest,
1422 402 1523 448 causa
1548 380 1639 450 iusta
1663 381 1711 451 ita
1736 382 1982 470 glorificatur,
2010 396 2051 452 ut
2073 406 2146 474 pee-

1159 496 1265 572 petuo
1290 481 1403 552 iustus
1427 482 1533 550 etiam
1557 484 1697 551 lruatur
1717 483 1779 552 illa
1805 483 1945 572 gloria,
1982 507 2058 552 non
2078 499 2148 554 tau·

1157 597 1232 651 tum
1249 594 1416 674 sequatur
1431 607 1511 650 eum
1529 584 1648 652 inanis
1663 585 1776 666 larua,
1803 610 1845 654 ac
1868 587 2003 656 umbra
2026 586 2148 676 gloriae

1158 678 1251 753 nihil
1275 687 1415 753 adeum
1433 685 1626 775 pertinens.

1208 853 1342 931 Oritur
1358 858 1397 928 in
1416 858 1574 933 tenebris
1590 860 1712 933 lumen
1730 865 1846 936 rectis.

1261 1012 1331 1084 Hie
1346 1036 1468 1084 versus
1485 1029 1538 1084 est
1553 1015 1799 1106 interpretatio
1815 1021 2069 1111 superiorum,
2083 1045 2148 1091 ma·

1159 1118 1284 1187 nifeste
1302 1117 1397 1185 enim
1413 1117 1484 1185 iam
1496 1118 1684 1208 coniungit
1700 1120 1927 1192 adflictiones
1941 1138 1980 1194 et
1996 1125 2148 1193 consola-

1161 1220 1315 1298 tionem,
1352 1232 1386 1288 et
1403 1232 1552 1289 testatur
1573 1221 1685 1290 iustos
1699 1224 1851 1292 exerceri
1875 1224 2149 1310 adflictionibus,

1159 1323 1220 1390 sed
1235 1321 1354 1404 addit,
1382 1314 1513 1389 habere
1528 1343 1588 1390 eos
1602 1323 1885 1393 consolationem
1910 1350 1952 1394 ac
1971 1326 2147 1397 liberatio·

1161 1446 1254 1495 nem.
1305 1420 1396 1491 Nam
1417 1423 1605 1506 tenebrae,
1630 1422 1758 1495 usitata
1785 1422 2020 1518 metaphora,
2048 1428 2149 1518 signi-

1162 1525 1266 1595 ficant
1285 1546 1514 1616 quascunque
1530 1524 1750 1595 adflictiones
1768 1549 1829 1597 seu
1845 1528 2088 1614 calamitates,
2101 1530 2149 1599 lu·

1162 1649 1244 1695 men
1269 1624 1440 1713 signifieat
1467 1626 1759 1701 consolationem.
1810 1625 1952 1722 Estque
1968 1632 2149 1714 sententia,

1163 1722 1294 1797 Oritur
1311 1725 1350 1794 in
1367 1727 1524 1796 tenebris
1537 1727 1659 1798 lumen
1676 1729 1798 1813 rectis,
1825 1731 1862 1800 id
1879 1746 1955 1817 est,
1983 1733 2069 1803 iusti
2093 1728 2150 1802 ha·

1163 1829 1247 1898 bent
1261 1827 1540 1898 consolationem
1564 1841 1598 1899 et
1613 1830 1861 1901 liberationem
1879 1832 1918 1900 in
1938 1835 2151 1906 adflictioni-

1164 1931 1230 1999 bus
1244 1952 1309 1997 nec
1326 1929 1554 2015 deseruntur,
1579 1931 1670 2003 sicut
1688 1932 1762 2011 illi,
1788 1934 1955 2025 quisunt
1974 1936 2055 2005 sine
2071 1934 2151 2021 Deo,

1164 2029 1330 2119 Quorum
1344 2031 1460 2122 qualis
1474 2033 1520 2100 sit
1534 2034 1773 2122 perturbatio,
1799 2059 1838 2105 ac
1853 2036 2079 2127 desperatio,
2099 2039 2150 2107 in-

1165 2133 1259 2202 dicat
1282 2126 1428 2202 historia
1455 2131 1563 2217 Saul,
1596 2135 1659 2226 qui
1684 2134 1721 2202 in
1744 2136 1904 2205 adversis
1933 2140 2047 2210 rebus
2067 2136 2149 2209 nibil

1165 2232 1304 2304 consilii
1329 2247 1390 2303 aut
1414 2233 1489 2325 spei
1520 2225 1642 2319 habet,
1674 2235 1826 2328 ideoque
1857 2252 2014 2329 propter
2045 2242 2146 2311 animi

1166 2334 1411 2407 confusionem
1426 2334 1578 2424 magicas
1592 2352 1683 2406 artes
1701 2351 1823 2411 tentat.
1870 2337 1933 2410 Sic
1948 2366 2076 2413 omnes
2089 2344 2147 2411 im-

1166 2437 1217 2529 pii
1239 2436 1283 2504 ad
1309 2450 1524 2518 extremum,
1556 2459 1636 2506 cum
1661 2438 1823 2510 sentiunt
1844 2461 1881 2508 se
1904 2443 2068 2514 desertos
2087 2466 2146 2513 esse

1167 2535 1297 2622 aDeo,
1323 2552 1498 2630 quaerunt
1520 2539 1693 2629 praesidia
1715 2539 1982 2635 qualiacunque
2007 2559 2146 2636 possunt,

1168 2652 1289 2709 contra
1309 2638 1527 2710 voluntatem
1550 2638 1640 2722 Dei,
1672 2653 1714 2711 ut
1738 2640 1941 2714 liberentur
1967 2647 2143 2737 praesenti·

1167 2741 1234 2811 bus
1248 2739 1362 2809 malis.

1270 2869 1341 2942 Sed
1364 2885 1507 2942 econtra
1531 2873 1582 2965 pii
1604 2888 1786 2966 praestant
1799 2874 1877 2947 Deo
1904 2879 2142 2960 obedientiam,

1169 2985 1203 3042 et
1216 2972 1262 3042 ab
1276 2974 1353 3065 ipso
1369 2987 1555 3065 expectant
1568 2976 1870 3064 consolationem,
1896 2992 1933 3050 et
1956 2975 2053 3050 banc
2071 3002 2142 3049 coa·

1168 3088 1366 3166 sequuntur
1386 3075 1584 3165 duplicem,
1618 3077 1838 3168 spiritualem
1863 3095 1900 3149 et
1924 3082 2142 3174 corporalem.

1169 3173 1259 3245 Nam
1275 3178 1381 3246 corda
1397 3190 1640 3250 sustentantur
1655 3180 1764 3249 verbo
1779 3178 1846 3250 Dei
1872 3196 1907 3253 et
1920 3181 2064 3273 Spiritu
2077 3204 2141 3251 san-

1169 3290 1245 3361 cto,
1271 3276 1500 3349 sicutPaulus
1516 3278 1648 3374 inquit:
1672 3279 1829 3371 Spiritus
1842 3283 1996 3354 adiuvat
2009 3282 2140 3354 iubeni-

1169 3390 1278 3448 tatem
1294 3393 1464 3451 nostram.
1515 3377 1565 3452 Et
1578 3380 1668 3452 Psal.
1679 3383 1779 3458 tls:
1806 3382 1954 3454 Memor
1968 3399 2044 3457 esto
2059 3383 2141 3454 verbi

1169 3478 1223 3548 tui
1245 3502 1347 3551 servo
1368 3495 1450 3560 tuo,
1471 3483 1511 3551 iu
1535 3507 1606 3577 quo
1632 3479 1721 3554 mibi
1742 3507 1839 3576 spem
1865 3487 2014 3560 dedisti.
2063 3485 2143 3556 Haec

1169 3593 1221 3652 est
1241 3583 1438 3653 consolatio
1462 3608 1539 3653 mea
1562 3584 1601 3654 in
1617 3586 1840 3670 adflictione,
1866 3588 1953 3681 quia
1976 3587 2140 3683 eloquium

1171 3695 1273 3752 tuum
1296 3684 1487 3755 vivificavit
1510 3709 1578 3758 me.
1632 3683 1779 3757 Accedit
1802 3689 1910 3758 etiam
1933 3715 2040 3783 saepe
2061 3693 2142 3759 iuxta

1168 3781 1238 3853 Del
1259 3785 1447 3855 consilium
1469 3799 1613 3859 externa
1636 3788 1820 3874 liberatio,
1845 3792 1941 3861 sicut
1958 3795 2011 3864 ait
2025 3804 2139 3863 textus:

1169 3880 1242 3954 Ero
1261 3909 1384 3954 murus
1401 3888 1525 3976 igneus
1545 3889 1583 3957 in
1606 3890 1756 3961 circuitu
1771 3915 1909 3960 eorum.
1961 3891 2013 3965 Et
2035 3910 2141 3963 omues

1086 4055 1095 4072 ,
1168 3986 1280 4054 sancti
1314 3988 1445 4056 multas
1476 3992 1679 4083 corporales
1708 3992 1940 4063 liberationes
1969 3995 2140 4086 experiun-

1168 4099 1246 4168 tur,
1279 4087 1371 4158 sicut
1399 4101 1574 4162 testantur
1603 4094 1760 4184 exempla
1789 4090 1981 4178 Abrahae,
2019 4089 2142 4187 loseph,

1168 4186 1290 4274 Moisi,
1316 4190 1455 4277 David,
1480 4189 1654 4263 Ezechiae
1680 4207 1715 4264 et
1729 4196 1897 4268 aliorum.
1953 4197 2141 4290 Quiaeuim

1168 4284 1264 4361 Deus
1278 4291 1318 4360 iu
1332 4288 1399 4363 hac
1416 4296 1486 4365 vita
1503 4296 1581 4365 vult
1603 4296 1709 4367 etiam
1726 4295 1921 4371 Ecclesiam
1944 4295 2144 4379 conservari,

1167 4416 1269 4483 saepe
1286 4393 1444 4486 impertit
1459 4399 1678 4488 corporalem
1701 4398 1977 4487 liberationem,
2005 4426 2068 4493 pro
2089 4421 2142 4469 suo

1164 4495 1329 4570 consilio.
1368 4495 1468 4568 Sicut
1491 4512 1525 4567 et
1549 4500 1586 4567 in
1611 4494 1681 4569 hoc
1705 4496 1849 4570 Psalmo
1871 4504 2074 4594 corporalia
2093 4501 2143 4571 be-

1166 4594 1291 4666 neficia
1321 4600 1516 4689 promittit,
1550 4615 1584 4671 et
1608 4601 1693 4670 alibi
1723 4600 1842 4695 inquit
1872 4603 1918 4671 de
1945 4603 2143 4677 liberatione

1166 4697 1352 4791 utriusque
1372 4703 1529 4788 generis:
1556 4701 1697 4774 Multae
1719 4703 1945 4774 adflictiones
1972 4709 2144 4784 iustorum,

1164 4803 1224 4869 sed
1243 4825 1285 4870 ex
1309 4803 1475 4872 omnibus
1491 4804 1658 4873 liberabit
1679 4827 1740 4873 eos
1757 4800 1952 4878 Dominus.
2042 4826 2050 4836 ‘

1265 4933 1329 5005 Est
1343 4935 1467 5023 igitur,
1494 4951 1535 5008 ut
1549 4924 1643 5022 dixi,
1665 4939 1891 5028 superiorum
1910 4926 2084 5012 versuum
2097 4941 2144 5009 in·

1162 5038 1366 5128 terpretatio
1383 5038 1421 5106 in
1438 5034 1506 5107 boc
1524 5040 1698 5109 versiculo
1716 5041 1870 5110 adiecta:
1900 5037 2036 5114 Oritur
2051 5045 2087 5113 in
2102 5055 2144 5112 te·

1161 5138 1281 5209 nebris
1297 5139 1419 5208 lumen
1438 5141 1553 5226 rectis,
1570 5143 1668 5235 quod
1684 5142 1849 5211 videlicet
1864 5144 1953 5214 iusti
1973 5167 2144 5216 exercean-

1160 5252 1219 5311 tur
1232 5241 1516 5328 afflictionibus,
1540 5247 1601 5313 sed
1628 5245 1836 5318 liberentur,
1891 5244 2019 5335 Quare
2040 5251 2076 5318 in
2094 5268 2144 5316 su-

1161 5343 1361 5434 perioribus
1373 5345 1673 5436 promissionibus
1693 5369 1769 5415 non
1794 5348 2040 5423 excludantur
2055 5346 2144 5422 adlli·
