4538 5754
122 220 220 316 sss·
721 235 787 313 111.
836 232 1589 320 marraoocratuaurnrstcaa.
2075 246 2162 323 'sao

122 413 237 498 gunt,
271 406 532 497 subeuntibus,
559 406 639 480 aliis
669 411 831 502 partibus
860 411 1053 482 subtilibus
1075 424 1118 481 ut
1222 473 1229 489 ,
1271 405 1352 478 Etsi
1377 422 1493 478 autem
1518 422 1656 501 tempus
1680 413 1891 502 generaliter
1913 443 2158 511 quorumcun-

122 518 204 583 ἢδη
218 525 282 583 aut
297 516 396 584 fumo
404 565 419 604 ,
438 527 480 584 ut
503 512 542 581 in
559 511 645 581 vino
661 512 700 582 fit
713 512 901 581 rarefactio
908 563 920 597 ,
949 536 1030 582 cum
1044 512 1117 580 ier·
1168 530 1238 600 que
1255 522 1420 577 motuum
1433 512 1691 581 successionem
1706 526 1742 585 et
1756 539 1958 596 mensnram
1974 521 2157 609 significat,

121 624 179 684 ,eg
206 626 243 685 eg
266 613 488 699 intumescit,
513 612 598 706 quia
623 611 719 682 enim
733 613 831 682 calor
852 613 1026 683 naturalis
1044 612 1117 701 agit
1151 622 1286 678 tamen
1305 610 1409 680 multi
1426 609 1824 686 delinitiouemamotu
1837 618 1978 688 coelesti
1997 643 2157 711 sumpse-
2186 693 2190 702 ,
2258 652 2261 655 ·

122 714 161 782 in
177 704 295 806 pms
313 718 439 786 crudas
454 726 490 784 e,
503 714 625 805 plen„
649 709 848 798 halitum,
873 728 908 784 et
926 725 967 783 „g
983 727 1035 784 m
1051 736 1115 781 na.
1166 722 1270 792 runt,
1294 733 1399 802 quem
1418 710 1584 780 mirando
1600 709 1667 783 Dei
1684 717 1833 801 consilio
1854 719 2057 790 institutum
2081 745 2155 792 esse

122 827 202 886 gum
229 817 379 902 caloris,
402 838 478 886 non
500 826 648 904 cognata
671 823 829 905 segregat
853 826 888 884 et
908 814 1029 905 pellit,
1056 837 1116 882 re·
1165 810 1347 896 videmus,
1370 823 1412 880 ut
1426 811 1519 880 vices
1535 813 1663 885 efficiat
1677 817 1783 887 utiles
1797 819 1890 889 vitae
1906 820 2155 910 animantium,

123 914 315 986 solvuntur
328 931 446 1009 partes
464 915 650 985 crassiores
670 913 710 982 iu
733 914 870 1005 fumos,
896 914 959 1007 qui
984 913 1114 982 inflant
1165 911 1227 1002 (lud
1257 934 1339 980 ⁰¹¹¹¹¹
1361 910 1408 982 ’ἢ
1429 911 1600 1002 ὶωὶἶῃὶἣ
1638 928 1674 986 ‘¹
1702 916 1740 986 5¹⁸
1772 919 1934 989 ⁰¹¹¹¹¹i¹¹m
1965 916 2154 993 hminum

122 1031 259 1102 musta,
299 1030 341 1087 ut
362 1029 552 1108 erumpant
572 1038 614 1085 es
634 1015 739 1084 vasis.
804 1011 1051 1107 ldqnemagis
1074 1014 1115 1084 tit
1167 1011 1289 1080 oculos
1305 1012 1480 1093 incurrat,
1507 1026 1542 1083 et
1555 1020 1739 1086 commode
1758 1016 1936 1091 discernat
1953 1022 2154 1110 intervalla,

122 1138 204 1186 mm
220 1131 338 1190 mum
360 1113 562 1202 vehamur,
587 1117 672 1208 qui,
691 1128 809 1187 mou„
826 1116 996 1186 „mim
1015 1114 1113 1184 0210.
1165 1111 1375 1202 praecipuae
1406 1113 1663 1204 adpellationes
1700 1118 1784 1187 inde
1805 1134 2026 1208 sumuntur,
2068 1125 2152 1211 diei,

122 1238 197 1285 ,em
220 1216 312 1292 pins,
362 1217 443 1289 Hoc
468 1217 856 1308 exemplumadmonet
876 1214 1048 1286 discentes
1066 1217 1112 1284 de
1164 1212 1314 1298 mensis,
1353 1212 1452 1287 anni.
1523 1212 1664 1285 Horum
1702 1219 1957 1311 descriptiones
1996 1227 2152 1297 eruditas

121 1317 260 1405 vulgari
276 1321 417 1408 regula,
442 1315 550 1389 Calor
567 1330 619 1388 est
640 1339 744 1388 causa
758 1315 1021 1397 rarefactionis,
1045 1316 1112 1385 fri·
1163 1336 1331 1405 quaerere
1344 1325 1380 1383 et
1394 1335 1497 1384 nosse
1521 1317 1637 1386 multo
1659 1332 1710 1390 est
1731 1320 1875 1415 utilius,
1902 1347 2008 1416 wem
2032 1325 2152 1394 inani-

120 1417 249 1504 giditas
271 1441 374 1491 causa
402 1416 711 1509 condensationis,
745 1430 784 1488 ut
812 1416 905 1488 inira
928 1416 1109 1508 copiosius
1163 1415 1229 1483 bus
1255 1414 1543 1486 cavillationibus
1563 1417 1766 1507 immorari,
1800 1423 2001 1516 dequibus
2024 1427 2088 1496 alii
2110 1429 2171 1521 in,
2197 1469 2229 1489 .ae

122 1518 272 1590 dicetur·
1044 1568 1047 1572 .
1164 1508 1232 1584 hoc
1249 1515 1327 1584 loco
1344 1514 1537 1605 disputant.
1870 1538 1873 1545 '
2209 1514 2212 1519 Ι

1265 1612 1351 1685 Dies
1366 1617 1540 1686 naturalis
1555 1630 1607 1687 est
1627 1630 1769 1711 tempus
1791 1622 2028 1694 revolutionis
2054 1626 2150 1705 Solis

349 1761 356 1774 .
412 1693 510 1782 Quid
534 1703 593 1767 0⁸*
619 1688 808 1786 Tempust
1161 1738 1225 1807 per
1238 1730 1375 1786 motum
1391 1718 1499 1807 primi
1520 1719 1666 1788 mobilis
1687 1721 1734 1790 ab
1754 1717 1958 1808 horizonte,
1990 1742 2051 1797 aut
2071 1751 2149 1798 me-

222 1827 354 1916 Quales
379 1822 576 1922 labyrinthi
596 1826 669 1899 sint
692 1828 736 1895 de
753 1826 859 1896 rebus
884 1848 958 1918 non
981 1826 1109 1895 obscu-
1161 1816 1323 1899 ridiano,
1348 1818 1462 1886 donec
1477 1816 1541 1888 Sol
1566 1820 1610 1888 ad
1628 1824 1781 1891 eundem
1803 1825 1922 1894 locum
1939 1822 2147 1913 horizontis,

124 1930 193 2016 ris,
217 1930 374 2014 deloco,
398 1953 529 2013 vacuo,
554 1927 798 2011 rarefactione,
822 1927 1123 2009 condensatione,
1159 1931 1223 1987 aut
1237 1916 1426 1987 meridiani
1440 1919 1551 2000 redit,
1577 1932 1612 1990 et
1636 1916 1704 1991 hoc
1728 1936 1781 1992 est
1800 1937 1960 2018 tempus,
1996 1953 2067 2021 quo
2089 1954 2147 1999 re·

126 2034 173 2099 de
196 2043 352 2121 tempore
381 2029 420 2096 in
450 2027 750 2121 disputationibus
771 2026 1002 2118 interpretum
1022 2025 1108 2096 Ari.
1159 2018 1317 2088 volvitur
1331 2030 1426 2088 totus
1442 2018 1722 2112 aequinoctialis,
1740 2036 1775 2093 et
1790 2025 1886 2095 ultra
1901 2022 1969 2096 hoc
1981 2031 2147 2121 aliquan-

123 2129 260 2201 stotelis
287 2128 371 2198 libri
395 2128 464 2221 ipsi
487 2130 696 2211 ostendunt,
721 2129 839 2219 itaque
861 2128 1031 2219 plurimas
1048 2151 1106 2196 ca.
1158 2118 1233 2188 tula
1249 2118 1367 2209 portio
1381 2119 1667 2210 aequinoctialis,
1693 2138 1824 2215 quanta
1838 2131 2029 2215 respondet
2046 2131 2145 2201 arcui

120 2230 463 2300 villatiouesvolcns
481 2230 620 2304 omitto.
675 2224 729 2298 De
753 2240 910 2319 tempore
928 2228 1106 2320 quaestio·
1158 2218 1355 2309 sediti-3⁰³⁰,
1387 2220 1652 2312 quamisslerim
1676 2221 1740 2292 Sol
1765 2228 1975 2319 peragravit.
2024 2227 2144 2301 Huius

119 2354 183 2400 nes
198 2331 422 2421 prodigiosae
446 2344 548 2415 sunt,
574 2352 656 2400 cum
678 2321 771 2397 nihil
797 2327 843 2397 sit
868 2329 1105 2399 obscuritatis.
1158 2318 1376 2390 definitionis
1394 2320 1583 2391 declaratio
1601 2320 1689 2392 alibi
1704 2326 1833 2396 tradita
1848 2341 1911 2398 est.

119 2429 345 2521 Augustinus
363 2431 550 2516 exclamat:
578 2427 622 2498 ln
639 2441 796 2520 tempore
813 2452 946 2512 sumus,
970 2429 1103 2523 etquid
1258 2417 1398 2490 Mensis
1434 2422 1624 2514 synodicus
1632 2475 1645 2514 ,
1685 2448 1794 2518 quem
1827 2441 1956 2498 vocant
1985 2453 2143 2503 mensem

118 2545 259 2622 tempus
273 2531 319 2600 eit
333 2530 524 2610 nescimus,
552 2530 625 2599 imo
639 2529 670 2598 si
687 2532 808 2600 dextre
825 2529 1013 2615 iudicetur,
1039 2530 1104 2600 essi
1157 2520 1418 2609 consecutionis
1434 2543 1496 2591 seu
1517 2524 1862 2613 coniunctionalem,
1896 2536 1955 2600 est*
1970 2530 2142 2603 interval·

119 2633 234 2702 multa
257 2631 297 2698 in
316 2645 443 2700 natura
465 2644 549 2701 sunt
571 2631 731 2700 abstrusa
755 2643 790 2701 et
811 2629 952 2719 ignota,
984 2644 1103 2701 tamen
1156 2620 1251 2702 lum,
1275 2646 1346 2714 quo
1361 2618 1464 2691 [111111
1479 2646 1555 2693 non
1576 2625 1691 2693 tolum
1709 2628 1755 2696 ad
1776 2628 1872 2697 idem
1894 2642 2067 2721 punctum
2084 2660 2142 2704 re-

119 2734 206 2824 quid
225 2743 362 2821 tempus
379 2731 442 2811 sit,
465 2730 692 2800 mediocriter
710 2730 780 2800 dici
797 2744 921 2820 potest.
955 2726 1003 2802 Et
1019 2733 1103 2824 quia
1155 2723 1225 2806 dii,
1256 2724 1353 2791 unde
1373 2722 1596 2809 dimiserat,
1628 2726 1689 2820 §td
1711 2729 1757 2798 ad
1778 2728 2053 2823 ipsumsolem,
2079 2737 2142 2829 qui

119 2827 205 2901 haec
220 2831 324 2900 initia
344 2820 510 2925 physicae
525 2831 707 2900 doctrinae
727 2831 911 2901 continent
934 2834 1102 2926 quasdam
1154 2822 1289 2892 interea
1304 2822 1446 2910 i⁰¹¹ssi⁰⁸
1471 2846 1693 2914 Pl⁰gf0⁸⁸¹¹⁸s
1719 2830 1862 2900 itemst
1882 2855 1904 2901 ἃ
1921 2831 2001 2901 l⁰⁶0
2017 2838 2139 2925 proxi·

119 2932 472 3025 commenefactiories
510 2932 661 3002 rudibus
710 2933 942 3018 necessarias,
989 2933 1103 3004 sciant
1155 2946 1233 2995 mae
1269 2923 1550 3009 coniunctionis,
1598 2928 1658 2994 sed
1686 2926 1791 2998 Luna
1824 2953 1906 3000 eum
1941 2937 2139 3027 assequitur

119 3032 294 3114 iuniores,
326 3033 406 3101 ideo
428 3028 486 3101 hic
509 3033 553 3101 de
573 3046 733 3121 ternpore
757 3033 846 3117 dici,
870 3047 911 3102 ut
934 3055 1039 3123 supra
1056 3036 1101 3104 de
1153 3023 1259 3094 atine
1281 3024 1413 3092 mensis
1435 3024 1624 3116 periodici,
1656 3030 1775 3120 spacio
1797 3030 1980 3124 aliquanto
2002 3038 2137 3110 maiore
2191 3099 2192 3102 ,

119 3135 208 3219 loco,
225 3131 308 3225 quia
318 3156 397 3201 cum
411 3134 456 3201 de
470 3155 617 3222 corpore
631 3145 666 3203 et
678 3135 723 3202 de
737 3147 837 3203 motu
849 3146 952 3203 antea
967 3134 1101 3204 dictum
1154 3148 1259 3216 quam
1275 3123 1389 3194 bidui·

118 3235 186 3319 sit,
209 3256 293 3302 mox
309 3234 435 3302 ordine
457 3247 604 3304 naturae
621 3237 861 3326 quaerendum
878 3247 930 3305 est
951 3237 996 3304 de
1012 3235 1102 3321 loco,
1255 3223 1323 3296 Est
1351 3238 1468 3297 11111111
1498 3228 1631 3299 mensis
1662 3230 1852 3324 synodicus
1888 3234 2027 3306 medius
2058 3238 2136 3310 die-'

116 3335 244 3406 ubisit
266 3357 393 3426 corpus
410 3347 455 3426 'et
480 3334 544 3402 ubi
567 3335 627 3404 fiat
643 3347 781 3420 motus,
805 3334 935 3405 deinde
956 3339 1101 3430 quando
1152 3348 1233 3394 mm
1256 3328 1318 3411 29,
1346 3320 1515 3399 imarum
1540 3330 1599 3415 19,
1620 3331 1843 3430 missufflfflm
1866 3330 1931 3421 44,
1959 3341 2136 3411 1811111110-

117 3437 161 3507 sit
185 3457 315 3524 corpus
342 3449 376 3504 et
406 3436 548 3526 quando
567 3435 629 3504 fiat
649 3449 788 3517 motus,
812 3447 853 3505 ut
868 3459 948 3505 curn
967 3434 1099 3508 dictum
1152 3428 1289 3496 1111118·

115 3549 186 3621 est,
223 3533 344 3604 Solem
373 3557 447 3603 esse
470 3554 598 3625 corpus
622 3535 800 3621 lucidum,
827 3538 923 3628 quod
947 3538 1100 3607 circum·
1144 3532 1153 3544 ’
1255 3526 1385 3601 Annus
1407 3542 1459 3600 est
1481 3543 1640 3623 tempus,
1669 3558 1743 3624 quo*
1758 3532 1862 3608 Sola
1884 3538 1985 3609 verni
2007 3541 2134 3634 aequi·

115 3653 235 3710 acrum
266 3635 349 3705 facit
374 3635 579 3705 discrimina
610 3635 749 3706 dierum
771 3649 808 3706 et
830 3637 1008 3723 noctium,
1041 3634 1100 3708 hic
1152 3628 1262 3699 noctii
1279 3643 1409 3719 puncto
1427 3654 1595 3722 egressus,
1624 3636 1766 3706 zodiaco
1782 3656 1966 3728 peragrato
1980 3639 2021 3711 in
2036 3642 2132 3712 idem

114 3735 300 3831 quaeritur
320 3738 365 3805 de
390 3737 468 3806 loco
489 3735 603 3818 Solis,
634 3748 669 3806 et
690 3750 823 3831 quanto
846 3752 1004 3831 ternpore
1030 3741 1100 3809 cir·
1152 3745 1324 3820 punctum
1352 3733 1465 3812 redit,
1504 3757 1594 3824 quae
1617 3737 1816 3826 peragratio
1838 3740 1879 3811 fit
1899 3743 2022 3815 diebus
2046 3740 2132 3832 365,
2206 3825 2214 3842 1

114 3850 332 3924 cumagatur.
1151 3825 1249 3901 horis
1264 3831 1301 3912 5,
1314 3832 1462 3903 minutis
1476 3820 1539 3918 d9,
1554 3837 1716 3907 secundis
1735 3838 1792 3913 16.

218 3933 360 4007 Deinde
383 3937 544 4009 delinitio
567 3938 693 4009 usitata
711 3934 870 4033 Physicis
895 3939 1100 4023 retineatur,
1253 3930 1327 4003 Has
1364 3932 1589 4005 definitiones
1627 3937 1828 4011 notissimas
1869 3966 1943 4014 esse
1978 3926 2158 4035 oportet,⁰

114 4035 201 4108 haec
219 4037 399 4106 videlicet:
426 4036 585 4130 Tempus
600 4052 651 4110 est
671 4063 841 4110 numerus
856 4064 918 4110 seu
934 4064 1097 4109 mensura
1151 4057 1259 4126 quare
1274 4057 1332 4104 eas
1346 4029 1404 4105 hic
1421 4060 1563 4129 quoque
1577 4038 1733 4110 breviter
1747 4043 1912 4132 recitavi,
1936 4046 1997 4117 sed
2016 4047 2129 4137 expli-

79 4135 439 4208 vmotussecundum
457 4141 555 4230 prius
578 4153 611 4209 et
634 4141 818 4231 posterius.
872 4139 914 4210 ln
936 4166 1098 4234 quocun·
1150 4136 1242 4209 catio
1263 4136 1529 4207 alibitraditur.
1909 4222 1911 4228 Ι

115 4263 180 4333 que
211 4253 329 4323 motu,
361 4253 401 4310 ut
428 4240 467 4308 in
489 4241 746 4327 ambulatione,
778 4265 852 4311 non
877 4241 947 4310 alia
970 4266 1026 4312 res
1047 4257 1098 4312 est
1252 4236 1358 4307 Nunc
1371 4238 1521 4309 studiosi
1535 4240 1691 4331 cogitent
1704 4258 1739 4315 et
1752 4246 1928 4317 celebrent
1942 4258 2128 4330 consilium

115 4339 257 4410 duratio
273 4352 309 4408 et
323 4340 515 4422 successio,
541 4341 613 4410 nisi
636 4342 711 4434 ipse
734 4357 871 4426 motus,
896 4356 930 4414 et
942 4343 1097 4434 partium
1148 4336 1235 4422 Dei,
1268 4338 1332 4431 qui
1357 4352 1434 4410 arte
1468 4353 1585 4412 motus
1609 4345 1848 4418 coelestes-ita
1878 4350 2050 4440 instituit,
2088 4376 2130 4433 ut

116 4436 223 4511 buius
239 4440 458 4525 durationis,
483 4466 543 4513 seu
568 4437 798 4513 successionis
820 4444 914 4514 inter
932 4467 969 4512 se
989 4444 1097 4514 colla·
1149 4440 1239 4508 ordo
1256 4451 1454 4530 temporum
1469 4441 1638 4513 distribui
1650 4459 1784 4537 posset,
1809 4447 1872 4540 qui
1886 4472 2032 4550 propter
2045 4462 2128 4553 plu.

114 4541 373 4611 tioseeundum
390 4543 489 4632 prius
504 4557 540 4614 et
560 4543 755 4635 posterius,
780 4544 913 4616 dicitur
927 4542 1099 4637 Tempus.
1149 4541 1258 4618 rimas
1289 4563 1411 4611 causas
1441 4537 1649 4614 hominibus
1677 4549 1893 4622 necessarius
1922 4572 1982 4631 est.
2047 4564 2129 4634 Nisi

114 4637 176 4713 Est
198 4642 310 4730 igitur
329 4655 468 4736 tempus
494 4645 612 4735 reipsa
633 4659 794 4717 motuum
816 4646 1006 4732 successio,
1035 4648 1096 4717 sed
1150 4640 1247 4711 enim
1261 4665 1439 4715 annorum
1454 4644 1580 4739 seriem
1592 4668 1792 4731 nossemus,
1817 4649 2055 4753 nihilomagis
2070 4691 2128 4736 re.

115 4742 251 4815 accedit
292 4744 457 4832 cogitatio
483 4746 687 4817 discernens
720 4747 820 4839 prius
850 4760 885 4818 et
911 4747 1097 4839 posterius.
1150 4757 1206 4815 tro
1220 4742 1324 4815 initia
1346 4752 1482 4830 rerum,
1508 4759 1569 4817 aot
1591 4746 1807 4839 religionum
1830 4761 1983 4847 cogitare
2007 4789 2127 4855 posse-

116 4840 212 4914 llacc
240 4845 415 4916 sententia
452 4848 524 4917 nisi
555 4848 845 4920 cavillationibus
881 4849 1097 4933 involvatur,
1148 4865 1247 4932 mus,
1271 4869 1377 4939 quam
1392 4846 1555 4939 pecudes.
1605 4844 1726 4935 Quare
1744 4865 1780 4923 et
1800 4860 1930 4944 gratias
1944 4861 2021 4934 Deo
2044 4891 2127 4958 aga.

115 4946 218 5033 plana
235 4958 270 5014 et
287 4947 470 5040 perspicua
494 4962 564 5023 est.
584 4955 625 5019 ‘et
647 4951 699 5042 sic
719 4963 908 5021 senserunt
920 4947 1096 5023 Aristote·
1148 4970 1247 5029 mus,
1273 4950 1370 5042 qnod
1384 4959 1543 5040 tempora
1555 4945 1717 5023 distinxit
1742 4953 1834 5046 ipsc,
1860 4967 2053 5058 etquidem
2072 4971 2128 5039 vi-

116 5045 183 5126 les,
211 5039 453 5134 Themistius,
478 5064 512 5122 et
528 5051 602 5132 alii,
628 5050 690 5145 qni
704 5054 825 5124 dextre
833 5052 1096 5128 iudicaverunt.
1148 5070 1204 5120 ces
1217 5047 1431 5138 gratissimas
1444 5048 1528 5118 fecit
1541 5050 1679 5122 dierum
1695 5068 1729 5125 et
1744 5060 1915 5150 noctium,
1940 5070 2127 5157 mensium,

118 5141 336 5216 Themistius
356 5149 486 5242 inquit,
508 5164 645 5223 motum
660 5166 696 5225 et
718 5167 856 5246 tempus
878 5178 917 5223 re
939 5176 1012 5224 esse
1038 5176 1096 5224 ea·
1148 5148 1288 5221 aestatis
1302 5164 1335 5222 et
1351 5146 1509 5245 hyemis,
1533 5153 1579 5222 ad
1605 5177 1693 5246 quas
1715 5157 1807 5229 vices
1829 5166 1988 5239 mirabili
2009 5173 2127 5241 consi·
2176 5184 2180 5189 '

118 5246 212 5331 dem,
238 5250 300 5317 sed
317 5250 427 5340 ipsius
443 5267 559 5325 motus
584 5255 809 5327 durationem
830 5255 968 5328 collatis
984 5256 1096 5350 parti·
1146 5252 1198 5322 lio
1228 5252 1508 5324 accommodavit
1538 5257 1791 5356 convenientes
1807 5280 1906 5340 ortus
1930 5286 1966 5346 et
1987 5294 2129 5351 occasus

116 5347 179 5417 bus
194 5348 264 5417 dici
291 5363 440 5442 tempus.
470 5382 472 5387 ’
970 5390 977 5402 ·
1000 5411 1002 5414 ⁴
1146 5352 1339 5427 stellarum.
1918 5366 1920 5375 ’

163 5447 350 5518 Mrcssra·
378 5459 482 5558 Orsa.
508 5460 592 5527 Vos.
609 5456 713 5561 3111.
1453 5453 1503 5532 9¹4
1595 5473 1598 5478 Ι
1696 5567 1701 5576 .
