4538 5754
117 240 218 316 atet
716 228 1550 309 rura.unu.scer1rtsxnoarrcs
2058 239 2149 317 1192

124 414 338 507 potentiam,
365 410 455 478 sicut
472 429 551 474 vere
570 405 730 476 videmus
739 402 936 476 Ecclesiam
952 405 1029 475 sine
1045 401 1115 476 hu·
1172 405 1211 475 id
1235 419 1307 491 est,
1332 407 1530 477 doctrinam
1553 422 1673 494 tuam,
1706 410 1765 478 iac
1786 423 1829 482 ut
1849 425 1945 483 recte
1965 411 2156 503 intelligam

124 516 240 585 ruanis
258 510 441 604 praesidiis
459 532 548 593 esse,
573 507 654 578 ideo
670 520 709 576 tu
727 509 774 578 sis
790 521 981 599 protector.
1172 509 1374 578 universam
1391 508 1590 579 doctrinam
1603 511 1842 584 fundamenti.

185 607 187 611 ’
227 613 385 703 Quartus
425 609 598 680 confessio
639 620 707 678 est:
758 608 881 698 Diligo
915 610 1117 681 doctrinam
1272 604 1400 678 Averte
1430 606 1554 682 oculos
1583 633 1680 683 meos
1702 634 1745 681 ne
1770 607 1922 683 videant
1951 610 2158 702 vanitatem

128 736 236 789 mam,
1170 712 1209 780 id
1227 725 1299 792 est,
1325 733 1405 800 rege
1420 727 1573 782 mentem
1592 728 1626 784 et
1640 738 1856 808 cormeum,
1876 740 1924 785 ne
1941 729 2092 807 propter
2109 741 2157 787 res

190 820 215 879 “.·
232 815 390 907 Quintus
408 816 562 906 precatio
587 827 710 884 contra
725 815 963 884 adversarios:
991 808 1117 883 Incre-
1170 835 1299 898 vanas,
1326 816 1428 905 opes,
1454 814 1662 912 potentiam,
1687 817 1856 907 gloriam,
1884 818 2158 910 voluptatesde-

19 906 25 912 ⁸
126 924 177 1020 p'u
195 914 388 1017 superbos,
416 911 688 1013 moledicliqui
705 909 892 985 declinant
913 940 938 984 o
957 910 1118 984 manda·
1171 915 1285 984 liciam
1303 938 1323 983 a
1340 917 1539 987 verbotuo.

131 1024 181 1094 tis
202 1021 288 1093 tuis.
318 1017 510 1112 ‘Expressa
533 1019 782 1087 condemnatio
812 1033 863 1088 est
888 1042 1119 1109 corrumpen-
1273 1010 1403 1085 Statue
1430 1039 1533 1087 servo
1565 1026 1628 1088 tuo
1653 1015 1838 1116 eloquium
1866 1027 1996 1101 tuum,
2032 1021 2069 1090 id
2104 1032 2158 1099 est,

130 1128 219 1196 tium
252 1123 472 1206 doctrinam,
506 1143 594 1214 quos
621 1120 785 1189 nominat
810 1121 1001 1212 superbos,
1035 1120 1118 1212 quia
1175 1117 1347 1186 confirma
1368 1142 1508 1189 servum
1531 1136 1632 1191 tuum
1656 1138 1697 1193 ut
1723 1123 1872 1192 tirmiter
1895 1136 1932 1193 et
1957 1135 2156 1192 constanter

131 1242 213 1298 sunt
228 1227 304 1293 sine
320 1227 447 1293 timore
460 1223 544 1303 Dei,
572 1236 606 1292 et
619 1221 747 1291 fiducia
764 1232 847 1292 suae
869 1222 1062 1312 sapientiae
1085 1236 1119 1291 et
1170 1220 1342 1290 retineam
1364 1220 1547 1313 eloquium
1571 1237 1691 1307 tuum,
1721 1237 1755 1293 et
1778 1238 1817 1294 ut
1840 1238 1874 1294 te
1898 1248 1985 1293 vere
2013 1224 2158 1307 timeam,

131 1329 310 1422 potentiae
342 1327 534 1415 religiones
566 1337 600 1394 et
622 1326 789 1412 dogmata
822 1325 1037 1396 constituere
1059 1348 1119 1392 co·
1172 1335 1206 1392 et
1227 1322 1419 1391 anteferam
1443 1325 1535 1394 odiis
1559 1337 1594 1394 et
1618 1325 1725 1394 minis
1749 1339 1954 1415 potentum,
1984 1326 2089 1418 qnasi
2110 1325 2157 1394 di-

132 1445 277 1501 nantur.
340 1424 390 1498 Ut
417 1421 766 1511 Nabuchodonosor,
799 1425 1003 1516 pontifices,
1036 1424 1119 1495 Ma·
1172 1437 1247 1508 cat,
1272 1438 1312 1494 ut
1328 1436 1361 1493 te
1377 1423 1539 1510 timeam,
1564 1449 1639 1495 non
1655 1429 1848 1510 mnndum,
1875 1429 1971 1497 sicut
1987 1425 2157 1497 Dominus

132 1531 273 1615 humet,
300 1529 568 1611 samosatenus,
591 1523 736 1612 Arrius,
761 1525 925 1616 Pelagius
944 1541 976 1596 et
992 1528 1067 1600 alii.
1172 1525 1305 1617 inquit:
1332 1523 1387 1596 Ne
1410 1525 1562 1598 timeatis
1586 1550 1647 1596 eos
1662 1528 1723 1620 qui
1738 1544 1889 1622 possunt
1903 1529 2072 1598 occidere
2087 1551 2156 1599 cor·

69 1620 70 1625 ἵ
235 1632 362 1703 Sextus
388 1645 423 1704 et
448 1630 618 1722 septimus
648 1652 770 1698 versus
805 1630 960 1720 precatio
995 1642 1119 1700 contra
1171 1649 1256 1717 pus,
1281 1629 1342 1696 sed
1358 1626 1619 1714 timeteDeum,
1645 1629 1708 1722 qui
1723 1642 1838 1719 potest
1854 1631 2020 1700 aninram
2036 1644 2071 1702 et
2087 1653 2155 1700 cor·

135 1750 388 1828 persecutores:
415 1732 498 1802 Non
523 1731 619 1801 sinas
643 1731 748 1801 obrui
770 1727 976 1805 Ecclesiam.
1027 1728 1119 1801 Nam
1171 1751 1238 1821 pus
1257 1730 1415 1821 perdere.

135 1853 168 1906 et
188 1836 365 1929 principes
379 1837 615 1906 adversantur
630 1833 745 1903 nobis.
818 1827 822 1834 ’
1069 1863 1078 1881 ·
1274 1825 1436 1925 Amputu
1451 1829 1699 1927 opprobrium,
1726 1832 1762 1901 id
1779 1843 1850 1919 est,
1874 1832 1979 1901 aufer
1995 1826 2067 1901 hoc
2082 1855 2159 1924 pro-

235 1934 395 2008 Octavus
423 1959 545 2007 versus
574 1923 747 2005 confessio
780 1949 848 2006 est:
896 1932 1120 2004 Testimonia
1172 1934 1299 2017 brum,
1325 1933 1420 2028 quod
1438 1933 1553 2003 deleto
1571 1935 1679 2004 verbo
1699 1947 1733 2004 et
1749 1955 1915 2024 oppressa
1933 1930 2096 2004 Ecclesia
2109 1956 2159 2002 se·

40 2121 41 2125 Ἰ
135 2055 192 2111 tua
208 2054 291 2112 sunt
306 2063 384 2109 mea
400 2037 602 2121 meditatio,
630 2051 664 2108 et
679 2049 760 2109 sunt
776 2037 846 2105 mei
863 2037 1069 2111 consiliarii.
1172 2049 1358 2128 queretur,
1391 2058 1467 2103 non
1495 2034 1602 2105 sinito
1631 2030 1854 2127 triumphare
1875 2036 2105 2106 adversarios
2126 2046 2156 2104 et

497 2142 500 2148 “
989 2163 992 2169 ·
1173 2159 1231 2205 eos
1249 2136 1430 2205 cumulare
1445 2131 1704 2227 blasphemias,
1729 2137 1819 2207 sicut
1841 2149 1875 2206 et
1896 2135 1989 2208 alibi
2014 2136 2157 2207 dicitur:

526 2226 552 2288 'l
579 2205 722 2282 ΒΜ·
1172 2236 1378 2320 Nedicant,
1405 2237 1650 2310 nbiestDeus
1666 2239 1813 2309 eorum?

181 2329 370 2403 Adhaesit
397 2331 547 2421 pulveri
578 2334 709 2401 animo
738 2349 846 2415 meu,
885 2323 1035 2426 vivifico
1058 2347 1120 2399 me

181 2431 390 2506 secundum
404 2430 558 2503 uerbum
574 2441 691 2503 tuum.
1604 2436 1618 2498 t
1645 2420 1735 2493 Van.

234 2564 330 2633 Pene
347 2564 478 2652 singoli
500 2587 620 2634 versus
635 2575 730 2632 sunt¹
740 2564 976 2654 precationes,
1002 2576 1042 2634 ut
1063 2564 1120 2632 iu·
1222 2562 1270 2629 nt
1286 2562 1535 2650 veniotsupet·
1550 2578 1612 2630 me
1625 2557 1888 2631 misericordia
1903 2566 1975 2630 tun
1985 2559 2149 2645 Donnes,

135 2681 238 2736 vetur
254 2680 289 2734 et
305 2680 344 2735 ut
363 2668 549 2749 doceatur,
575 2679 610 2737 et
625 2687 783 2755 expresse
805 2665 890 2736 citat
912 2665 1121 2758 promissio·
1221 2661 1395 2732 salutare
1410 2669 1519 2732 tuum
1535 2659 1743 2734 seeundum
1760 2665 1954 2756 eloquium
1971 2670 2091 2732 inum,

135 2791 233 2836 nem:
263 2761 308 2839 V
305 2760 426 2858 ieifico
443 2790 498 2835 me
516 2764 619 2836 verbo
636 2775 711 2840 tuo.
739 2763 911 2857 Agnoscit
925 2761 1017 2837 hanc
1032 2791 1119 2836 con·

134 2869 341 2937 solationem
377 2869 453 2937 fieri
476 2871 604 2955 verbo,
635 2882 669 2938 et
696 2869 887 2963 acquiescit
907 2870 945 2937 in
968 2869 1120 2962 promis-

135 2971 254 3056 sione,
281 2972 373 3040 sicut
395 2971 487 3040 infra
507 2972 609 3042 dicit:
634 2969 813 3044 Sustinuit
837 2972 956 3041 anima
978 2995 1056 3042 mea
1078 2972 1119 3039 in

34 3144 37 3145 a
134 3073 242 3142 verbo
268 3073 362 3169 eius,
394 3074 546 3162 speravit
565 3073 683 3143 anima
706 3097 784 3143 mea
806 3073 846 3142 in
870 3070 1048 3158 Domino,
1080 3074 1118 3144 id

77 3182 81 3190 '
135 3189 204 3259 est,
230 3199 361 3267 quaero
376 3172 572 3244 Dominum
594 3175 633 3243 in
651 3176 901 3264 promissione,
928 3165 962 3245 et
978 3176 1120 3267 acquie-

135 3300 192 3345 sco
213 3277 250 3345 iu
259 3275 414 3346 Domino
431 3292 575 3369 propter
592 3276 873 3367 promissionem.
922 3275 996 3347 Nec
1011 3301 1119 3368 quae-

135 3381 243 3447 renda
260 3393 310 3449 est
324 3379 391 3446 alia
407 3379 624 3449 illuminatio
646 3390 741 3448 extra
765 3379 932 3464 verbum,
957 3391 999 3449 ut
1011 3375 1119 3454 Rom.

41 3494 43 3497 ’
137 3478 195 3550 15.
210 3481 355 3549 dicitnr:
396 3478 444 3549 Ut
466 3503 529 3570 per
550 3479 756 3571 patientiam
784 3493 818 3550 et
840 3481 1118 3551 consolationem

135 3582 387 3670 scripturarum
408 3604 506 3671 spem
531 3576 740 3667 habeamus,
765 3582 929 3654 utinfra:
954 3581 1118 3654 Lucerna

136 3683 286 3773 pedibus
301 3682 388 3752 meis
404 3683 552 3752 verbum
568 3698 683 3755 tuum.

236 3782 442 3876 Sequuntur
462 3772 624 3878 querelae
653 3788 698 3856 de
722 3787 917 3857 aerumnis:
953 3783 1055 3857 Iacet
1078 3785 1118 3857 in

132 3881 278 3981 pulvere
295 3885 425 3953 anima
443 3909 545 3972 mea,
569 3885 715 3958 Vivilica
731 3913 789 3958 me
804 3891 913 3959 verbo
930 3901 1004 3961 tuo.
1055 3887 1119 3961 Est

134 3988 272 4079 petitio:
299 3985 397 4057 Doce
413 4012 468 4056 me
491 3989 754 4059 iustificationes
768 4005 862 4077 tuas,
889 4004 956 4062 etc.
1590 4018 1604 4083 r
1631 3998 1733 4069 Zain.

234 4084 555 4168 Dormitubit,vel
569 4084 797 4190 Liquesocto
814 4099 865 4161 est
880 4090 1012 4161 animo
1025 4117 1117 4178 men,
1220 4139 1364 4209 Mem
1383 4144 1461 4210 em
1476 4133 1577 4209 verb,
1591 4137 1765 4209 sem-,m-
1805 4137 1848 4206 m
1940 4128 2039 4207 ,mm
2092 4148 2136 4201 ,m

44 4237 47 4242 .
133 4194 294 4283 repetitio
316 4214 586 4282 aerumnarum,
607 4194 695 4289 'noli
724 4218 782 4263 me
810 4196 1045 4284 confundere,
1078 4199 1117 4268 id
1773 4184 1785 4226 ’
1860 4154 1930 4226 quo
2052 4153 2092 4225 ψ

133 4307 200 4378 est,
234 4306 308 4365 non
330 4295 426 4364 sin'as
449 4318 505 4365 me
530 4295 723 4383 confundi,
758 4319 834 4367 non
855 4298 949 4370 sinas
978 4299 1118 4371 labores
1223 4238 1377 4313 “edm‘'
1620 4358 1629 4373 ,
1884 4360 1889 4371 .

133 4417 230 4466 meos
247 4418 321 4466 esse
335 4397 467 4469 irritos.
1273 4383 1426 4458 Memor
1443 4396 1517 4457 esto
1533 4385 1643 4472 verbi,
1664 4392 1728 4458 etc.
1781 4381 1925 4453 Primus
1941 4405 2064 4453 versus
2075 4398 2138 4471 prs-

1171 4493 1262 4567 catio
1285 4506 1353 4577 est,
1386 4492 1516 4585 inqua
1539 4491 1682 4561 intuens
1705 4485 1981 4577 promissionem
2008 4482 2091 4575 petit
2110 4499 2138 4545 se

567 4564 595 4627 Π
622 4547 688 4622 He·
1169 4595 1286 4669 iuvari
1301 4607 1336 4664 et
1355 4593 1497 4663 servari.
1549 4589 1602 4661 Ac
1617 4604 1658 4662 ut
1673 4612 1776 4681 saepe
1794 4586 1899 4672 alias,
1914 4587 2072 4656 ostendit
2083 4576 2139 4650 hoc

181 4665 322 4757 nepem
347 4685 447 4755 pone
474 4663 570 4738 milti
591 4667 753 4741 ”mimi
767 4672 870 4742 vlam
883 4676 1119 4744 mmmm
1170 4697 1353 4787 exemplo,
1387 4695 1568 4791 quomodo
1589 4693 1666 4762 fieri
1696 4690 1961 4760 invocationem
1985 4691 2141 4781 oporteat.

180 4772 353 4855 twum'
365 4789 367 4795 ¹
377 4774 422 4839 “t
435 4765 646 4862 ‘'maim'‘
660 4792 709 4843 θα
722 4793 884 4866 ‘emper‘
1170 4816 1205 4873 et
1218 4801 1347 4872 deinde
1364 4798 1543 4894 quomodo
1568 4797 1627 4865 liat
1640 4792 1845 4864 consolatio.
1895 4790 1938 4861 ln
1952 4787 2141 4881 precatione

230 4896 517 4988 Singuli-versus
546 4914 629 4973 sont
650 4905 888 4995 precationes,
921 4917 964 4975 nt
988 4905 1116 4974 docea-
1169 4907 1371 4976 intueamur
1394 4897 1666 4991 promissionem
1696 4912 1730 4967 et
1761 4890 1856 4963 hunc
1880 4917 2008 4962 verum
2029 4891 2141 5002 Donet,

130 5011 206 5082 tur,
232 5014 392 5089 regatur,
419 5002 667 5085 confirmetur,
694 5007 917 5080 defendatur.
971 5005 1116 5076 Ten‘en-
1168 5007 1232 5103 qui
1246 5030 1281 5075 se
1295 5004 1435 5075 traditis
1454 5000 1751 5095 promissionibus
1764 4995 1946 5087 patefecit,
1973 5009 2009 5065 et
2026 5003 2141 5063 consu·

128 5101 173 5167 da
199 5113 250 5168 est
274 5114 391 5169 autem
414 5104 740 5176 nativaverbornm
760 5108 1026 5199 interpretatio,
1051 5110 1115 5179 nbi
1167 5110 1237 5182 tuit
1252 5105 1487 5176 Mediatorem
1505 5127 1545 5173 ac
1559 5101 1849 5200 propiciatorem.
1883 5096 2028 5167 Deinde
2045 5112 2142 5190 quen·

127 5224 192 5269 nos
214 5202 380 5290 legimus:
419 5196 558 5296 Legem
589 5228 683 5303 pone
710 5201 808 5277 mihi
827 5205 991 5279 Domine
1017 5207 1115 5279 viam
1168 5236 1274 5307 quam
1294 5203 1517 5277 horribiliter
1537 5227 1601 5275 uos
1623 5202 1818 5299 indignitas
1843 5214 1964 5269 nostra
1990 5203 2140 5273 deterret,
2187 5236 2189 5311 ἰ

127 5296 429 5392 iustificationum
446 5313 609 5389 tuorum,
632 5312 854 5380 commodior
867 5312 1113 5405 interpretatio
1166 5327 1286 5383 tamen
1317 5310 1404 5379 fides
1431 5308 1602 5378 anteferat
1635 5304 1906 5395 promissionem
1937 5303 2098 5372 divinam
2116 5304 2142 5363 et
2187 5320 2189 5400 j

127 5417 191 5474 est:
224 5403 322 5476 Doce
347 5429 403 5478 me
422 5406 580 5480 Domine
604 5403 708 5482 viam'
722 5425 935 5487 statutorum
956 5427 1113 5499 tuorum,
1167 5414 1439 5497 Mediatorem,
1456 5423 1490 5482 et
1515 5410 1690 5480 eluctetur
1710 5431 1752 5477 ex
1778 5405 2028 5493 dubitatione,
2061 5405 2141 5497 petat
2187 5453 2189 5459 .

1272 2808 1415 2880 Primus
1428 2832 1549 2879 versus
1566 2823 1616 2880 est
1632 2811 1807 2903 precatio,
1833 2809 1967 2880 Veniat
1982 2829 2143 2900 superne
2168 2858 2173 2871 .

1172 2926 1238 2986 etc.
1254 2936 1344 3008 quae
1357 2912 1518 2982 intuetur
1534 2914 1808 3005 promissionem
1824 2910 2095 2983 misericordiae.

1167 3075 1169 3080 s
1272 3012 1457 3085 Secundus
1483 3014 1656 3084 confessio
1682 3029 1742 3088 est.

1274 3113 1419 3186 Tertius
1445 3117 1617 3206 precatio:
1644 3112 1692 3185 Et
1711 3139 1756 3184 ne
1778 3115 1918 3185 auferas
1935 3127 2003 3185 etc.

1273 3214 1431 3304 Quartus
1468 3218 1658 3288 confessio:
1707 3215 1755 3288 Et
1796 3217 1998 3286 custodiam
2030 3213 2135 3306 Legem

1171 3330 1288 3402 tuam,
1315 3333 1378 3397 ets.

1273 3418 1431 3509 Quintus
1459 3420 1674 3491 consolatio:
1707 3413 1921 3490 Ambulubo
1948 3417 1991 3487 in
2026 3413 2134 3488 lutifr-
2184 3439 2186 3443 ’

1172 3517 1275 3609 dine,
1313 3525 1351 3593 id
1381 3537 1449 3608 est,
1481 3518 1620 3593 habebo
1653 3523 1954 3606 consolationem,
1989 3519 2136 3597 laetabor,

1171 3626 1254 3719 quia
1279 3640 1339 3696 tua
1361 3625 1523 3695 doctrina
1552 3649 1609 3696 me
1629 3638 1806 3706 sustento,
1840 3636 1876 3694 et
1896 3636 1938 3693 tu
1962 3647 2021 3692 me
2041 3637 2136 3692 servat
2183 3626 2189 3650 *

1171 3741 1315 3820 propter
1338 3728 1488 3817 gloriam
1518 3726 1629 3796 tuam.
1686 3725 1825 3797 Caeteri
1853 3741 1938 3797 sunt
1968 3721 2135 3796 confessio:

1170 3823 1372 3928 Loquebor
1383 3822 1426 3898 de
1442 3821 1663 3899 testimoniis
1676 3826 1763 3900 tuis.
