<?xml version="1.0" encoding="UTF-8"?>
<!DOCTYPE html PUBLIC "-//W3C//DTD XHTML 1.0 Transitional//EN"
    "http://www.w3.org/TR/xhtml1/DTD/xhtml1-transitional.dtd">
<html xmlns="http://www.w3.org/1999/xhtml" xml:lang="en" lang="en">
 <head>
  <title>
</title>
<meta http-equiv="Content-Type" content="text/html;charset=utf-8" />
  <meta name='ocr-system' content='tesseract 3.04.00' />
  <meta name='ocr-capabilities' content='ocr_page ocr_carea ocr_par ocr_line ocrx_word'/>
</head>
<body>
  <div class='ocr_page' id='page_1' title='image "./corpusreformato11melagoog_0639.png"; bbox 0 0 4538 5754; ppageno 0'>
   <div class='ocr_carea' id='block_1_1' title="bbox 190 232 292 316">
    <p class='ocr_par' dir='ltr' id='par_1_1' title="bbox 190 232 292 316">
     <span class='ocr_line' id='line_1_1' title="bbox 190 232 292 316; baseline -0.029 0"><span class='ocrx_word' id='word_1_1' title='bbox 190 232 292 316; x_wconf 76' lang='lat'>1255</span> 
     </span>
    </p>
   </div>
   <div class='ocr_carea' id='block_1_2' title="bbox 84 403 1187 809">
    <p class='ocr_par' dir='ltr' id='par_1_2' title="bbox 84 403 1187 809">
     <span class='ocr_line' id='line_1_2' title="bbox 84 403 1186 507; baseline -0.003 -25"><span class='ocrx_word' id='word_1_2' title='bbox 84 422 91 431; x_wconf 84' lang='grc'><em>’</em></span> <span class='ocrx_word' id='word_1_3' title='bbox 192 410 342 507; x_wconf 91' lang='lat' dir='ltr'>positio,</span> <span class='ocrx_word' id='word_1_4' title='bbox 366 431 473 503; x_wconf 89' lang='lat' dir='ltr'>quarn</span> <span class='ocrx_word' id='word_1_5' title='bbox 497 403 554 477; x_wconf 89' lang='lat' dir='ltr'>his</span> <span class='ocrx_word' id='word_1_6' title='bbox 570 406 687 476; x_wconf 88' lang='lat' dir='ltr'>verbis</span> <span class='ocrx_word' id='word_1_7' title='bbox 712 407 875 478; x_wconf 77' lang='lat' dir='ltr'>tradidit:</span> <span class='ocrx_word' id='word_1_8' title='bbox 903 407 1035 480; x_wconf 87' lang='lat' dir='ltr'>Sede-a</span> <span class='ocrx_word' id='word_1_9' title='bbox 1053 411 1186 481; x_wconf 83' lang='lat' dir='ltr'>dextris</span> 
     </span>
     <span class='ocr_line' id='line_1_3' title="bbox 194 507 1186 584; baseline -0.002 -1"><span class='ocrx_word' id='word_1_10' title='bbox 194 514 294 584; x_wconf 88' lang='lat' dir='ltr'>meis.</span> <span class='ocrx_word' id='word_1_11' title='bbox 347 509 453 581; x_wconf 88' lang='lat' dir='ltr'>Nunc</span> <span class='ocrx_word' id='word_1_12' title='bbox 468 508 592 578; x_wconf 88' lang='lat' dir='ltr'>attexit</span> <span class='ocrx_word' id='word_1_13' title='bbox 607 507 754 578; x_wconf 83' lang='lat' dir='ltr'>effectus</span> <span class='ocrx_word' id='word_1_14' title='bbox 774 523 808 580; x_wconf 87' lang='lat' dir='ltr'>et</span> <span class='ocrx_word' id='word_1_15' title='bbox 823 510 1106 583; x_wconf 86' lang='lat' dir='ltr'>circumstantias</span> <span class='ocrx_word' id='word_1_16' title='bbox 1128 536 1186 581; x_wconf 91' lang='lat' dir='ltr'>re·</span> 
     </span>
     <span class='ocr_line' id='line_1_4' title="bbox 197 608 1186 707; baseline 0 -25"><span class='ocrx_word' id='word_1_17' title='bbox 197 615 280 707; x_wconf 88' lang='lat' dir='ltr'>gui,</span> <span class='ocrx_word' id='word_1_18' title='bbox 313 635 354 682; x_wconf 90' lang='lat' dir='ltr'>ac</span> <span class='ocrx_word' id='word_1_19' title='bbox 380 613 536 704; x_wconf 92' lang='lat' dir='ltr'>primum</span> <span class='ocrx_word' id='word_1_20' title='bbox 560 609 749 702; x_wconf 91' lang='lat' dir='ltr'>pollicetur</span> <span class='ocrx_word' id='word_1_21' title='bbox 768 611 953 681; x_wconf 88' lang='lat' dir='ltr'>victoriam</span> <span class='ocrx_word' id='word_1_22' title='bbox 986 608 1070 684; x_wconf 88' lang='lat' dir='ltr'>huic</span> <span class='ocrx_word' id='word_1_23' title='bbox 1097 615 1186 704; x_wconf 88' lang='lat' dir='ltr'>regi,</span> 
     </span>
     <span class='ocr_line' id='line_1_5' title="bbox 199 709 1187 809; baseline 0.003 -25"><span class='ocrx_word' id='word_1_24' title='bbox 199 730 235 788; x_wconf 91' lang='lat' dir='ltr'>et</span> <span class='ocrx_word' id='word_1_25' title='bbox 262 715 405 809; x_wconf 92' lang='lat' dir='ltr'>quidem</span> <span class='ocrx_word' id='word_1_26' title='bbox 434 712 605 781; x_wconf 88' lang='lat' dir='ltr'>divinam.</span> <span class='ocrx_word' id='word_1_27' title='bbox 674 709 770 801; x_wconf 87' lang='lat' dir='ltr'>Ego,</span> <span class='ocrx_word' id='word_1_28' title='bbox 805 714 924 808; x_wconf 89' lang='lat' dir='ltr'>inquit</span> <span class='ocrx_word' id='word_1_29' title='bbox 945 711 1059 796; x_wconf 89' lang='lat' dir='ltr'>Deus,</span> <span class='ocrx_word' id='word_1_30' title='bbox 1100 721 1187 787; x_wconf 89' lang='lat' dir='ltr'>sub-</span> 
     </span>
    </p>
   </div>
   <div class='ocr_carea' id='block_1_3' title="bbox 87 778 2269 979">
    <p class='ocr_par' dir='ltr' id='par_1_3' title="bbox 87 778 2269 979">
     <span class='ocr_line' id='line_1_6' title="bbox 87 778 2269 889; baseline -0.01 2"><span class='ocrx_word' id='word_1_31' title='bbox 87 811 94 818; x_wconf 64' lang='grc'><strong>’</strong></span> <span class='ocrx_word' id='word_1_32' title='bbox 198 817 319 889; x_wconf 88' lang='lat' dir='ltr'>iiciam</span> <span class='ocrx_word' id='word_1_33' title='bbox 342 814 410 885; x_wconf 92' lang='lat' dir='ltr'>tibi</span> <span class='ocrx_word' id='word_1_34' title='bbox 434 815 597 883; x_wconf 90' lang='lat' dir='ltr'>inimicos</span> <span class='ocrx_word' id='word_1_35' title='bbox 621 827 714 886; x_wconf 88' lang='lat' dir='ltr'>tuos.</span> <span class='ocrx_word' id='word_1_36' title='bbox 770 811 839 886; x_wconf 83' lang='lat' dir='ltr'>Est</span> <span class='ocrx_word' id='word_1_37' title='bbox 868 830 984 886; x_wconf 88' lang='lat' dir='ltr'>autem</span> <span class='ocrx_word' id='word_1_38' title='bbox 1009 815 1184 887; x_wconf 76' lang='lat' dir='ltr'>Hebraico</span> <span class='ocrx_word' id='word_1_39' title='bbox 1237 803 1346 872; x_wconf 69' lang='lat' dir='ltr'>gnum</span> <span class='ocrx_word' id='word_1_40' title='bbox 1379 778 1697 884; x_wconf 56' lang='grc' dir='ltr'>θῖἷῖὓθθὸὓᾶὓφι</span> <span class='ocrx_word' id='word_1_41' title='bbox 1727 785 2032 858; x_wconf 62' lang='grc' dir='ltr'>ΰῑΰθῦδῑῑθῦῐῖὸθ</span> <span class='ocrx_word' id='word_1_42' title='bbox 2059 799 2222 857; x_wconf 65' lang='lat'>‘2011010-</span> <span class='ocrx_word' id='word_1_43' title='bbox 2268 810 2269 869; x_wconf 81' lang='lat' dir='ltr'>l</span> 
     </span>
     <span class='ocr_line' id='line_1_7' title="bbox 1238 885 2269 979; baseline 0.003 -27"><span class='ocrx_word' id='word_1_44' title='bbox 1238 898 1366 966; x_wconf 83' lang='lat' dir='ltr'>ocant,</span> <span class='ocrx_word' id='word_1_45' title='bbox 1401 885 1465 957; x_wconf 91' lang='lat' dir='ltr'>ubi</span> <span class='ocrx_word' id='word_1_46' title='bbox 1488 886 1549 956; x_wconf 90' lang='lat' dir='ltr'>ille</span> <span class='ocrx_word' id='word_1_47' title='bbox 1571 909 1631 955; x_wconf 84' lang='lat' dir='ltr'>rex</span> <span class='ocrx_word' id='word_1_48' title='bbox 1653 890 1878 979; x_wconf 80' lang='lat' dir='ltr'>quaerendus</span> <span class='ocrx_word' id='word_1_49' title='bbox 1900 887 1966 973; x_wconf 91' lang='lat' dir='ltr'>sit,</span> <span class='ocrx_word' id='word_1_50' title='bbox 1999 887 2069 960; x_wconf 91' lang='lat' dir='ltr'>nbi</span> <span class='ocrx_word' id='word_1_51' title='bbox 2093 889 2223 978; x_wconf 76' lang='lat' dir='ltr'>agnosci</span> <span class='ocrx_word' id='word_1_52' title='bbox 2268 906 2269 913; x_wconf 53' lang='lat'>¹</span> 
     </span>
    </p>
   </div>
   <div class='ocr_carea' id='block_1_4' title="bbox 167 913 1190 1821">
    <p class='ocr_par' dir='ltr' id='par_1_4' title="bbox 167 913 1190 1821">
     <span class='ocr_line' id='line_1_8' title="bbox 200 913 1186 1012; baseline -0.002 -22"><span class='ocrx_word' id='word_1_53' title='bbox 200 915 340 1012; x_wconf 76' lang='lat' dir='ltr'>phrasis</span> <span class='ocrx_word' id='word_1_54' title='bbox 363 916 401 984; x_wconf 92' lang='lat' dir='ltr'>in</span> <span class='ocrx_word' id='word_1_55' title='bbox 424 916 597 1007; x_wconf 86' lang='lat' dir='ltr'>particula</span> <span class='ocrx_word' id='word_1_56' title='bbox 615 913 757 1001; x_wconf 91' lang='lat' dir='ltr'>Donec,</span> <span class='ocrx_word' id='word_1_57' title='bbox 791 941 882 1009; x_wconf 87' lang='lat' dir='ltr'>quae</span> <span class='ocrx_word' id='word_1_58' title='bbox 907 923 982 986; x_wconf 87' lang='lat' dir='ltr'>non</span> <span class='ocrx_word' id='word_1_59' title='bbox 1013 919 1186 1008; x_wconf 89' lang='lat' dir='ltr'>significat</span> 
     </span>
     <span class='ocr_line' id='line_1_9' title="bbox 201 1018 1188 1110; baseline 0 -18"><span class='ocrx_word' id='word_1_60' title='bbox 201 1018 270 1093; x_wconf 89' lang='lat' dir='ltr'>hoc</span> <span class='ocrx_word' id='word_1_61' title='bbox 283 1041 432 1109; x_wconf 87' lang='lat' dir='ltr'>regnum</span> <span class='ocrx_word' id='word_1_62' title='bbox 448 1018 643 1110; x_wconf 86' lang='lat' dir='ltr'>aliquando</span> <span class='ocrx_word' id='word_1_63' title='bbox 658 1020 854 1088; x_wconf 89' lang='lat' dir='ltr'>desiturum</span> <span class='ocrx_word' id='word_1_64' title='bbox 868 1042 957 1088; x_wconf 89' lang='lat' dir='ltr'>esse:</span> <span class='ocrx_word' id='word_1_65' title='bbox 984 1019 1094 1101; x_wconf 85' lang='lat' dir='ltr'>Sede,</span> <span class='ocrx_word' id='word_1_66' title='bbox 1120 1025 1188 1092; x_wconf 93' lang='lat' dir='ltr'>do-</span> 
     </span>
     <span class='ocr_line' id='line_1_10' title="bbox 167 1118 1188 1198; baseline -0.001 -5"><span class='ocrx_word' id='word_1_67' title='bbox 167 1132 171 1140; x_wconf 83' lang='grc'><strong>’</strong></span> <span class='ocrx_word' id='word_1_68' title='bbox 202 1146 268 1194; x_wconf 87' lang='lat' dir='ltr'>nec</span> <span class='ocrx_word' id='word_1_69' title='bbox 291 1120 492 1198; x_wconf 87' lang='lat' dir='ltr'>subiecere,</span> <span class='ocrx_word' id='word_1_70' title='bbox 538 1120 598 1188; x_wconf 90' lang='lat' dir='ltr'>sed</span> <span class='ocrx_word' id='word_1_71' title='bbox 627 1133 680 1190; x_wconf 88' lang='lat' dir='ltr'>est</span> <span class='ocrx_word' id='word_1_72' title='bbox 699 1119 862 1190; x_wconf 90' lang='lat' dir='ltr'>causalis:</span> <span class='ocrx_word' id='word_1_73' title='bbox 896 1118 987 1190; x_wconf 85' lang='lat' dir='ltr'><strong>Sede</strong></span> <span class='ocrx_word' id='word_1_74' title='bbox 1012 1145 1032 1190; x_wconf 90' lang='lat' dir='ltr'>a</span> <span class='ocrx_word' id='word_1_75' title='bbox 1055 1123 1188 1195; x_wconf 80' lang='lat' dir='ltr'>dextris</span> 
     </span>
     <span class='ocr_line' id='line_1_11' title="bbox 201 1220 1189 1313; baseline 0.002 -19"><span class='ocrx_word' id='word_1_76' title='bbox 201 1223 312 1303; x_wconf 89' lang='lat' dir='ltr'>meis,</span> <span class='ocrx_word' id='word_1_77' title='bbox 338 1223 469 1307; x_wconf 87' lang='lat' dir='ltr'>idest,</span> <span class='ocrx_word' id='word_1_78' title='bbox 494 1220 624 1290; x_wconf 88' lang='lat' dir='ltr'>habeto</span> <span class='ocrx_word' id='word_1_79' title='bbox 645 1243 792 1311; x_wconf 90' lang='lat' dir='ltr'>regnum</span> <span class='ocrx_word' id='word_1_80' title='bbox 809 1223 931 1291; x_wconf 88' lang='lat' dir='ltr'>divina</span> <span class='ocrx_word' id='word_1_81' title='bbox 947 1224 1124 1313; x_wconf 83' lang='lat' dir='ltr'>potentia,</span> <span class='ocrx_word' id='word_1_82' title='bbox 1148 1240 1189 1296; x_wconf 90' lang='lat' dir='ltr'>ut</span> 
     </span>
     <span class='ocr_line' id='line_1_12' title="bbox 170 1318 1188 1416; baseline -0.001 -19"><span class='ocrx_word' id='word_1_83' title='bbox 170 1396 177 1405; x_wconf 74' lang='grc'><strong>,</strong></span> <span class='ocrx_word' id='word_1_84' title='bbox 204 1348 269 1416; x_wconf 89' lang='lat' dir='ltr'>ego</span> <span class='ocrx_word' id='word_1_85' title='bbox 292 1323 477 1394; x_wconf 88' lang='lat' dir='ltr'>subiiciam</span> <span class='ocrx_word' id='word_1_86' title='bbox 503 1322 570 1392; x_wconf 92' lang='lat' dir='ltr'>tibi</span> <span class='ocrx_word' id='word_1_87' title='bbox 593 1322 765 1397; x_wconf 90' lang='lat' dir='ltr'>inimicos.</span> <span class='ocrx_word' id='word_1_88' title='bbox 816 1318 871 1394; x_wconf 81' lang='lat' dir='ltr'>Ac</span> <span class='ocrx_word' id='word_1_89' title='bbox 891 1339 1011 1415; x_wconf 90' lang='lat' dir='ltr'>postea</span> <span class='ocrx_word' id='word_1_90' title='bbox 1026 1324 1188 1397; x_wconf 91' lang='lat' dir='ltr'>Psalmus</span> 
     </span>
     <span class='ocr_line' id='line_1_13' title="bbox 203 1424 1188 1520; baseline 0.001 -23"><span class='ocrx_word' id='word_1_91' title='bbox 203 1425 393 1520; x_wconf 75' lang='lat' dir='ltr'><strong>aliquoties</strong></span> <span class='ocrx_word' id='word_1_92' title='bbox 425 1424 549 1516; x_wconf 90' lang='lat' dir='ltr'>repetit</span> <span class='ocrx_word' id='word_1_93' title='bbox 575 1425 786 1494; x_wconf 88' lang='lat' dir='ltr'>sententiam</span> <span class='ocrx_word' id='word_1_94' title='bbox 819 1427 864 1495; x_wconf 90' lang='lat' dir='ltr'>de</span> <span class='ocrx_word' id='word_1_95' title='bbox 886 1426 1059 1511; x_wconf 90' lang='lat' dir='ltr'>inimicis,</span> <span class='ocrx_word' id='word_1_96' title='bbox 1092 1431 1188 1520; x_wconf 93' lang='lat' dir='ltr'>quod</span> 
     </span>
     <span class='ocr_line' id='line_1_14' title="bbox 204 1524 1190 1601; baseline -0.002 0"><span class='ocrx_word' id='word_1_97' title='bbox 204 1524 363 1601; x_wconf 81' lang='lat' dir='ltr'>Ecclesia</span> <span class='ocrx_word' id='word_1_98' title='bbox 376 1527 495 1596; x_wconf 85' lang='lat' dir='ltr'>futura</span> <span class='ocrx_word' id='word_1_99' title='bbox 516 1525 561 1596; x_wconf 91' lang='lat' dir='ltr'>sit</span> <span class='ocrx_word' id='word_1_100' title='bbox 578 1524 616 1592; x_wconf 93' lang='lat' dir='ltr'>in</span> <span class='ocrx_word' id='word_1_101' title='bbox 636 1526 900 1599; x_wconf 86' lang='lat' dir='ltr'>afflictionibus.</span> <span class='ocrx_word' id='word_1_102' title='bbox 952 1526 1023 1599; x_wconf 85' lang='lat' dir='ltr'>Sed</span> <span class='ocrx_word' id='word_1_103' title='bbox 1042 1525 1099 1599; x_wconf 92' lang='lat' dir='ltr'>hic</span> <span class='ocrx_word' id='word_1_104' title='bbox 1113 1528 1190 1599; x_wconf 92' lang='lat' dir='ltr'>Do-</span> 
     </span>
     <span class='ocr_line' id='line_1_15' title="bbox 206 1624 1190 1717; baseline 0.002 -18"><span class='ocrx_word' id='word_1_105' title='bbox 206 1631 327 1699; x_wconf 89' lang='lat' dir='ltr'>minus</span> <span class='ocrx_word' id='word_1_106' title='bbox 350 1627 407 1697; x_wconf 87' lang='lat' dir='ltr'>cui</span> <span class='ocrx_word' id='word_1_107' title='bbox 423 1627 529 1697; x_wconf 87' lang='lat' dir='ltr'>tradit</span> <span class='ocrx_word' id='word_1_108' title='bbox 545 1624 642 1696; x_wconf 90' lang='lat' dir='ltr'>Deus</span> <span class='ocrx_word' id='word_1_109' title='bbox 658 1651 824 1717; x_wconf 91' lang='lat' dir='ltr'>regnum,</span> <span class='ocrx_word' id='word_1_110' title='bbox 849 1630 966 1699; x_wconf 88' lang='lat' dir='ltr'>vincet</span> <span class='ocrx_word' id='word_1_111' title='bbox 981 1655 1105 1700; x_wconf 90' lang='lat' dir='ltr'>omues</span> <span class='ocrx_word' id='word_1_112' title='bbox 1123 1627 1190 1700; x_wconf 90' lang='lat' dir='ltr'>ho-</span> 
     </span>
     <span class='ocr_line' id='line_1_16' title="bbox 207 1729 1190 1821; baseline 0 -21"><span class='ocrx_word' id='word_1_113' title='bbox 207 1746 296 1815; x_wconf 93' lang='lat' dir='ltr'>stes,</span> <span class='ocrx_word' id='word_1_114' title='bbox 329 1743 362 1798; x_wconf 92' lang='lat' dir='ltr'>et</span> <span class='ocrx_word' id='word_1_115' title='bbox 393 1729 573 1819; x_wconf 79' lang='lat' dir='ltr'>superabit</span> <span class='ocrx_word' id='word_1_116' title='bbox 603 1730 823 1809; x_wconf 88' lang='lat' dir='ltr'>afflictiones.</span> <span class='ocrx_word' id='word_1_117' title='bbox 879 1729 939 1802; x_wconf 89' lang='lat' dir='ltr'>Sic</span> <span class='ocrx_word' id='word_1_118' title='bbox 966 1732 1074 1821; x_wconf 89' lang='lat' dir='ltr'>igitur</span> <span class='ocrx_word' id='word_1_119' title='bbox 1097 1733 1190 1802; x_wconf 90' lang='lat' dir='ltr'>acci-</span> 
     </span>
    </p>
   </div>
   <div class='ocr_carea' id='block_1_5' title="bbox 44 1824 1190 1937">
    <p class='ocr_par' dir='ltr' id='par_1_5' title="bbox 44 1824 1190 1937">
     <span class='ocr_line' id='line_1_17' title="bbox 44 1824 1190 1937; baseline 0.001 -36"><span class='ocrx_word' id='word_1_120' title='bbox 44 1877 49 1886; x_wconf 91' lang='lat'><strong>·</strong></span> <span class='ocrx_word' id='word_1_121' title='bbox 95 1917 102 1937; x_wconf 40' lang='grc' dir='ltr'><strong><em>Ι</em></strong></span> <span class='ocrx_word' id='word_1_122' title='bbox 207 1833 357 1927; x_wconf 87' lang='lat' dir='ltr'>piendae</span> <span class='ocrx_word' id='word_1_123' title='bbox 370 1844 454 1900; x_wconf 91' lang='lat' dir='ltr'>sunt</span> <span class='ocrx_word' id='word_1_124' title='bbox 470 1824 537 1900; x_wconf 88' lang='lat' dir='ltr'>hae</span> <span class='ocrx_word' id='word_1_125' title='bbox 551 1831 765 1917; x_wconf 90' lang='lat' dir='ltr'>sententiae,</span> <span class='ocrx_word' id='word_1_126' title='bbox 789 1846 831 1903; x_wconf 91' lang='lat' dir='ltr'>ut</span> <span class='ocrx_word' id='word_1_127' title='bbox 842 1833 1107 1907; x_wconf 81' lang='lat' dir='ltr'>meminerimus</span> <span class='ocrx_word' id='word_1_128' title='bbox 1124 1858 1190 1902; x_wconf 88' lang='lat' dir='ltr'>no-</span> 
     </span>
    </p>
   </div>
   <div class='ocr_carea' id='block_1_6' title="bbox 206 1932 1191 2533">
    <p class='ocr_par' dir='ltr' id='par_1_6' title="bbox 206 1932 1191 2533">
     <span class='ocr_line' id='line_1_18' title="bbox 207 1932 1191 2024; baseline 0.001 -20"><span class='ocrx_word' id='word_1_129' title='bbox 207 1935 264 2005; x_wconf 87' lang='lat' dir='ltr'>bis</span> <span class='ocrx_word' id='word_1_130' title='bbox 279 1932 431 2024; x_wconf 88' lang='lat' dir='ltr'>proponi</span> <span class='ocrx_word' id='word_1_131' title='bbox 444 1932 705 2002; x_wconf 89' lang='lat' dir='ltr'>consolationes</span> <span class='ocrx_word' id='word_1_132' title='bbox 732 1934 771 2003; x_wconf 93' lang='lat' dir='ltr'>iu</span> <span class='ocrx_word' id='word_1_133' title='bbox 797 1936 976 2004; x_wconf 87' lang='lat' dir='ltr'>aerumnis</span> <span class='ocrx_word' id='word_1_134' title='bbox 1002 1933 1191 2018; x_wconf 84' lang='lat' dir='ltr'>Ecclesiae,</span> 
     </span>
     <span class='ocr_line' id='line_1_19' title="bbox 207 2027 1187 2131; baseline 0 -24"><span class='ocrx_word' id='word_1_135' title='bbox 207 2032 256 2107; x_wconf 85' lang='lat' dir='ltr'>Et</span> <span class='ocrx_word' id='word_1_136' title='bbox 271 2035 310 2102; x_wconf 90' lang='lat' dir='ltr'>iu</span> <span class='ocrx_word' id='word_1_137' title='bbox 326 2027 391 2102; x_wconf 90' lang='lat' dir='ltr'>hac</span> <span class='ocrx_word' id='word_1_138' title='bbox 409 2035 652 2104; x_wconf 75' lang='lat' dir='ltr'>consolatione</span> <span class='ocrx_word' id='word_1_139' title='bbox 668 2029 736 2105; x_wconf 92' lang='lat' dir='ltr'>hoc</span> <span class='ocrx_word' id='word_1_140' title='bbox 753 2038 982 2126; x_wconf 88' lang='lat' dir='ltr'>spectandum</span> <span class='ocrx_word' id='word_1_141' title='bbox 1002 2050 1065 2120; x_wconf 98' lang='grc' dir='ltr'><strong>εει,</strong></span> <span class='ocrx_word' id='word_1_142' title='bbox 1093 2040 1187 2131; x_wconf 90' lang='lat' dir='ltr'>quod</span> 
     </span>
     <span class='ocr_line' id='line_1_20' title="bbox 206 2131 1190 2226; baseline 0.004 -20"><span class='ocrx_word' id='word_1_143' title='bbox 206 2131 315 2206; x_wconf 81' lang='lat' dir='ltr'>Deus</span> <span class='ocrx_word' id='word_1_144' title='bbox 340 2146 488 2207; x_wconf 89' lang='lat' dir='ltr'>testatur</span> <span class='ocrx_word' id='word_1_145' title='bbox 519 2159 594 2205; x_wconf 88' lang='lat' dir='ltr'>sese</span> <span class='ocrx_word' id='word_1_146' title='bbox 625 2137 867 2208; x_wconf 87' lang='lat' dir='ltr'>subiecturum</span> <span class='ocrx_word' id='word_1_147' title='bbox 908 2160 995 2226; x_wconf 51' lang='lat' dir='ltr'>esse,</span> <span class='ocrx_word' id='word_1_148' title='bbox 1015 2139 1190 2211; x_wconf 88' lang='lat' dir='ltr'>inimicos.</span> 
     </span>
     <span class='ocr_line' id='line_1_21' title="bbox 207 2231 1190 2331; baseline 0.002 -23"><span class='ocrx_word' id='word_1_149' title='bbox 207 2261 290 2329; x_wconf 90' lang='lat' dir='ltr'>ergo</span> <span class='ocrx_word' id='word_1_150' title='bbox 310 2231 475 2307; x_wconf 89' lang='lat' dir='ltr'>Christus</span> <span class='ocrx_word' id='word_1_151' title='bbox 497 2238 564 2306; x_wconf 88' lang='lat' dir='ltr'>erit</span> <span class='ocrx_word' id='word_1_152' title='bbox 585 2236 706 2307; x_wconf 81' lang='lat' dir='ltr'>efficax</span> <span class='ocrx_word' id='word_1_153' title='bbox 729 2239 851 2308; x_wconf 89' lang='lat' dir='ltr'>divina</span> <span class='ocrx_word' id='word_1_154' title='bbox 873 2239 1043 2331; x_wconf 89' lang='lat' dir='ltr'>potentia.</span> <span class='ocrx_word' id='word_1_155' title='bbox 1101 2239 1190 2312; x_wconf 91' lang='lat' dir='ltr'>Item</span> 
     </span>
     <span class='ocr_line' id='line_1_22' title="bbox 207 2338 1191 2434; baseline 0.003 -25"><span class='ocrx_word' id='word_1_156' title='bbox 207 2364 291 2410; x_wconf 90' lang='lat' dir='ltr'>vere</span> <span class='ocrx_word' id='word_1_157' title='bbox 306 2350 405 2409; x_wconf 87' lang='lat' dir='ltr'>curat</span> <span class='ocrx_word' id='word_1_158' title='bbox 419 2361 486 2408; x_wconf 87' lang='lat' dir='ltr'>nos</span> <span class='ocrx_word' id='word_1_159' title='bbox 502 2338 598 2411; x_wconf 91' lang='lat' dir='ltr'>Deus</span> <span class='ocrx_word' id='word_1_160' title='bbox 611 2339 649 2407; x_wconf 93' lang='lat' dir='ltr'>in</span> <span class='ocrx_word' id='word_1_161' title='bbox 666 2340 729 2409; x_wconf 94' lang='lat' dir='ltr'>illo</span> <span class='ocrx_word' id='word_1_162' title='bbox 744 2364 871 2430; x_wconf 91' lang='lat' dir='ltr'>regno,</span> <span class='ocrx_word' id='word_1_163' title='bbox 896 2342 1072 2434; x_wconf 90' lang='lat' dir='ltr'>siquidem</span> <span class='ocrx_word' id='word_1_164' title='bbox 1093 2343 1191 2412; x_wconf 86' lang='lat' dir='ltr'>affir-</span> 
     </span>
     <span class='ocr_line' id='line_1_23' title="bbox 206 2435 865 2533; baseline 0.006 -21"><span class='ocrx_word' id='word_1_165' title='bbox 206 2456 299 2529; x_wconf 86' lang='lat' dir='ltr'>mat,</span> <span class='ocrx_word' id='word_1_166' title='bbox 325 2463 360 2511; x_wconf 90' lang='lat' dir='ltr'>se</span> <span class='ocrx_word' id='word_1_167' title='bbox 379 2435 496 2510; x_wconf 88' lang='lat' dir='ltr'>hostes</span> <span class='ocrx_word' id='word_1_168' title='bbox 512 2463 762 2533; x_wconf 88' lang='lat' dir='ltr'>oppressurum</span> <span class='ocrx_word' id='word_1_169' title='bbox 780 2465 865 2516; x_wconf 88' lang='lat' dir='ltr'>esse.</span> 
     </span>
    </p>
   </div>
   <div class='ocr_carea' id='block_1_7' title="bbox 309 2559 1188 2685">
    <p class='ocr_par' dir='ltr' id='par_1_7' title="bbox 309 2559 1188 2685">
     <span class='ocr_line' id='line_1_24' title="bbox 309 2559 1188 2685; baseline 0.001 -23"><span class='ocrx_word' id='word_1_170' title='bbox 309 2559 378 2662; x_wconf 88' lang='lat' dir='ltr'>Sed</span> <span class='ocrx_word' id='word_1_171' title='bbox 404 2592 466 2684; x_wconf 91' lang='lat' dir='ltr'>qui</span> <span class='ocrx_word' id='word_1_172' title='bbox 495 2605 577 2664; x_wconf 90' lang='lat' dir='ltr'>sunt</span> <span class='ocrx_word' id='word_1_173' title='bbox 600 2593 655 2663; x_wconf 94' lang='lat' dir='ltr'>illi</span> <span class='ocrx_word' id='word_1_174' title='bbox 678 2589 820 2664; x_wconf 87' lang='lat' dir='ltr'>hostes?</span> <span class='ocrx_word' id='word_1_175' title='bbox 874 2593 1008 2664; x_wconf 92' lang='lat' dir='ltr'>Totum</span> <span class='ocrx_word' id='word_1_176' title='bbox 1040 2617 1188 2685; x_wconf 90' lang='lat' dir='ltr'>reguum</span> 
     </span>
    </p>
   </div>
   <div class='ocr_carea' id='block_1_8' title="bbox 142 2693 1193 4402">
    <p class='ocr_par' dir='ltr' id='par_1_8' title="bbox 142 2693 1193 4402">
     <span class='ocr_line' id='line_1_25' title="bbox 208 2693 1191 2789; baseline -0.001 -23"><span class='ocrx_word' id='word_1_177' title='bbox 208 2693 364 2784; x_wconf 87' lang='lat' dir='ltr'>diaboli,</span> <span class='ocrx_word' id='word_1_178' title='bbox 391 2693 427 2762; x_wconf 94' lang='lat' dir='ltr'>id</span> <span class='ocrx_word' id='word_1_179' title='bbox 452 2709 520 2779; x_wconf 92' lang='lat' dir='ltr'>est,</span> <span class='ocrx_word' id='word_1_180' title='bbox 546 2694 711 2766; x_wconf 91' lang='lat' dir='ltr'>diabolus</span> <span class='ocrx_word' id='word_1_181' title='bbox 732 2696 795 2789; x_wconf 92' lang='lat' dir='ltr'>qui</span> <span class='ocrx_word' id='word_1_182' title='bbox 816 2708 868 2766; x_wconf 88' lang='lat' dir='ltr'>est</span> <span class='ocrx_word' id='word_1_183' title='bbox 887 2709 991 2767; x_wconf 89' lang='lat' dir='ltr'>autor</span> <span class='ocrx_word' id='word_1_184' title='bbox 1008 2697 1139 2789; x_wconf 82' lang='lat' dir='ltr'>peccati</span> <span class='ocrx_word' id='word_1_185' title='bbox 1156 2710 1191 2766; x_wconf 90' lang='lat' dir='ltr'>et</span> 
     </span>
     <span class='ocr_line' id='line_1_26' title="bbox 207 2795 1189 2888; baseline 0.001 -22"><span class='ocrx_word' id='word_1_186' title='bbox 207 2795 352 2881; x_wconf 92' lang='lat' dir='ltr'>mortis,</span> <span class='ocrx_word' id='word_1_187' title='bbox 388 2809 422 2865; x_wconf 93' lang='lat' dir='ltr'>et</span> <span class='ocrx_word' id='word_1_188' title='bbox 443 2821 507 2886; x_wconf 91' lang='lat' dir='ltr'>per</span> <span class='ocrx_word' id='word_1_189' title='bbox 529 2810 711 2888; x_wconf 88' lang='lat' dir='ltr'>peccatum</span> <span class='ocrx_word' id='word_1_190' title='bbox 741 2812 775 2869; x_wconf 95' lang='lat' dir='ltr'>et</span> <span class='ocrx_word' id='word_1_191' title='bbox 799 2811 949 2867; x_wconf 91' lang='lat' dir='ltr'>mortem</span> <span class='ocrx_word' id='word_1_192' title='bbox 977 2800 1148 2869; x_wconf 86' lang='lat' dir='ltr'>abstraxit</span> <span class='ocrx_word' id='word_1_193' title='bbox 1169 2821 1189 2867; x_wconf 92' lang='lat' dir='ltr'>a</span> 
     </span>
     <span class='ocr_line' id='line_1_27' title="bbox 207 2891 1190 2992; baseline -0.001 -23"><span class='ocrx_word' id='word_1_194' title='bbox 207 2897 289 2969; x_wconf 89' lang='lat' dir='ltr'>Deo</span> <span class='ocrx_word' id='word_1_195' title='bbox 312 2919 421 2987; x_wconf 90' lang='lat' dir='ltr'>genus</span> <span class='ocrx_word' id='word_1_196' title='bbox 442 2891 657 2984; x_wconf 90' lang='lat' dir='ltr'>humanum,</span> <span class='ocrx_word' id='word_1_197' title='bbox 683 2912 719 2971; x_wconf 91' lang='lat' dir='ltr'>et</span> <span class='ocrx_word' id='word_1_198' title='bbox 742 2914 855 2971; x_wconf 86' lang='lat' dir='ltr'>armat</span> <span class='ocrx_word' id='word_1_199' title='bbox 877 2900 1006 2992; x_wconf 90' lang='lat' dir='ltr'>impios</span> <span class='ocrx_word' id='word_1_200' title='bbox 1027 2897 1190 2972; x_wconf 88' lang='lat' dir='ltr'>homiues</span> 
     </span>
     <span class='ocr_line' id='line_1_28' title="bbox 142 2994 1188 3095; baseline 0.001 -25"><span class='ocrx_word' id='word_1_201' title='bbox 142 3014 146 3025; x_wconf 91' lang='lat'>&#39;</span> <span class='ocrx_word' id='word_1_202' title='bbox 207 3002 375 3070; x_wconf 87' lang='lat' dir='ltr'>adversus</span> <span class='ocrx_word' id='word_1_203' title='bbox 388 2994 589 3084; x_wconf 83' lang='lat' dir='ltr'>Christum,</span> <span class='ocrx_word' id='word_1_204' title='bbox 613 3013 655 3071; x_wconf 95' lang='lat' dir='ltr'>ut</span> <span class='ocrx_word' id='word_1_205' title='bbox 668 3014 924 3095; x_wconf 88' lang='lat' dir='ltr'>persequantur</span> <span class='ocrx_word' id='word_1_206' title='bbox 941 3003 1089 3072; x_wconf 88' lang='lat' dir='ltr'>verbum</span> <span class='ocrx_word' id='word_1_207' title='bbox 1108 3000 1188 3071; x_wconf 87' lang='lat' dir='ltr'>Dei.</span> 
     </span>
     <span class='ocr_line' id='line_1_29' title="bbox 206 3095 1191 3194; baseline 0 -21"><span class='ocrx_word' id='word_1_208' title='bbox 206 3099 284 3173; x_wconf 90' lang='lat' dir='ltr'>Hos</span> <span class='ocrx_word' id='word_1_209' title='bbox 300 3095 418 3171; x_wconf 88' lang='lat' dir='ltr'>hostes</span> <span class='ocrx_word' id='word_1_210' title='bbox 440 3102 551 3172; x_wconf 89' lang='lat' dir='ltr'>vincit</span> <span class='ocrx_word' id='word_1_211' title='bbox 567 3098 750 3186; x_wconf 91' lang='lat' dir='ltr'>Christus,</span> <span class='ocrx_word' id='word_1_212' title='bbox 776 3100 933 3173; x_wconf 85' lang='lat' dir='ltr'>abolebit</span> <span class='ocrx_word' id='word_1_213' title='bbox 957 3119 1136 3194; x_wconf 89' lang='lat' dir='ltr'>peccatum</span> <span class='ocrx_word' id='word_1_214' title='bbox 1157 3117 1191 3173; x_wconf 89' lang='lat' dir='ltr'>et</span> 
     </span>
     <span class='ocr_line' id='line_1_30' title="bbox 204 3203 1189 3295; baseline 0 -23"><span class='ocrx_word' id='word_1_215' title='bbox 204 3216 375 3288; x_wconf 90' lang='lat' dir='ltr'>mortem,</span> <span class='ocrx_word' id='word_1_216' title='bbox 390 3215 425 3272; x_wconf 90' lang='grc' dir='ltr'>ει</span> <span class='ocrx_word' id='word_1_217' title='bbox 438 3203 594 3274; x_wconf 90' lang='lat' dir='ltr'>destruet</span> <span class='ocrx_word' id='word_1_218' title='bbox 609 3205 803 3295; x_wconf 90' lang='lat' dir='ltr'>potentiam</span> <span class='ocrx_word' id='word_1_219' title='bbox 818 3204 973 3285; x_wconf 90' lang='lat' dir='ltr'>diaboli,</span> <span class='ocrx_word' id='word_1_220' title='bbox 987 3205 1189 3275; x_wconf 90' lang='lat' dir='ltr'>etomnium</span> 
     </span>
     <span class='ocr_line' id='line_1_31' title="bbox 207 3305 1190 3398; baseline 0.001 -24"><span class='ocrx_word' id='word_1_221' title='bbox 207 3305 270 3397; x_wconf 93' lang='lat' dir='ltr'>qui</span> <span class='ocrx_word' id='word_1_222' title='bbox 291 3307 551 3397; x_wconf 86' lang='lat' dir='ltr'>persequuntur</span> <span class='ocrx_word' id='word_1_223' title='bbox 570 3309 716 3376; x_wconf 90' lang='lat' dir='ltr'>verbum</span> <span class='ocrx_word' id='word_1_224' title='bbox 731 3305 814 3374; x_wconf 89' lang='lat' dir='ltr'>Dei:</span> <span class='ocrx_word' id='word_1_225' title='bbox 842 3306 913 3374; x_wconf 92' lang='lat' dir='ltr'>illis</span> <span class='ocrx_word' id='word_1_226' title='bbox 935 3330 1019 3374; x_wconf 90' lang='lat' dir='ltr'>vero</span> <span class='ocrx_word' id='word_1_227' title='bbox 1044 3306 1107 3398; x_wconf 91' lang='lat' dir='ltr'>qui</span> <span class='ocrx_word' id='word_1_228' title='bbox 1126 3309 1190 3375; x_wconf 88' lang='lat' dir='ltr'>ad-</span> 
     </span>
     <span class='ocr_line' id='line_1_32' title="bbox 207 3401 1191 3498; baseline 0.001 -23"><span class='ocrx_word' id='word_1_229' title='bbox 207 3401 405 3475; x_wconf 87' lang='lat' dir='ltr'>haerebunt</span> <span class='ocrx_word' id='word_1_230' title='bbox 418 3401 581 3490; x_wconf 90' lang='lat' dir='ltr'>Christo,</span> <span class='ocrx_word' id='word_1_231' title='bbox 606 3432 671 3477; x_wconf 79' lang='lat' dir='ltr'>nec</span> <span class='ocrx_word' id='word_1_232' title='bbox 686 3420 884 3498; x_wconf 90' lang='lat' dir='ltr'>peccatum,</span> <span class='ocrx_word' id='word_1_233' title='bbox 912 3430 1106 3497; x_wconf 76' lang='lat' dir='ltr'>memore,</span> <span class='ocrx_word' id='word_1_234' title='bbox 1125 3431 1191 3476; x_wconf 89' lang='lat' dir='ltr'>nec</span> 
     </span>
     <span class='ocr_line' id='line_1_33' title="bbox 179 3506 1191 3599; baseline 0.001 -23"><span class='ocrx_word' id='word_1_235' title='bbox 179 3520 182 3529; x_wconf 87' lang='grc'>’</span> <span class='ocrx_word' id='word_1_236' title='bbox 208 3506 371 3577; x_wconf 92' lang='lat' dir='ltr'>diabolus</span> <span class='ocrx_word' id='word_1_237' title='bbox 387 3528 513 3575; x_wconf 91' lang='lat' dir='ltr'>nocere</span> <span class='ocrx_word' id='word_1_238' title='bbox 527 3509 675 3599; x_wconf 89' lang='lat' dir='ltr'>poterit,</span> <span class='ocrx_word' id='word_1_239' title='bbox 701 3534 766 3578; x_wconf 90' lang='lat' dir='ltr'>nec</span> <span class='ocrx_word' id='word_1_240' title='bbox 780 3509 853 3579; x_wconf 87' lang='lat' dir='ltr'>ulla</span> <span class='ocrx_word' id='word_1_241' title='bbox 869 3509 938 3579; x_wconf 92' lang='lat' dir='ltr'>erit</span> <span class='ocrx_word' id='word_1_242' title='bbox 959 3521 1056 3578; x_wconf 86' lang='lat' dir='ltr'>tanta</span> <span class='ocrx_word' id='word_1_243' title='bbox 1077 3509 1191 3578; x_wconf 90' lang='lat' dir='ltr'>saevi-</span> 
     </span>
     <span class='ocr_line' id='line_1_34' title="bbox 175 3606 1191 3700; baseline 0.003 -21"><span class='ocrx_word' id='word_1_244' title='bbox 175 3659 177 3663; x_wconf 85' lang='lat'>·</span> <span class='ocrx_word' id='word_1_245' title='bbox 210 3609 258 3679; x_wconf 86' lang='lat' dir='ltr'>tia</span> <span class='ocrx_word' id='word_1_246' title='bbox 280 3607 428 3691; x_wconf 91' lang='lat' dir='ltr'>mundi,</span> <span class='ocrx_word' id='word_1_247' title='bbox 459 3631 549 3699; x_wconf 90' lang='lat' dir='ltr'>quae</span> <span class='ocrx_word' id='word_1_248' title='bbox 576 3611 687 3700; x_wconf 86' lang='lat' dir='ltr'>possit</span> <span class='ocrx_word' id='word_1_249' title='bbox 716 3609 834 3679; x_wconf 89' lang='lat' dir='ltr'>delere</span> <span class='ocrx_word' id='word_1_250' title='bbox 865 3606 999 3681; x_wconf 86' lang='lat' dir='ltr'>Christi</span> <span class='ocrx_word' id='word_1_251' title='bbox 1028 3633 1191 3699; x_wconf 81' lang='lat' dir='ltr'>regnum.</span> 
     </span>
     <span class='ocr_line' id='line_1_35' title="bbox 210 3707 1191 3803; baseline 0.004 -26"><span class='ocrx_word' id='word_1_252' title='bbox 210 3707 453 3801; x_wconf 87' lang='lat' dir='ltr'>Quaecunque</span> <span class='ocrx_word' id='word_1_253' title='bbox 468 3711 676 3780; x_wconf 83' lang='lat' dir='ltr'>afflictiones</span> <span class='ocrx_word' id='word_1_254' title='bbox 692 3711 862 3803; x_wconf 89' lang='lat' dir='ltr'>impetum</span> <span class='ocrx_word' id='word_1_255' title='bbox 876 3714 1042 3782; x_wconf 91' lang='lat' dir='ltr'>adversus</span> <span class='ocrx_word' id='word_1_256' title='bbox 1059 3738 1124 3783; x_wconf 90' lang='lat' dir='ltr'>nos</span> <span class='ocrx_word' id='word_1_257' title='bbox 1138 3715 1191 3783; x_wconf 88' lang='lat' dir='ltr'>sa·</span> 
     </span>
     <span class='ocr_line' id='line_1_36' title="bbox 148 3809 1191 3899; baseline -0.001 -18"><span class='ocrx_word' id='word_1_258' title='bbox 148 3847 155 3855; x_wconf 59' lang='grc'><strong><em>’</em></strong></span> <span class='ocrx_word' id='word_1_259' title='bbox 210 3811 329 3893; x_wconf 87' lang='lat' dir='ltr'>ciunt,</span> <span class='ocrx_word' id='word_1_260' title='bbox 355 3809 529 3899; x_wconf 87' lang='lat' dir='ltr'>erigamus</span> <span class='ocrx_word' id='word_1_261' title='bbox 543 3835 608 3881; x_wconf 89' lang='lat' dir='ltr'>nos</span> <span class='ocrx_word' id='word_1_262' title='bbox 625 3810 691 3882; x_wconf 90' lang='lat' dir='ltr'>hac</span> <span class='ocrx_word' id='word_1_263' title='bbox 706 3837 791 3884; x_wconf 89' lang='lat' dir='ltr'>voce</span> <span class='ocrx_word' id='word_1_264' title='bbox 806 3812 891 3884; x_wconf 89' lang='lat' dir='ltr'>Dei:</span> <span class='ocrx_word' id='word_1_265' title='bbox 919 3810 1044 3885; x_wconf 60' lang='lat' dir='ltr'>Sede&#39;a</span> <span class='ocrx_word' id='word_1_266' title='bbox 1061 3815 1191 3884; x_wconf 85' lang='lat' dir='ltr'>dextris</span> 
     </span>
     <span class='ocr_line' id='line_1_37' title="bbox 208 3911 1191 4008; baseline 0.005 -29"><span class='ocrx_word' id='word_1_267' title='bbox 208 3911 316 3996; x_wconf 90' lang='lat' dir='ltr'>meis,</span> <span class='ocrx_word' id='word_1_268' title='bbox 341 3912 454 3981; x_wconf 88' lang='lat' dir='ltr'>donee</span> <span class='ocrx_word' id='word_1_269' title='bbox 473 3937 604 4004; x_wconf 86' lang='lat' dir='ltr'>ponam</span> <span class='ocrx_word' id='word_1_270' title='bbox 628 3914 794 3984; x_wconf 89' lang='lat' dir='ltr'>inimicos</span> <span class='ocrx_word' id='word_1_271' title='bbox 816 3931 895 3987; x_wconf 93' lang='lat' dir='ltr'>tuos</span> <span class='ocrx_word' id='word_1_272' title='bbox 917 3916 1108 3985; x_wconf 89' lang='lat' dir='ltr'>scabellum</span> <span class='ocrx_word' id='word_1_273' title='bbox 1130 3940 1191 4008; x_wconf 93' lang='lat' dir='ltr'>pe-</span> 
     </span>
     <span class='ocr_line' id='line_1_38' title="bbox 209 4013 1191 4102; baseline 0.002 -19"><span class='ocrx_word' id='word_1_274' title='bbox 209 4014 295 4083; x_wconf 91' lang='lat' dir='ltr'>dum</span> <span class='ocrx_word' id='word_1_275' title='bbox 313 4025 478 4099; x_wconf 81' lang='lat' dir='ltr'>tuorum,</span> <span class='ocrx_word' id='word_1_276' title='bbox 502 4016 624 4102; x_wconf 89' lang='lat' dir='ltr'>idest,</span> <span class='ocrx_word' id='word_1_277' title='bbox 648 4016 799 4086; x_wconf 87' lang='lat' dir='ltr'>sciamus</span> <span class='ocrx_word' id='word_1_278' title='bbox 819 4013 1011 4086; x_wconf 85' lang='lat' dir='ltr'>Ecclesiam</span> <span class='ocrx_word' id='word_1_279' title='bbox 1033 4026 1073 4088; x_wconf 79' lang='lat' dir='ltr'>et‘</span> <span class='ocrx_word' id='word_1_280' title='bbox 1091 4018 1191 4086; x_wconf 90' lang='lat' dir='ltr'>omni</span> 
     </span>
     <span class='ocr_line' id='line_1_39' title="bbox 209 4115 1191 4205; baseline 0.001 -22"><span class='ocrx_word' id='word_1_281' title='bbox 209 4137 335 4205; x_wconf 79' lang='lat' dir='ltr'>genere</span> <span class='ocrx_word' id='word_1_282' title='bbox 352 4115 597 4188; x_wconf 86' lang='lat' dir='ltr'>adflictionum</span> <span class='ocrx_word' id='word_1_283' title='bbox 614 4119 841 4188; x_wconf 86' lang='lat' dir='ltr'>exercendam</span> <span class='ocrx_word' id='word_1_284' title='bbox 855 4141 939 4199; x_wconf 90' lang='lat' dir='ltr'>esse,</span> <span class='ocrx_word' id='word_1_285' title='bbox 956 4133 1121 4190; x_wconf 89' lang='lat' dir='ltr'>ettamen</span> <span class='ocrx_word' id='word_1_286' title='bbox 1138 4119 1191 4185; x_wconf 87' lang='lat' dir='ltr'>vi·</span> 
     </span>
     <span class='ocr_line' id='line_1_40' title="bbox 209 4214 1193 4313; baseline 0.003 -27"><span class='ocrx_word' id='word_1_287' title='bbox 209 4217 351 4286; x_wconf 90' lang='lat' dir='ltr'>ctricem</span> <span class='ocrx_word' id='word_1_288' title='bbox 375 4217 471 4300; x_wconf 83' lang='lat' dir='ltr'>iore,</span> <span class='ocrx_word' id='word_1_289' title='bbox 494 4220 576 4313; x_wconf 90' lang='lat' dir='ltr'>quia</span> <span class='ocrx_word' id='word_1_290' title='bbox 593 4214 757 4290; x_wconf 90' lang='lat' dir='ltr'>Christus</span> <span class='ocrx_word' id='word_1_291' title='bbox 778 4222 875 4291; x_wconf 88' lang='lat' dir='ltr'>sedet</span> <span class='ocrx_word' id='word_1_292' title='bbox 896 4222 940 4290; x_wconf 90' lang='lat' dir='ltr'>ad</span> <span class='ocrx_word' id='word_1_293' title='bbox 957 4222 1114 4290; x_wconf 86' lang='lat' dir='ltr'>dextram</span> <span class='ocrx_word' id='word_1_294' title='bbox 1128 4244 1193 4313; x_wconf 89' lang='lat' dir='ltr'>pa-</span> 
     </span>
     <span class='ocr_line' id='line_1_41' title="bbox 209 4315 970 4402; baseline 0.008 -13"><span class='ocrx_word' id='word_1_295' title='bbox 209 4317 289 4402; x_wconf 89' lang='lat' dir='ltr'>tris,</span> <span class='ocrx_word' id='word_1_296' title='bbox 316 4332 350 4389; x_wconf 93' lang='lat' dir='ltr'>et</span> <span class='ocrx_word' id='word_1_297' title='bbox 363 4315 461 4388; x_wconf 88' lang='lat' dir='ltr'>Deus</span> <span class='ocrx_word' id='word_1_298' title='bbox 475 4321 639 4392; x_wconf 88' lang='lat' dir='ltr'>subiiciet</span> <span class='ocrx_word' id='word_1_299' title='bbox 654 4345 778 4391; x_wconf 89' lang='lat' dir='ltr'>omues</span> <span class='ocrx_word' id='word_1_300' title='bbox 794 4321 970 4395; x_wconf 88' lang='lat' dir='ltr'>inimicos.</span> 
     </span>
    </p>
   </div>
   <div class='ocr_carea' id='block_1_9' title="bbox 208 4469 1192 5280">
    <p class='ocr_par' dir='ltr' id='par_1_9' title="bbox 208 4469 1192 5280">
     <span class='ocr_line' id='line_1_42' title="bbox 312 4469 1192 4561; baseline 0.003 -21"><span class='ocrx_word' id='word_1_301' title='bbox 312 4470 444 4542; x_wconf 87' lang='lat' dir='ltr'>Paulus</span> <span class='ocrx_word' id='word_1_302' title='bbox 457 4469 663 4546; x_wconf 83' lang='lat' dir='ltr'>1.Corinth.</span> <span class='ocrx_word' id='word_1_303' title='bbox 678 4469 737 4543; x_wconf 85' lang='grc'>16.</span> <span class='ocrx_word' id='word_1_304' title='bbox 752 4471 1077 4561; x_wconf 86' lang='lat' dir='ltr'>discernitregnum</span> <span class='ocrx_word' id='word_1_305' title='bbox 1087 4469 1192 4547; x_wconf 88' lang='lat' dir='ltr'>Chri-</span> 
     </span>
     <span class='ocr_line' id='line_1_43' title="bbox 209 4570 1192 4663; baseline 0.005 -23"><span class='ocrx_word' id='word_1_306' title='bbox 209 4572 255 4642; x_wconf 88' lang='lat' dir='ltr'>sti</span> <span class='ocrx_word' id='word_1_307' title='bbox 282 4574 449 4645; x_wconf 90' lang='lat' dir='ltr'>certantis</span> <span class='ocrx_word' id='word_1_308' title='bbox 480 4598 559 4644; x_wconf 90' lang='lat' dir='ltr'>cum</span> <span class='ocrx_word' id='word_1_309' title='bbox 590 4570 771 4663; x_wconf 86' lang='lat' dir='ltr'>hostibus,</span> <span class='ocrx_word' id='word_1_310' title='bbox 804 4576 849 4644; x_wconf 87' lang='lat' dir='ltr'>ab</span> <span class='ocrx_word' id='word_1_311' title='bbox 878 4576 990 4645; x_wconf 88' lang='lat' dir='ltr'>altero</span> <span class='ocrx_word' id='word_1_312' title='bbox 1014 4589 1124 4661; x_wconf 88' lang='lat' dir='ltr'>statu,</span> <span class='ocrx_word' id='word_1_313' title='bbox 1153 4578 1192 4645; x_wconf 89' lang='lat' dir='ltr'>in</span> 
     </span>
     <span class='ocr_line' id='line_1_44' title="bbox 210 4669 1191 4767; baseline 0.005 -27"><span class='ocrx_word' id='word_1_314' title='bbox 210 4698 282 4765; x_wconf 93' lang='lat' dir='ltr'>quo</span> <span class='ocrx_word' id='word_1_315' title='bbox 301 4671 458 4744; x_wconf 86' lang='lat' dir='ltr'>Ecclesia</span> <span class='ocrx_word' id='word_1_316' title='bbox 476 4675 669 4763; x_wconf 81' lang='lat' dir='ltr'>glorificata</span> <span class='ocrx_word' id='word_1_317' title='bbox 686 4691 719 4746; x_wconf 90' lang='lat' dir='ltr'>et</span> <span class='ocrx_word' id='word_1_318' title='bbox 733 4688 872 4767; x_wconf 84' lang='lat' dir='ltr'>accepta</span> <span class='ocrx_word' id='word_1_319' title='bbox 891 4669 1105 4747; x_wconf 86' lang='lat' dir='ltr'>haereditate</span> <span class='ocrx_word' id='word_1_320' title='bbox 1120 4678 1191 4745; x_wconf 91' lang='lat' dir='ltr'>iam</span> 
     </span>
     <span class='ocr_line' id='line_1_45' title="bbox 209 4770 1192 4868; baseline 0.006 -27"><span class='ocrx_word' id='word_1_321' title='bbox 209 4797 289 4842; x_wconf 90' lang='lat' dir='ltr'>cum</span> <span class='ocrx_word' id='word_1_322' title='bbox 311 4770 454 4847; x_wconf 91' lang='lat' dir='ltr'>Christo</span> <span class='ocrx_word' id='word_1_323' title='bbox 471 4779 645 4868; x_wconf 86' lang='lat' dir='ltr'>regnabit.</span> <span class='ocrx_word' id='word_1_324' title='bbox 697 4776 769 4847; x_wconf 88' lang='lat' dir='ltr'>Sed</span> <span class='ocrx_word' id='word_1_325' title='bbox 790 4778 880 4847; x_wconf 93' lang='lat' dir='ltr'>illud</span> <span class='ocrx_word' id='word_1_326' title='bbox 904 4779 1093 4848; x_wconf 91' lang='lat' dir='ltr'>discrimen</span> <span class='ocrx_word' id='word_1_327' title='bbox 1117 4803 1192 4849; x_wconf 90' lang='lat' dir='ltr'>non</span> 
     </span>
     <span class='ocr_line' id='line_1_46' title="bbox 209 4873 1191 4968; baseline 0.006 -26"><span class='ocrx_word' id='word_1_328' title='bbox 209 4877 392 4957; x_wconf 87' lang='lat' dir='ltr'>constituit</span> <span class='ocrx_word' id='word_1_329' title='bbox 409 4879 515 4949; x_wconf 83' lang='lat' dir='ltr'>linem</span> <span class='ocrx_word' id='word_1_330' title='bbox 533 4902 641 4968; x_wconf 89' lang='lat' dir='ltr'>regno</span> <span class='ocrx_word' id='word_1_331' title='bbox 658 4873 809 4963; x_wconf 82' lang='lat' dir='ltr'>Christi,</span> <span class='ocrx_word' id='word_1_332' title='bbox 834 4883 895 4949; x_wconf 85' lang='lat' dir='ltr'>sed</span> <span class='ocrx_word' id='word_1_333' title='bbox 910 4881 1016 4949; x_wconf 89' lang='lat' dir='ltr'>finem</span> <span class='ocrx_word' id='word_1_334' title='bbox 1039 4879 1092 4948; x_wconf 93' lang='lat' dir='ltr'>illi</span> <span class='ocrx_word' id='word_1_335' title='bbox 1117 4906 1191 4950; x_wconf 91' lang='lat' dir='ltr'>cer-</span> 
     </span>
     <span class='ocr_line' id='line_1_47' title="bbox 208 4975 1191 5074; baseline 0.009 -32"><span class='ocrx_word' id='word_1_336' title='bbox 208 4977 335 5044; x_wconf 90' lang='lat' dir='ltr'>tamini</span> <span class='ocrx_word' id='word_1_337' title='bbox 362 4979 400 5047; x_wconf 90' lang='lat' dir='ltr'>in</span> <span class='ocrx_word' id='word_1_338' title='bbox 425 4975 493 5051; x_wconf 90' lang='lat' dir='ltr'>hoc</span> <span class='ocrx_word' id='word_1_339' title='bbox 516 5005 636 5070; x_wconf 87' lang='lat' dir='ltr'>regno.</span> <span class='ocrx_word' id='word_1_340' title='bbox 696 4979 781 5050; x_wconf 90' lang='lat' dir='ltr'>ldeo</span> <span class='ocrx_word' id='word_1_341' title='bbox 803 4983 938 5074; x_wconf 91' lang='lat' dir='ltr'>inquit:</span> <span class='ocrx_word' id='word_1_342' title='bbox 967 4978 1121 5072; x_wconf 85' lang='lat' dir='ltr'>Oportet</span> <span class='ocrx_word' id='word_1_343' title='bbox 1147 4984 1191 5050; x_wconf 92' lang='lat' dir='ltr'>il-</span> 
     </span>
     <span class='ocr_line' id='line_1_48' title="bbox 208 5074 1192 5177; baseline 0.01 -33"><span class='ocrx_word' id='word_1_344' title='bbox 208 5074 283 5145; x_wconf 91' lang='lat' dir='ltr'>lum</span> <span class='ocrx_word' id='word_1_345' title='bbox 299 5101 457 5166; x_wconf 88' lang='lat' dir='ltr'>regnare,</span> <span class='ocrx_word' id='word_1_346' title='bbox 480 5085 593 5153; x_wconf 88' lang='lat' dir='ltr'>donec</span> <span class='ocrx_word' id='word_1_347' title='bbox 607 5096 717 5173; x_wconf 87' lang='lat' dir='ltr'>ponat</span> <span class='ocrx_word' id='word_1_348' title='bbox 733 5108 856 5153; x_wconf 91' lang='lat' dir='ltr'>omnes</span> <span class='ocrx_word' id='word_1_349' title='bbox 870 5085 1032 5153; x_wconf 92' lang='lat' dir='ltr'>inimicos</span> <span class='ocrx_word' id='word_1_350' title='bbox 1046 5086 1112 5154; x_wconf 88' lang='lat' dir='ltr'>sub</span> <span class='ocrx_word' id='word_1_351' title='bbox 1129 5110 1192 5177; x_wconf 91' lang='lat' dir='ltr'>pe-</span> 
     </span>
     <span class='ocr_line' id='line_1_49' title="bbox 209 5178 1192 5280; baseline 0.011 -37"><span class='ocrx_word' id='word_1_352' title='bbox 209 5178 314 5248; x_wconf 93' lang='lat' dir='ltr'>dibus</span> <span class='ocrx_word' id='word_1_353' title='bbox 331 5182 416 5255; x_wconf 89' lang='lat' dir='ltr'>eius.</span> <span class='ocrx_word' id='word_1_354' title='bbox 447 5179 496 5253; x_wconf 90' lang='lat' dir='ltr'>Et</span> <span class='ocrx_word' id='word_1_355' title='bbox 512 5185 654 5275; x_wconf 91' lang='lat' dir='ltr'>quidem</span> <span class='ocrx_word' id='word_1_356' title='bbox 672 5185 801 5254; x_wconf 88' lang='lat' dir='ltr'>adiecit</span> <span class='ocrx_word' id='word_1_357' title='bbox 815 5186 1040 5267; x_wconf 88' lang='lat' dir='ltr'>sententiam,</span> <span class='ocrx_word' id='word_1_358' title='bbox 1067 5185 1106 5254; x_wconf 90' lang='lat' dir='ltr'>in</span> <span class='ocrx_word' id='word_1_359' title='bbox 1123 5210 1192 5280; x_wconf 88' lang='lat' dir='ltr'>qua</span> 
     </span>
    </p>
   </div>
   <div class='ocr_carea' id='block_1_10' title="bbox 204 5279 1193 5459">
    <p class='ocr_par' dir='ltr' id='par_1_10' title="bbox 204 5279 1193 5459">
     <span class='ocr_line' id='line_1_50' title="bbox 207 5279 1193 5360; baseline 0.011 -13"><span class='ocrx_word' id='word_1_360' title='bbox 207 5281 375 5354; x_wconf 88' lang='lat' dir='ltr'>describit</span> <span class='ocrx_word' id='word_1_361' title='bbox 409 5279 542 5355; x_wconf 91' lang='lat' dir='ltr'>hostes:</span> <span class='ocrx_word' id='word_1_362' title='bbox 583 5285 783 5356; x_wconf 86' lang='lat' dir='ltr'>Novissime</span> <span class='ocrx_word' id='word_1_363' title='bbox 816 5288 959 5358; x_wconf 89' lang='lat' dir='ltr'>inimice</span> <span class='ocrx_word' id='word_1_364' title='bbox 991 5289 1193 5360; x_wconf 90' lang='lat' dir='ltr'>destruetur</span> 
     </span>
     <span class='ocr_line' id='line_1_51' title="bbox 204 5403 312 5459; baseline 0.083 -10"><span class='ocrx_word' id='word_1_365' title='bbox 204 5403 312 5459; x_wconf 86' lang='lat' dir='ltr'>mors.</span> 
     </span>
    </p>
   </div>
   <div class='ocr_carea' id='block_1_11' title="bbox 789 233 1627 356">
    <p class='ocr_par' dir='ltr' id='par_1_11' title="bbox 789 233 1627 356">
     <span class='ocr_line' id='line_1_52' title="bbox 789 233 1627 356; baseline 0.008 -48"><span class='ocrx_word' id='word_1_366' title='bbox 789 233 917 309; x_wconf 75' lang='lat' dir='ltr'>amu</span> <span class='ocrx_word' id='word_1_367' title='bbox 939 233 1297 313; x_wconf 76' lang='lat' dir='ltr'>unu-scatens</span> <span class='ocrx_word' id='word_1_368' title='bbox 1322 235 1627 356; x_wconf 73' lang='lat' dir='ltr'>nascentes.</span> 
     </span>
    </p>
   </div>
   <div class='ocr_carea' id='block_1_12' title="bbox 2133 242 2217 318">
    <p class='ocr_par' dir='ltr' id='par_1_12' title="bbox 2133 242 2217 318">
     <span class='ocr_line' id='line_1_53' title="bbox 2133 242 2217 318; baseline 0.024 -2"><span class='ocrx_word' id='word_1_369' title='bbox 2133 242 2217 318; x_wconf 75' lang='lat' dir='ltr'>teto</span> 
     </span>
    </p>
   </div>
   <div class='ocr_carea' id='block_1_13' title="bbox 1289 408 2219 588">
    <p class='ocr_par' dir='ltr' id='par_1_13' title="bbox 1289 408 2219 588">
     <span class='ocr_line' id='line_1_54' title="bbox 1289 408 2219 588; baseline 0.006 -106"><span class='ocrx_word' id='word_1_370' title='bbox 1289 408 1337 486; x_wconf 91' lang='lat' dir='ltr'>ll.</span> <span class='ocrx_word' id='word_1_371' title='bbox 1389 417 1593 588; x_wconf 57' lang='lat' dir='ltr'>Speptrum</span> <span class='ocrx_word' id='word_1_372' title='bbox 1622 419 1732 509; x_wconf 73' lang='lat' dir='ltr'>regni</span> <span class='ocrx_word' id='word_1_373' title='bbox 1764 419 1830 486; x_wconf 76' lang='lat' dir='ltr'>tsss&#39;-</span> <span class='ocrx_word' id='word_1_374' title='bbox 1858 420 2013 488; x_wconf 79' lang='lat' dir='ltr'>emittet</span> <span class='ocrx_word' id='word_1_375' title='bbox 2042 416 2219 488; x_wconf 72' lang='lat' dir='ltr'>Dominae</span> 
     </span>
     <span class='ocr_line' id='line_1_55' title="bbox 1340 535 1518 587; baseline 0.006 -1"><span class='ocrx_word' id='word_1_376' title='bbox 1340 535 1390 586; x_wconf 75' lang='lat' dir='ltr'>ex</span> <span class='ocrx_word' id='word_1_377' title='bbox 1444 539 1518 587; x_wconf 80' lang='lat' dir='ltr'>con.</span> 
     </span>
    </p>
   </div>
   <div class='ocr_carea' id='block_1_14' title="bbox 1338 676 2222 774">
    <p class='ocr_par' dir='ltr' id='par_1_14' title="bbox 1338 676 2222 774">
     <span class='ocr_line' id='line_1_56' title="bbox 1338 676 2222 774; baseline 0.005 -23"><span class='ocrx_word' id='word_1_378' title='bbox 1338 678 1408 751; x_wconf 90' lang='lat' dir='ltr'>Hic</span> <span class='ocrx_word' id='word_1_379' title='bbox 1436 683 1480 755; x_wconf 92' lang='lat' dir='ltr'>de</span> <span class='ocrx_word' id='word_1_380' title='bbox 1508 681 1587 753; x_wconf 90' lang='lat' dir='ltr'>loco</span> <span class='ocrx_word' id='word_1_381' title='bbox 1609 679 1736 774; x_wconf 87' lang='lat' dir='ltr'>incipit</span> <span class='ocrx_word' id='word_1_382' title='bbox 1757 681 1967 769; x_wconf 82' lang='lat' dir='ltr'>vaticinari,</span> <span class='ocrx_word' id='word_1_383' title='bbox 1999 683 2070 754; x_wconf 93' lang='lat' dir='ltr'>ubi</span> <span class='ocrx_word' id='word_1_384' title='bbox 2094 676 2161 755; x_wconf 91' lang='lat' dir='ltr'>hoc</span> <span class='ocrx_word' id='word_1_385' title='bbox 2176 709 2222 754; x_wconf 84' lang='lat' dir='ltr'>re·</span> 
     </span>
    </p>
   </div>
   <div class='ocr_carea' id='block_1_15' title="bbox 1238 982 2225 1481">
    <p class='ocr_par' dir='ltr' id='par_1_15' title="bbox 1238 982 2225 1481">
     <span class='ocr_line' id='line_1_57' title="bbox 1238 982 2222 1080; baseline 0.006 -27"><span class='ocrx_word' id='word_1_386' title='bbox 1238 986 1358 1074; x_wconf 89' lang='lat' dir='ltr'>possit.</span> <span class='ocrx_word' id='word_1_387' title='bbox 1392 982 1457 1059; x_wconf 89' lang='lat' dir='ltr'>Est</span> <span class='ocrx_word' id='word_1_388' title='bbox 1472 1010 1555 1076; x_wconf 90' lang='lat' dir='ltr'>ergo</span> <span class='ocrx_word' id='word_1_389' title='bbox 1570 1009 1721 1073; x_wconf 88' lang='lat' dir='ltr'>summa,</span> <span class='ocrx_word' id='word_1_390' title='bbox 1748 985 1897 1059; x_wconf 90' lang='lat' dir='ltr'>Initium</span> <span class='ocrx_word' id='word_1_391' title='bbox 1912 983 2024 1060; x_wconf 91' lang='lat' dir='ltr'>huius</span> <span class='ocrx_word' id='word_1_392' title='bbox 2042 991 2146 1080; x_wconf 81' lang='lat' dir='ltr'>regni</span> <span class='ocrx_word' id='word_1_393' title='bbox 2160 991 2222 1059; x_wconf 89' lang='lat' dir='ltr'>lore</span> 
     </span>
     <span class='ocr_line' id='line_1_58' title="bbox 1240 1081 2223 1183; baseline 0.005 -29"><span class='ocrx_word' id='word_1_394' title='bbox 1240 1088 1278 1155; x_wconf 93' lang='lat' dir='ltr'>in</span> <span class='ocrx_word' id='word_1_395' title='bbox 1302 1085 1401 1157; x_wconf 88' lang='lat' dir='ltr'>Sion.</span> <span class='ocrx_word' id='word_1_396' title='bbox 1455 1087 1655 1183; x_wconf 91' lang='lat' dir='ltr'>Utrumque</span> <span class='ocrx_word' id='word_1_397' title='bbox 1678 1090 1865 1181; x_wconf 87' lang='lat' dir='ltr'>complecti</span> <span class='ocrx_word' id='word_1_398' title='bbox 1887 1081 2032 1161; x_wconf 85' lang='lat' dir='ltr'>necesse</span> <span class='ocrx_word' id='word_1_399' title='bbox 2057 1105 2132 1177; x_wconf 88' lang='lat' dir='ltr'>est,</span> <span class='ocrx_word' id='word_1_400' title='bbox 2156 1115 2223 1183; x_wconf 80' lang='lat' dir='ltr'>per·</span> 
     </span>
     <span class='ocr_line' id='line_1_59' title="bbox 1239 1190 2222 1286; baseline 0.008 -29"><span class='ocrx_word' id='word_1_401' title='bbox 1239 1212 1362 1258; x_wconf 85' lang='lat' dir='ltr'>sonam</span> <span class='ocrx_word' id='word_1_402' title='bbox 1379 1190 1504 1281; x_wconf 90' lang='lat' dir='ltr'>ipsam,</span> <span class='ocrx_word' id='word_1_403' title='bbox 1530 1203 1564 1262; x_wconf 89' lang='lat' dir='ltr'>et</span> <span class='ocrx_word' id='word_1_404' title='bbox 1582 1191 1728 1260; x_wconf 90' lang='lat' dir='ltr'>verbum</span> <span class='ocrx_word' id='word_1_405' title='bbox 1746 1216 1817 1284; x_wconf 94' lang='lat' dir='ltr'>quo</span> <span class='ocrx_word' id='word_1_406' title='bbox 1832 1214 1983 1280; x_wconf 89' lang='lat' dir='ltr'>regnum</span> <span class='ocrx_word' id='word_1_407' title='bbox 2001 1207 2222 1286; x_wconf 86' lang='lat' dir='ltr'>propagatur.</span> 
     </span>
     <span class='ocr_line' id='line_1_60' title="bbox 1242 1287 2224 1385; baseline 0.006 -27"><span class='ocrx_word' id='word_1_408' title='bbox 1242 1288 1321 1381; x_wconf 92' lang='lat' dir='ltr'>lpse</span> <span class='ocrx_word' id='word_1_409' title='bbox 1336 1287 1501 1365; x_wconf 90' lang='lat' dir='ltr'>Christus</span> <span class='ocrx_word' id='word_1_410' title='bbox 1514 1293 1689 1377; x_wconf 84' lang='lat' dir='ltr'>affuturus</span> <span class='ocrx_word' id='word_1_411' title='bbox 1706 1304 1757 1363; x_wconf 90' lang='lat' dir='ltr'>est</span> <span class='ocrx_word' id='word_1_412' title='bbox 1780 1294 1819 1362; x_wconf 91' lang='lat' dir='ltr'>in</span> <span class='ocrx_word' id='word_1_413' title='bbox 1839 1292 1963 1378; x_wconf 76' lang='lat' dir='ltr'>Sion,</span> <span class='ocrx_word' id='word_1_414' title='bbox 1974 1295 2055 1385; x_wconf 89' lang='lat' dir='ltr'>ipse</span> <span class='ocrx_word' id='word_1_415' title='bbox 2073 1295 2224 1364; x_wconf 76' lang='lat' dir='ltr'>domina-</span> 
     </span>
     <span class='ocr_line' id='line_1_61' title="bbox 1241 1389 2225 1481; baseline 0.003 -19"><span class='ocrx_word' id='word_1_416' title='bbox 1241 1394 1339 1462; x_wconf 87' lang='lat' dir='ltr'>bitur</span> <span class='ocrx_word' id='word_1_417' title='bbox 1353 1394 1425 1479; x_wconf 93' lang='lat' dir='ltr'>ibi,</span> <span class='ocrx_word' id='word_1_418' title='bbox 1449 1389 1565 1465; x_wconf 83' lang='lat' dir='ltr'>uthis</span> <span class='ocrx_word' id='word_1_419' title='bbox 1582 1395 1731 1474; x_wconf 89' lang='lat' dir='ltr'>dicitur,</span> <span class='ocrx_word' id='word_1_420' title='bbox 1757 1393 1804 1464; x_wconf 89' lang='lat' dir='ltr'>Et</span> <span class='ocrx_word' id='word_1_421' title='bbox 1822 1395 1889 1464; x_wconf 90' lang='lat' dir='ltr'>erit</span> <span class='ocrx_word' id='word_1_422' title='bbox 1907 1398 2098 1481; x_wconf 89' lang='lat' dir='ltr'>sacerdos,</span> <span class='ocrx_word' id='word_1_423' title='bbox 2124 1396 2225 1479; x_wconf 87' lang='lat' dir='ltr'>idest,</span> 
     </span>
    </p>
   </div>
   <div class='ocr_carea' id='block_1_16' title="bbox 1241 1481 2246 1589">
    <p class='ocr_par' dir='ltr' id='par_1_16' title="bbox 1241 1481 2246 1589">
     <span class='ocr_line' id='line_1_62' title="bbox 1241 1481 2246 1589; baseline 0.006 -27"><span class='ocrx_word' id='word_1_424' title='bbox 1241 1495 1457 1585; x_wconf 87' lang='lat' dir='ltr'>praedicabit</span> <span class='ocrx_word' id='word_1_425' title='bbox 1473 1481 1653 1589; x_wconf 91' lang='lat' dir='ltr'>quoddam</span> <span class='ocrx_word' id='word_1_426' title='bbox 1677 1519 1812 1564; x_wconf 89' lang='lat' dir='ltr'>novum</span> <span class='ocrx_word' id='word_1_427' title='bbox 1833 1496 2004 1581; x_wconf 88' lang='lat' dir='ltr'>verbum,</span> <span class='ocrx_word' id='word_1_428' title='bbox 2031 1511 2069 1567; x_wconf 89' lang='lat' dir='ltr'>et</span> <span class='ocrx_word' id='word_1_429' title='bbox 2094 1493 2246 1568; x_wconf 83' lang='lat' dir='ltr'>habebit·</span> 
     </span>
    </p>
   </div>
   <div class='ocr_carea' id='block_1_17' title="bbox 1242 1594 2226 1691">
    <p class='ocr_par' dir='ltr' id='par_1_17' title="bbox 1242 1594 2226 1691">
     <span class='ocr_line' id='line_1_63' title="bbox 1242 1594 2226 1691; baseline 0.003 -27"><span class='ocrx_word' id='word_1_430' title='bbox 1242 1618 1345 1665; x_wconf 87' lang='lat' dir='ltr'>suurn</span> <span class='ocrx_word' id='word_1_431' title='bbox 1371 1598 1551 1691; x_wconf 90' lang='lat' dir='ltr'>quoddam</span> <span class='ocrx_word' id='word_1_432' title='bbox 1574 1597 1802 1682; x_wconf 85' lang='lat' dir='ltr'>sacrificium,</span> <span class='ocrx_word' id='word_1_433' title='bbox 1836 1611 1871 1668; x_wconf 91' lang='lat' dir='ltr'>et</span> <span class='ocrx_word' id='word_1_434' title='bbox 1896 1597 2016 1669; x_wconf 86' lang='lat' dir='ltr'>vincet</span> <span class='ocrx_word' id='word_1_435' title='bbox 2041 1597 2098 1669; x_wconf 92' lang='lat' dir='ltr'>ibi</span> <span class='ocrx_word' id='word_1_436' title='bbox 2122 1594 2226 1669; x_wconf 85' lang='lat' dir='ltr'>hostes</span> 
     </span>
    </p>
   </div>
   <div class='ocr_carea' id='block_1_18' title="bbox 1242 1694 2251 1790">
    <p class='ocr_par' dir='ltr' id='par_1_18' title="bbox 1242 1694 2251 1790">
     <span class='ocr_line' id='line_1_64' title="bbox 1242 1694 2251 1790; baseline 0.002 -24"><span class='ocrx_word' id='word_1_437' title='bbox 1242 1720 1335 1767; x_wconf 89' lang='lat' dir='ltr'>suos.</span> <span class='ocrx_word' id='word_1_438' title='bbox 1387 1694 1451 1769; x_wconf 89' lang='lat' dir='ltr'>Est</span> <span class='ocrx_word' id='word_1_439' title='bbox 1470 1699 1581 1788; x_wconf 88' lang='lat' dir='ltr'>igitur</span> <span class='ocrx_word' id='word_1_440' title='bbox 1595 1699 1790 1771; x_wconf 85' lang='lat' dir='ltr'>sententia:</span> <span class='ocrx_word' id='word_1_441' title='bbox 1818 1695 2007 1790; x_wconf 88' lang='lat' dir='ltr'>Sceptrum</span> <span class='ocrx_word' id='word_1_442' title='bbox 2024 1700 2179 1785; x_wconf 82' lang='lat' dir='ltr'>emittet,</span> <span class='ocrx_word' id='word_1_443' title='bbox 2195 1699 2228 1768; x_wconf 89' lang='lat' dir='ltr'>id</span> <span class='ocrx_word' id='word_1_444' title='bbox 2246 1703 2251 1713; x_wconf 69' lang='lat'>&#39;</span> 
     </span>
    </p>
   </div>
   <div class='ocr_carea' id='block_1_19' title="bbox 1241 1797 2231 2402">
    <p class='ocr_par' dir='ltr' id='par_1_19' title="bbox 1241 1797 2231 2402">
     <span class='ocr_line' id='line_1_65' title="bbox 1242 1797 2229 1895; baseline 0.005 -28"><span class='ocrx_word' id='word_1_445' title='bbox 1242 1812 1313 1878; x_wconf 84' lang='lat' dir='ltr'>est,</span> <span class='ocrx_word' id='word_1_446' title='bbox 1343 1797 1500 1871; x_wconf 88' lang='lat' dir='ltr'>incoabit</span> <span class='ocrx_word' id='word_1_447' title='bbox 1521 1822 1690 1889; x_wconf 89' lang='lat' dir='ltr'>regnum,</span> <span class='ocrx_word' id='word_1_448' title='bbox 1712 1799 1898 1884; x_wconf 85' lang='lat' dir='ltr'>videlicet,</span> <span class='ocrx_word' id='word_1_449' title='bbox 1926 1801 2011 1893; x_wconf 85' lang='lat' dir='ltr'>quia</span> <span class='ocrx_word' id='word_1_450' title='bbox 2032 1817 2070 1873; x_wconf 89' lang='lat' dir='ltr'>et</span> <span class='ocrx_word' id='word_1_451' title='bbox 2088 1824 2229 1895; x_wconf 78' lang='lat' dir='ltr'>persone</span> 
     </span>
     <span class='ocr_line' id='line_1_66' title="bbox 1241 1896 2229 1995; baseline 0.001 -25"><span class='ocrx_word' id='word_1_452' title='bbox 1241 1899 1317 1992; x_wconf 88' lang='lat' dir='ltr'>ipsa</span> <span class='ocrx_word' id='word_1_453' title='bbox 1332 1896 1466 1972; x_wconf 92' lang='lat' dir='ltr'>Christi</span> <span class='ocrx_word' id='word_1_454' title='bbox 1483 1901 1533 1971; x_wconf 92' lang='lat' dir='ltr'>ibi</span> <span class='ocrx_word' id='word_1_455' title='bbox 1548 1902 1678 1982; x_wconf 89' lang='lat' dir='ltr'>aderit,</span> <span class='ocrx_word' id='word_1_456' title='bbox 1701 1914 1735 1971; x_wconf 88' lang='lat' dir='ltr'>et</span> <span class='ocrx_word' id='word_1_457' title='bbox 1748 1904 1896 1971; x_wconf 88' lang='lat' dir='ltr'>verbum</span> <span class='ocrx_word' id='word_1_458' title='bbox 1912 1926 2051 1971; x_wconf 88' lang='lat' dir='ltr'>novum</span> <span class='ocrx_word' id='word_1_459' title='bbox 2072 1904 2126 1974; x_wconf 93' lang='lat' dir='ltr'>ibi</span> <span class='ocrx_word' id='word_1_460' title='bbox 2139 1926 2229 1995; x_wconf 86' lang='lat' dir='ltr'>spar-</span> 
     </span>
     <span class='ocr_line' id='line_1_67' title="bbox 1243 2000 2231 2091; baseline 0.004 -23"><span class='ocrx_word' id='word_1_461' title='bbox 1243 2015 1318 2091; x_wconf 91' lang='lat' dir='ltr'>get,</span> <span class='ocrx_word' id='word_1_462' title='bbox 1343 2000 1434 2072; x_wconf 92' lang='lat' dir='ltr'>sicut</span> <span class='ocrx_word' id='word_1_463' title='bbox 1448 2001 1574 2073; x_wconf 90' lang='lat' dir='ltr'>Esaiae</span> <span class='ocrx_word' id='word_1_464' title='bbox 1590 2009 1625 2079; x_wconf 78' lang='lat'>2.</span> <span class='ocrx_word' id='word_1_465' title='bbox 1648 2001 1798 2073; x_wconf 89' lang='lat' dir='ltr'>dicitur:</span> <span class='ocrx_word' id='word_1_466' title='bbox 1830 2000 1885 2071; x_wconf 83' lang='lat' dir='ltr'>Ex</span> <span class='ocrx_word' id='word_1_467' title='bbox 1910 2001 2001 2074; x_wconf 85' lang='lat' dir='ltr'>Sion</span> <span class='ocrx_word' id='word_1_468' title='bbox 2029 2006 2146 2076; x_wconf 83' lang='lat' dir='ltr'>exibit</span> <span class='ocrx_word' id='word_1_469' title='bbox 2171 2007 2231 2087; x_wconf 82' lang='lat' dir='ltr'>lex,</span> 
     </span>
     <span class='ocr_line' id='line_1_68' title="bbox 1243 2100 2229 2177; baseline 0.001 -6"><span class='ocrx_word' id='word_1_470' title='bbox 1243 2116 1278 2172; x_wconf 91' lang='lat' dir='ltr'>et</span> <span class='ocrx_word' id='word_1_471' title='bbox 1298 2105 1444 2173; x_wconf 88' lang='lat' dir='ltr'>verbum</span> <span class='ocrx_word' id='word_1_472' title='bbox 1466 2103 1614 2175; x_wconf 87' lang='lat' dir='ltr'>Domini</span> <span class='ocrx_word' id='word_1_473' title='bbox 1636 2106 1680 2173; x_wconf 93' lang='lat' dir='ltr'>de</span> <span class='ocrx_word' id='word_1_474' title='bbox 1702 2100 1937 2174; x_wconf 88' lang='lat' dir='ltr'>Hierusalem.</span> <span class='ocrx_word' id='word_1_475' title='bbox 1991 2103 2041 2175; x_wconf 85' lang='lat' dir='ltr'>Et</span> <span class='ocrx_word' id='word_1_476' title='bbox 2057 2110 2105 2177; x_wconf 93' lang='lat' dir='ltr'>de</span> <span class='ocrx_word' id='word_1_477' title='bbox 2121 2106 2229 2176; x_wconf 83' lang='lat' dir='ltr'>officio</span> 
     </span>
     <span class='ocr_line' id='line_1_69' title="bbox 1242 2199 2231 2294; baseline 0.004 -21"><span class='ocrx_word' id='word_1_478' title='bbox 1242 2199 1351 2274; x_wconf 90' lang='lat' dir='ltr'>huius</span> <span class='ocrx_word' id='word_1_479' title='bbox 1367 2207 1458 2294; x_wconf 90' lang='lat' dir='ltr'>regis</span> <span class='ocrx_word' id='word_1_480' title='bbox 1479 2205 1606 2279; x_wconf 81' lang='lat' dir='ltr'>Esaiae</span> <span class='ocrx_word' id='word_1_481' title='bbox 1624 2205 1703 2279; x_wconf 70' lang='lat' dir='ltr'>ot:</span> <span class='ocrx_word' id='word_1_482' title='bbox 1738 2201 1796 2274; x_wconf 85' lang='lat' dir='ltr'>Ad</span> <span class='ocrx_word' id='word_1_483' title='bbox 1820 2207 2122 2277; x_wconf 86' lang='lat' dir='ltr'>annunciandum</span> <span class='ocrx_word' id='word_1_484' title='bbox 2146 2207 2231 2277; x_wconf 84' lang='lat' dir='ltr'>affli-</span> 
     </span>
     <span class='ocr_line' id='line_1_70' title="bbox 1243 2306 2230 2402; baseline 0 -26"><span class='ocrx_word' id='word_1_485' title='bbox 1243 2306 1308 2376; x_wconf 87' lang='lat' dir='ltr'>ctis</span> <span class='ocrx_word' id='word_1_486' title='bbox 1324 2307 1419 2378; x_wconf 90' lang='lat' dir='ltr'>misit</span> <span class='ocrx_word' id='word_1_487' title='bbox 1435 2333 1509 2392; x_wconf 91' lang='lat' dir='ltr'>me,</span> <span class='ocrx_word' id='word_1_488' title='bbox 1533 2322 1575 2378; x_wconf 93' lang='lat' dir='ltr'>ut</span> <span class='ocrx_word' id='word_1_489' title='bbox 1589 2308 1733 2377; x_wconf 88' lang='lat' dir='ltr'>medear</span> <span class='ocrx_word' id='word_1_490' title='bbox 1748 2306 1911 2377; x_wconf 87' lang='lat' dir='ltr'>contritis</span> <span class='ocrx_word' id='word_1_491' title='bbox 1929 2310 2053 2392; x_wconf 90' lang='lat' dir='ltr'>corde,</span> <span class='ocrx_word' id='word_1_492' title='bbox 2083 2324 2120 2381; x_wconf 88' lang='lat' dir='ltr'>et</span> <span class='ocrx_word' id='word_1_493' title='bbox 2136 2331 2230 2402; x_wconf 83' lang='lat' dir='ltr'>prae·</span> 
     </span>
    </p>
   </div>
   <div class='ocr_carea' id='block_1_20' title="bbox 2266 1410 2271 2403">
    <p class='ocr_par' dir='ltr' id='par_1_20' title="bbox 2266 1410 2271 2403">
     <span class='ocr_line' id='line_1_71' title="bbox 2266 1410 2271 2403; baseline 0 0"><span class='ocrx_word' id='word_1_494' title='bbox 2266 1410 2271 2403; x_wconf 95' lang='lat' dir='ltr'> </span> 
     </span>
    </p>
   </div>
   <div class='ocr_carea' id='block_1_21' title="bbox 1243 2403 2267 2502">
    <p class='ocr_par' dir='ltr' id='par_1_21' title="bbox 1243 2403 2267 2502">
     <span class='ocr_line' id='line_1_72' title="bbox 1243 2403 2267 2502; baseline 0.002 -25"><span class='ocrx_word' id='word_1_495' title='bbox 1243 2408 1357 2477; x_wconf 91' lang='lat' dir='ltr'>dicem</span> <span class='ocrx_word' id='word_1_496' title='bbox 1374 2409 1521 2501; x_wconf 88' lang='lat' dir='ltr'>captivis</span> <span class='ocrx_word' id='word_1_497' title='bbox 1544 2403 1817 2498; x_wconf 88' lang='lat' dir='ltr'>indulgentiam.</span> <span class='ocrx_word' id='word_1_498' title='bbox 1871 2407 1975 2479; x_wconf 91' lang='lat' dir='ltr'>Talia</span> <span class='ocrx_word' id='word_1_499' title='bbox 1997 2423 2126 2484; x_wconf 85' lang='lat' dir='ltr'>extant</span> <span class='ocrx_word' id='word_1_500' title='bbox 2144 2412 2230 2502; x_wconf 89' lang='lat' dir='ltr'>apud</span> <span class='ocrx_word' id='word_1_501' title='bbox 2265 2408 2267 2489; x_wconf 67' lang='lat' dir='ltr'>f</span> 
     </span>
    </p>
   </div>
   <div class='ocr_carea' id='block_1_22' title="bbox 1243 2504 2229 2602">
    <p class='ocr_par' dir='ltr' id='par_1_22' title="bbox 1243 2504 2229 2602">
     <span class='ocr_line' id='line_1_73' title="bbox 1243 2504 2229 2602; baseline 0.003 -25"><span class='ocrx_word' id='word_1_502' title='bbox 1243 2504 1439 2598; x_wconf 87' lang='lat' dir='ltr'>Prophetas</span> <span class='ocrx_word' id='word_1_503' title='bbox 1461 2512 1572 2581; x_wconf 90' lang='lat' dir='ltr'>multa</span> <span class='ocrx_word' id='word_1_504' title='bbox 1595 2526 1629 2582; x_wconf 91' lang='lat' dir='ltr'>et</span> <span class='ocrx_word' id='word_1_505' title='bbox 1645 2511 1797 2581; x_wconf 85' lang='lat' dir='ltr'>illustria</span> <span class='ocrx_word' id='word_1_506' title='bbox 1823 2509 2025 2582; x_wconf 89' lang='lat' dir='ltr'>testimonia</span> <span class='ocrx_word' id='word_1_507' title='bbox 2054 2515 2104 2583; x_wconf 88' lang='lat' dir='ltr'>de</span> <span class='ocrx_word' id='word_1_508' title='bbox 2127 2535 2229 2602; x_wconf 85' lang='lat' dir='ltr'>regno</span> 
     </span>
    </p>
   </div>
   <div class='ocr_carea' id='block_1_23' title="bbox 1241 2605 2267 2709">
    <p class='ocr_par' dir='ltr' id='par_1_23' title="bbox 1241 2605 2267 2709">
     <span class='ocr_line' id='line_1_74' title="bbox 1241 2605 2267 2709; baseline 0.002 -29"><span class='ocrx_word' id='word_1_509' title='bbox 1241 2605 1398 2698; x_wconf 87' lang='lat' dir='ltr'>Christi,</span> <span class='ocrx_word' id='word_1_510' title='bbox 1430 2614 1526 2706; x_wconf 92' lang='lat' dir='ltr'>quod</span> <span class='ocrx_word' id='word_1_511' title='bbox 1551 2613 1590 2681; x_wconf 91' lang='lat' dir='ltr'>in</span> <span class='ocrx_word' id='word_1_512' title='bbox 1612 2611 1703 2683; x_wconf 90' lang='lat' dir='ltr'>Sion</span> <span class='ocrx_word' id='word_1_513' title='bbox 1725 2611 1772 2681; x_wconf 93' lang='lat' dir='ltr'>sit</span> <span class='ocrx_word' id='word_1_514' title='bbox 1794 2611 2033 2698; x_wconf 87' lang='lat' dir='ltr'>inconndum,</span> <span class='ocrx_word' id='word_1_515' title='bbox 2071 2628 2108 2686; x_wconf 92' lang='lat' dir='ltr'>et</span> <span class='ocrx_word' id='word_1_516' title='bbox 2133 2614 2229 2709; x_wconf 79' lang='lat' dir='ltr'>quale</span> <span class='ocrx_word' id='word_1_517' title='bbox 2265 2632 2267 2657; x_wconf 84' lang='lat'><strong>¹</strong></span> 
     </span>
    </p>
   </div>
   <div class='ocr_carea' id='block_1_24' title="bbox 1241 2712 2228 3111">
    <p class='ocr_par' dir='ltr' id='par_1_24' title="bbox 1241 2712 2228 3111">
     <span class='ocr_line' id='line_1_75' title="bbox 1241 2712 2228 2807; baseline 0.004 -25"><span class='ocrx_word' id='word_1_518' title='bbox 1241 2712 1288 2782; x_wconf 86' lang='lat' dir='ltr'>sit</span> <span class='ocrx_word' id='word_1_519' title='bbox 1300 2713 1473 2794; x_wconf 83' lang='lat' dir='ltr'>futurum,</span> <span class='ocrx_word' id='word_1_520' title='bbox 1494 2715 1647 2794; x_wconf 90' lang='lat' dir='ltr'>scilicet,</span> <span class='ocrx_word' id='word_1_521' title='bbox 1673 2715 1770 2807; x_wconf 90' lang='lat' dir='ltr'>quod</span> <span class='ocrx_word' id='word_1_522' title='bbox 1787 2714 1896 2795; x_wconf 85' lang='lat' dir='ltr'>verbo</span> <span class='ocrx_word' id='word_1_523' title='bbox 1911 2715 2228 2798; x_wconf 84' lang='lat' dir='ltr'>administrabitur,</span> 
     </span>
     <span class='ocr_line' id='line_1_76' title="bbox 1242 2810 2226 2913; baseline 0.009 -32"><span class='ocrx_word' id='word_1_524' title='bbox 1242 2837 1316 2882; x_wconf 89' lang='lat' dir='ltr'>nou</span> <span class='ocrx_word' id='word_1_525' title='bbox 1335 2815 1472 2904; x_wconf 87' lang='lat' dir='ltr'>gladio,</span> <span class='ocrx_word' id='word_1_526' title='bbox 1498 2839 1574 2885; x_wconf 92' lang='lat' dir='ltr'>non</span> <span class='ocrx_word' id='word_1_527' title='bbox 1595 2816 1630 2883; x_wconf 88' lang='lat' dir='ltr'>vi</span> <span class='ocrx_word' id='word_1_528' title='bbox 1653 2815 1840 2907; x_wconf 82' lang='lat' dir='ltr'>corporali.</span> <span class='ocrx_word' id='word_1_529' title='bbox 1891 2810 1942 2885; x_wconf 86' lang='lat' dir='ltr'>Et</span> <span class='ocrx_word' id='word_1_530' title='bbox 1963 2819 2118 2910; x_wconf 91' lang='lat' dir='ltr'>quidem</span> <span class='ocrx_word' id='word_1_531' title='bbox 2140 2819 2226 2913; x_wconf 85' lang='lat' dir='ltr'>qnod</span> 
     </span>
     <span class='ocr_line' id='line_1_77' title="bbox 1243 2916 2226 3000; baseline 0.005 -17"><span class='ocrx_word' id='word_1_532' title='bbox 1243 2939 1317 2984; x_wconf 90' lang='lat' dir='ltr'>non</span> <span class='ocrx_word' id='word_1_533' title='bbox 1341 2917 1415 3000; x_wconf 81' lang='lat' dir='ltr'>lex,</span> <span class='ocrx_word' id='word_1_534' title='bbox 1448 2919 1509 2987; x_wconf 88' lang='lat' dir='ltr'>sed</span> <span class='ocrx_word' id='word_1_535' title='bbox 1541 2916 1640 2987; x_wconf 90' lang='lat' dir='ltr'>aliud</span> <span class='ocrx_word' id='word_1_536' title='bbox 1665 2940 1798 2986; x_wconf 88' lang='lat' dir='ltr'>novum</span> <span class='ocrx_word' id='word_1_537' title='bbox 1827 2917 1977 2988; x_wconf 92' lang='lat' dir='ltr'>verbum</span> <span class='ocrx_word' id='word_1_538' title='bbox 2008 2922 2226 2992; x_wconf 82' lang='lat' dir='ltr'>annuncians</span> 
     </span>
     <span class='ocr_line' id='line_1_78' title="bbox 1242 3017 1779 3111; baseline 0.002 -24"><span class='ocrx_word' id='word_1_539' title='bbox 1242 3017 1411 3098; x_wconf 91' lang='lat' dir='ltr'>salutem,</span> <span class='ocrx_word' id='word_1_540' title='bbox 1438 3022 1708 3111; x_wconf 84' lang='lat' dir='ltr'>propagandum</span> <span class='ocrx_word' id='word_1_541' title='bbox 1721 3017 1779 3089; x_wconf 79' lang='lat' dir='ltr'>sit.</span> 
     </span>
    </p>
   </div>
   <div class='ocr_carea' id='block_1_25' title="bbox 1294 3199 1906 3277">
    <p class='ocr_par' dir='ltr' id='par_1_25' title="bbox 1294 3199 1906 3277">
     <span class='ocr_line' id='line_1_79' title="bbox 1294 3199 1906 3277; baseline 0.007 -5"><span class='ocrx_word' id='word_1_542' title='bbox 1294 3199 1500 3272; x_wconf 73' lang='lat' dir='ltr'>Dominam</span> <span class='ocrx_word' id='word_1_543' title='bbox 1517 3201 1613 3274; x_wconf 82' lang='lat' dir='ltr'>inter</span> <span class='ocrx_word' id='word_1_544' title='bbox 1627 3200 1796 3275; x_wconf 79' lang='lat' dir='ltr'>inimicos</span> <span class='ocrx_word' id='word_1_545' title='bbox 1812 3211 1906 3277; x_wconf 85' lang='lat' dir='ltr'>tuos.</span> 
     </span>
    </p>
   </div>
   <div class='ocr_carea' id='block_1_26' title="bbox 1241 3351 2226 5482">
    <p class='ocr_par' dir='ltr' id='par_1_26' title="bbox 1241 3351 2226 5482">
     <span class='ocr_line' id='line_1_80' title="bbox 1346 3351 2226 3437; baseline 0.006 -16"><span class='ocrx_word' id='word_1_546' title='bbox 1346 3352 1460 3422; x_wconf 86' lang='lat' dir='ltr'>Antea</span> <span class='ocrx_word' id='word_1_547' title='bbox 1485 3352 1529 3421; x_wconf 93' lang='lat' dir='ltr'>de</span> <span class='ocrx_word' id='word_1_548' title='bbox 1552 3352 1631 3421; x_wconf 93' lang='lat' dir='ltr'>loco</span> <span class='ocrx_word' id='word_1_549' title='bbox 1655 3352 1762 3437; x_wconf 84' lang='lat' dir='ltr'>dixit,</span> <span class='ocrx_word' id='word_1_550' title='bbox 1785 3353 1849 3421; x_wconf 91' lang='lat' dir='ltr'>ubi</span> <span class='ocrx_word' id='word_1_551' title='bbox 1864 3351 2086 3422; x_wconf 88' lang='lat' dir='ltr'>incoandum</span> <span class='ocrx_word' id='word_1_552' title='bbox 2111 3355 2155 3425; x_wconf 90' lang='lat' dir='ltr'>sit</span> <span class='ocrx_word' id='word_1_553' title='bbox 2176 3379 2226 3426; x_wconf 87' lang='lat' dir='ltr'>re-</span> 
     </span>
     <span class='ocr_line' id='line_1_81' title="bbox 1243 3452 2224 3549; baseline -0.001 -24"><span class='ocrx_word' id='word_1_554' title='bbox 1243 3478 1372 3546; x_wconf 88' lang='lat' dir='ltr'>gnum,</span> <span class='ocrx_word' id='word_1_555' title='bbox 1405 3477 1501 3523; x_wconf 79' lang='lat' dir='ltr'>utine</span> <span class='ocrx_word' id='word_1_556' title='bbox 1524 3454 1624 3522; x_wconf 91' lang='lat' dir='ltr'>addit</span> <span class='ocrx_word' id='word_1_557' title='bbox 1644 3454 1749 3522; x_wconf 88' lang='lat' dir='ltr'>aliam</span> <span class='ocrx_word' id='word_1_558' title='bbox 1771 3452 2099 3537; x_wconf 87' lang='lat' dir='ltr'>circumstantiam,</span> <span class='ocrx_word' id='word_1_559' title='bbox 2131 3457 2224 3549; x_wconf 86' lang='lat' dir='ltr'>quale</span> 
     </span>
     <span class='ocr_line' id='line_1_82' title="bbox 1243 3552 2223 3646; baseline -0.003 -18"><span class='ocrx_word' id='word_1_560' title='bbox 1243 3558 1290 3629; x_wconf 90' lang='lat' dir='ltr'>sit</span> <span class='ocrx_word' id='word_1_561' title='bbox 1317 3579 1467 3646; x_wconf 90' lang='lat' dir='ltr'>regnum</span> <span class='ocrx_word' id='word_1_562' title='bbox 1489 3556 1663 3628; x_wconf 85' lang='lat' dir='ltr'>futurum.</span> <span class='ocrx_word' id='word_1_563' title='bbox 1719 3552 1768 3625; x_wconf 87' lang='lat' dir='ltr'>Et</span> <span class='ocrx_word' id='word_1_564' title='bbox 1787 3569 1870 3626; x_wconf 91' lang='lat' dir='ltr'>sunt</span> <span class='ocrx_word' id='word_1_565' title='bbox 1892 3557 2138 3627; x_wconf 84' lang='lat' dir='ltr'>observandae</span> <span class='ocrx_word' id='word_1_566' title='bbox 2160 3583 2223 3626; x_wconf 86' lang='lat' dir='ltr'>em-</span> 
     </span>
     <span class='ocr_line' id='line_1_83' title="bbox 1243 3653 2222 3753; baseline -0.001 -26"><span class='ocrx_word' id='word_1_567' title='bbox 1243 3654 1369 3753; x_wconf 88' lang='lat' dir='ltr'>phases</span> <span class='ocrx_word' id='word_1_568' title='bbox 1383 3659 1584 3726; x_wconf 86' lang='lat' dir='ltr'>verborum.</span> <span class='ocrx_word' id='word_1_569' title='bbox 1624 3653 1688 3727; x_wconf 88' lang='lat' dir='ltr'>Ais</span> <span class='ocrx_word' id='word_1_570' title='bbox 1703 3657 1970 3745; x_wconf 85' lang='lat' dir='ltr'>dominaturum</span> <span class='ocrx_word' id='word_1_571' title='bbox 1987 3680 2082 3742; x_wconf 86' lang='lat' dir='ltr'>esse,</span> <span class='ocrx_word' id='word_1_572' title='bbox 2103 3674 2136 3730; x_wconf 88' lang='lat' dir='ltr'>et</span> <span class='ocrx_word' id='word_1_573' title='bbox 2152 3659 2222 3752; x_wconf 90' lang='lat' dir='ltr'>qui·</span> 
     </span>
     <span class='ocr_line' id='line_1_84' title="bbox 1245 3756 2221 3853; baseline -0.002 -22"><span class='ocrx_word' id='word_1_574' title='bbox 1245 3764 1325 3831; x_wconf 90' lang='lat' dir='ltr'>dem</span> <span class='ocrx_word' id='word_1_575' title='bbox 1360 3760 1456 3830; x_wconf 86' lang='lat' dir='ltr'>iuter</span> <span class='ocrx_word' id='word_1_576' title='bbox 1497 3758 1674 3831; x_wconf 89' lang='lat' dir='ltr'>inimicos.</span> <span class='ocrx_word' id='word_1_577' title='bbox 1739 3756 1899 3829; x_wconf 91' lang='lat' dir='ltr'>Primum</span> <span class='ocrx_word' id='word_1_578' title='bbox 1941 3759 2053 3848; x_wconf 90' lang='lat' dir='ltr'>igitur</span> <span class='ocrx_word' id='word_1_579' title='bbox 2086 3762 2221 3853; x_wconf 85' lang='lat' dir='ltr'>pollice·</span> 
     </span>
     <span class='ocr_line' id='line_1_85' title="bbox 1244 3861 2220 3953; baseline -0.002 -18"><span class='ocrx_word' id='word_1_580' title='bbox 1244 3877 1304 3935; x_wconf 91' lang='lat' dir='ltr'>tur</span> <span class='ocrx_word' id='word_1_581' title='bbox 1330 3862 1363 3929; x_wconf 90' lang='lat' dir='ltr'>ei</span> <span class='ocrx_word' id='word_1_582' title='bbox 1388 3861 1593 3944; x_wconf 86' lang='lat' dir='ltr'>victoriam,</span> <span class='ocrx_word' id='word_1_583' title='bbox 1624 3861 1715 3931; x_wconf 90' lang='lat' dir='ltr'>sicut</span> <span class='ocrx_word' id='word_1_584' title='bbox 1737 3862 1926 3953; x_wconf 87' lang='lat' dir='ltr'>aliquoties</span> <span class='ocrx_word' id='word_1_585' title='bbox 1956 3884 2067 3952; x_wconf 81' lang='lat' dir='ltr'>supra</span> <span class='ocrx_word' id='word_1_586' title='bbox 2098 3865 2220 3934; x_wconf 85' lang='lat' dir='ltr'>dietum</span> 
     </span>
     <span class='ocr_line' id='line_1_86' title="bbox 1245 3961 2219 4054; baseline -0.003 -20"><span class='ocrx_word' id='word_1_587' title='bbox 1245 3978 1314 4046; x_wconf 91' lang='lat' dir='ltr'>est,</span> <span class='ocrx_word' id='word_1_588' title='bbox 1341 3977 1375 4032; x_wconf 92' lang='lat' dir='ltr'>ct</span> <span class='ocrx_word' id='word_1_589' title='bbox 1400 3962 1549 4031; x_wconf 87' lang='lat' dir='ltr'>eandem</span> <span class='ocrx_word' id='word_1_590' title='bbox 1571 3962 1781 4033; x_wconf 87' lang='lat' dir='ltr'>sententiam</span> <span class='ocrx_word' id='word_1_591' title='bbox 1806 3963 1899 4033; x_wconf 80' lang='lat' dir='ltr'>inira</span> <span class='ocrx_word' id='word_1_592' title='bbox 1924 3976 2075 4054; x_wconf 89' lang='lat' dir='ltr'>repetet.</span> <span class='ocrx_word' id='word_1_593' title='bbox 2136 3961 2219 4033; x_wconf 86' lang='lat' dir='ltr'>Haec</span> 
     </span>
     <span class='ocr_line' id='line_1_87' title="bbox 1244 4059 2217 4156; baseline -0.005 -20"><span class='ocrx_word' id='word_1_594' title='bbox 1244 4064 1439 4136; x_wconf 89' lang='lat' dir='ltr'>consolatio</span> <span class='ocrx_word' id='word_1_595' title='bbox 1463 4077 1631 4156; x_wconf 89' lang='lat' dir='ltr'>quautam</span> <span class='ocrx_word' id='word_1_596' title='bbox 1653 4064 1726 4136; x_wconf 85' lang='lat' dir='ltr'>vim</span> <span class='ocrx_word' id='word_1_597' title='bbox 1751 4059 1896 4149; x_wconf 86' lang='lat' dir='ltr'>habeat,</span> <span class='ocrx_word' id='word_1_598' title='bbox 1922 4089 1998 4133; x_wconf 91' lang='lat' dir='ltr'>non</span> <span class='ocrx_word' id='word_1_599' title='bbox 2022 4077 2141 4154; x_wconf 87' lang='lat' dir='ltr'>potest</span> <span class='ocrx_word' id='word_1_600' title='bbox 2160 4065 2217 4134; x_wconf 89' lang='lat' dir='ltr'>nisi</span> 
     </span>
     <span class='ocr_line' id='line_1_88' title="bbox 1244 4164 2218 4255; baseline -0.004 -18"><span class='ocrx_word' id='word_1_601' title='bbox 1244 4169 1283 4237; x_wconf 92' lang='lat' dir='ltr'>in</span> <span class='ocrx_word' id='word_1_602' title='bbox 1301 4167 1392 4237; x_wconf 91' lang='lat' dir='ltr'>veris</span> <span class='ocrx_word' id='word_1_603' title='bbox 1409 4165 1660 4236; x_wconf 83' lang='lat' dir='ltr'>certaminibus</span> <span class='ocrx_word' id='word_1_604' title='bbox 1676 4165 1839 4255; x_wconf 82' lang='lat' dir='ltr'>intelligi.</span> <span class='ocrx_word' id='word_1_605' title='bbox 1881 4164 1938 4234; x_wconf 88' lang='lat' dir='ltr'>Pii</span> <span class='ocrx_word' id='word_1_606' title='bbox 1951 4166 2139 4237; x_wconf 88' lang='lat' dir='ltr'>luctantur</span> <span class='ocrx_word' id='word_1_607' title='bbox 2152 4189 2218 4236; x_wconf 90' lang='lat' dir='ltr'>cnm</span> 
     </span>
     <span class='ocr_line' id='line_1_89' title="bbox 1244 4262 2218 4362; baseline -0.005 -22"><span class='ocrx_word' id='word_1_608' title='bbox 1244 4282 1386 4362; x_wconf 86' lang='lat' dir='ltr'>peccato</span> <span class='ocrx_word' id='word_1_609' title='bbox 1410 4281 1443 4337; x_wconf 89' lang='lat' dir='ltr'>et</span> <span class='ocrx_word' id='word_1_610' title='bbox 1465 4291 1545 4335; x_wconf 92' lang='lat' dir='ltr'>cum</span> <span class='ocrx_word' id='word_1_611' title='bbox 1570 4279 1699 4336; x_wconf 91' lang='lat' dir='ltr'>morte:</span> <span class='ocrx_word' id='word_1_612' title='bbox 1726 4262 1785 4337; x_wconf 92' lang='lat' dir='ltr'>hic</span> <span class='ocrx_word' id='word_1_613' title='bbox 1806 4268 1837 4337; x_wconf 93' lang='lat' dir='ltr'>si</span> <span class='ocrx_word' id='word_1_614' title='bbox 1852 4267 1990 4356; x_wconf 79' lang='lat' dir='ltr'>erigant</span> <span class='ocrx_word' id='word_1_615' title='bbox 2004 4268 2146 4337; x_wconf 89' lang='lat' dir='ltr'>animos</span> <span class='ocrx_word' id='word_1_616' title='bbox 2164 4264 2218 4336; x_wconf 84' lang='lat' dir='ltr'>hac</span> 
     </span>
     <span class='ocr_line' id='line_1_90' title="bbox 1244 4363 2217 4460; baseline -0.004 -19"><span class='ocrx_word' id='word_1_617' title='bbox 1244 4369 1435 4453; x_wconf 90' lang='lat' dir='ltr'>sententia,</span> <span class='ocrx_word' id='word_1_618' title='bbox 1458 4363 1641 4439; x_wconf 89' lang='lat' dir='ltr'>Christum</span> <span class='ocrx_word' id='word_1_619' title='bbox 1657 4368 1825 4438; x_wconf 88' lang='lat' dir='ltr'>victorem</span> <span class='ocrx_word' id='word_1_620' title='bbox 1844 4392 1918 4438; x_wconf 89' lang='lat' dir='ltr'>esse</span> <span class='ocrx_word' id='word_1_621' title='bbox 1934 4373 2090 4460; x_wconf 88' lang='lat' dir='ltr'>peccati,</span> <span class='ocrx_word' id='word_1_622' title='bbox 2119 4390 2151 4441; x_wconf 88' lang='lat' dir='ltr'>et</span> <span class='ocrx_word' id='word_1_623' title='bbox 2163 4393 2217 4459; x_wconf 88' lang='lat' dir='ltr'>po·</span> 
     </span>
     <span class='ocr_line' id='line_1_91' title="bbox 1244 4471 2218 4562; baseline -0.006 -19"><span class='ocrx_word' id='word_1_624' title='bbox 1244 4474 1375 4543; x_wconf 88' lang='lat' dir='ltr'>stulare</span> <span class='ocrx_word' id='word_1_625' title='bbox 1390 4486 1430 4542; x_wconf 91' lang='lat' dir='ltr'>ut</span> <span class='ocrx_word' id='word_1_626' title='bbox 1444 4471 1662 4541; x_wconf 83' lang='lat' dir='ltr'>confidamus</span> <span class='ocrx_word' id='word_1_627' title='bbox 1688 4483 1834 4560; x_wconf 87' lang='lat' dir='ltr'>propter</span> <span class='ocrx_word' id='word_1_628' title='bbox 1856 4472 1972 4562; x_wconf 89' lang='lat' dir='ltr'>ipsum</span> <span class='ocrx_word' id='word_1_629' title='bbox 1995 4472 2105 4541; x_wconf 92' lang='lat' dir='ltr'>nobis</span> <span class='ocrx_word' id='word_1_630' title='bbox 2129 4473 2218 4561; x_wconf 90' lang='lat' dir='ltr'>igno-</span> 
     </span>
     <span class='ocr_line' id='line_1_92' title="bbox 1243 4569 2219 4665; baseline -0.002 -22"><span class='ocrx_word' id='word_1_631' title='bbox 1243 4574 1309 4661; x_wconf 91' lang='lat' dir='ltr'>sci,</span> <span class='ocrx_word' id='word_1_632' title='bbox 1342 4569 1408 4641; x_wconf 90' lang='lat' dir='ltr'>hac</span> <span class='ocrx_word' id='word_1_633' title='bbox 1429 4572 1555 4641; x_wconf 87' lang='lat' dir='ltr'>fiducia</span> <span class='ocrx_word' id='word_1_634' title='bbox 1577 4586 1844 4665; x_wconf 88' lang='lat' dir='ltr'>consequuntur</span> <span class='ocrx_word' id='word_1_635' title='bbox 1866 4597 1985 4642; x_wconf 89' lang='lat' dir='ltr'>veram</span> <span class='ocrx_word' id='word_1_636' title='bbox 2016 4574 2219 4644; x_wconf 88' lang='lat' dir='ltr'>consolatio·</span> 
     </span>
     <span class='ocr_line' id='line_1_93' title="bbox 1243 4671 2218 4764; baseline -0.002 -19"><span class='ocrx_word' id='word_1_637' title='bbox 1243 4701 1347 4758; x_wconf 89' lang='lat' dir='ltr'>nem,</span> <span class='ocrx_word' id='word_1_638' title='bbox 1368 4675 1544 4744; x_wconf 89' lang='lat' dir='ltr'>iusticiam</span> <span class='ocrx_word' id='word_1_639' title='bbox 1570 4686 1605 4742; x_wconf 86' lang='lat' dir='ltr'>et</span> <span class='ocrx_word' id='word_1_640' title='bbox 1626 4698 1768 4764; x_wconf 88' lang='lat' dir='ltr'>pacem,</span> <span class='ocrx_word' id='word_1_641' title='bbox 1802 4676 1852 4744; x_wconf 94' lang='lat' dir='ltr'>sic</span> <span class='ocrx_word' id='word_1_642' title='bbox 1873 4675 2106 4746; x_wconf 85' lang='lat' dir='ltr'>invocatione</span> <span class='ocrx_word' id='word_1_643' title='bbox 2129 4671 2218 4747; x_wconf 89' lang='lat' dir='ltr'>Chri·</span> 
     </span>
     <span class='ocr_line' id='line_1_94' title="bbox 1243 4776 2219 4849; baseline -0.004 0"><span class='ocrx_word' id='word_1_644' title='bbox 1243 4778 1288 4849; x_wconf 92' lang='lat' dir='ltr'>sti</span> <span class='ocrx_word' id='word_1_645' title='bbox 1311 4776 1537 4847; x_wconf 82' lang='lat' dir='ltr'>defendimur</span> <span class='ocrx_word' id='word_1_646' title='bbox 1559 4777 1727 4846; x_wconf 87' lang='lat' dir='ltr'>adversus</span> <span class='ocrx_word' id='word_1_647' title='bbox 1750 4776 1899 4847; x_wconf 89' lang='lat' dir='ltr'>insidias</span> <span class='ocrx_word' id='word_1_648' title='bbox 1918 4777 2071 4847; x_wconf 91' lang='lat' dir='ltr'>diaboli.</span> <span class='ocrx_word' id='word_1_649' title='bbox 2125 4777 2219 4849; x_wconf 84' lang='lat' dir='ltr'>Prae·</span> 
     </span>
     <span class='ocr_line' id='line_1_95' title="bbox 1243 4874 2218 4972; baseline -0.005 -21"><span class='ocrx_word' id='word_1_650' title='bbox 1243 4895 1337 4953; x_wconf 85' lang='lat' dir='ltr'>terea</span> <span class='ocrx_word' id='word_1_651' title='bbox 1361 4893 1434 4949; x_wconf 91' lang='lat' dir='ltr'>tota</span> <span class='ocrx_word' id='word_1_652' title='bbox 1457 4874 1611 4948; x_wconf 84' lang='lat' dir='ltr'>Ecclesia</span> <span class='ocrx_word' id='word_1_653' title='bbox 1636 4879 1673 4947; x_wconf 91' lang='lat' dir='ltr'>in</span> <span class='ocrx_word' id='word_1_654' title='bbox 1688 4880 1823 4948; x_wconf 89' lang='lat' dir='ltr'>mundo</span> <span class='ocrx_word' id='word_1_655' title='bbox 1840 4879 1888 4950; x_wconf 90' lang='lat' dir='ltr'>ita</span> <span class='ocrx_word' id='word_1_656' title='bbox 1905 4878 2159 4972; x_wconf 86' lang='lat' dir='ltr'>conculcatur,</span> <span class='ocrx_word' id='word_1_657' title='bbox 2181 4879 2218 4949; x_wconf 83' lang='lat' dir='ltr'>ita</span> 
     </span>
     <span class='ocr_line' id='line_1_96' title="bbox 1242 4978 2219 5072; baseline -0.002 -21"><span class='ocrx_word' id='word_1_658' title='bbox 1242 4982 1433 5072; x_wconf 87' lang='lat' dir='ltr'>negligitur</span> <span class='ocrx_word' id='word_1_659' title='bbox 1456 4982 1602 5049; x_wconf 87' lang='lat' dir='ltr'>verbum</span> <span class='ocrx_word' id='word_1_660' title='bbox 1629 4978 1714 5062; x_wconf 91' lang='lat' dir='ltr'>Dei,</span> <span class='ocrx_word' id='word_1_661' title='bbox 1752 4995 1792 5050; x_wconf 93' lang='lat' dir='ltr'>ut</span> <span class='ocrx_word' id='word_1_662' title='bbox 1812 4982 1978 5051; x_wconf 85' lang='lat' dir='ltr'>videatur</span> <span class='ocrx_word' id='word_1_663' title='bbox 2004 4984 2169 5054; x_wconf 85' lang='lat' dir='ltr'>futurum</span> <span class='ocrx_word' id='word_1_664' title='bbox 2187 4992 2219 5051; x_wconf 88' lang='lat' dir='ltr'>nt</span> 
     </span>
     <span class='ocr_line' id='line_1_97' title="bbox 1242 5079 2219 5171; baseline 0 -17"><span class='ocrx_word' id='word_1_665' title='bbox 1242 5085 1359 5154; x_wconf 91' lang='lat' dir='ltr'>statim</span> <span class='ocrx_word' id='word_1_666' title='bbox 1378 5083 1628 5170; x_wconf 85' lang='lat' dir='ltr'>extinguantur</span> <span class='ocrx_word' id='word_1_667' title='bbox 1647 5079 1882 5171; x_wconf 89' lang='lat' dir='ltr'>Evangelium</span> <span class='ocrx_word' id='word_1_668' title='bbox 1906 5098 1941 5155; x_wconf 92' lang='lat' dir='ltr'>et</span> <span class='ocrx_word' id='word_1_669' title='bbox 1960 5079 2145 5167; x_wconf 83' lang='lat' dir='ltr'>Ecclesia,</span> <span class='ocrx_word' id='word_1_670' title='bbox 2168 5084 2219 5154; x_wconf 83' lang='lat' dir='ltr'>sed</span> 
     </span>
     <span class='ocr_line' id='line_1_98' title="bbox 1242 5177 2218 5279; baseline 0.001 -25"><span class='ocrx_word' id='word_1_671' title='bbox 1242 5186 1325 5279; x_wconf 90' lang='lat' dir='ltr'>quia</span> <span class='ocrx_word' id='word_1_672' title='bbox 1350 5185 1479 5254; x_wconf 91' lang='lat' dir='ltr'>scimus</span> <span class='ocrx_word' id='word_1_673' title='bbox 1500 5177 1684 5253; x_wconf 89' lang='lat' dir='ltr'>Christum</span> <span class='ocrx_word' id='word_1_674' title='bbox 1708 5206 1782 5253; x_wconf 85' lang='lat' dir='ltr'>esse</span> <span class='ocrx_word' id='word_1_675' title='bbox 1796 5185 1984 5266; x_wconf 88' lang='lat' dir='ltr'>victorem,</span> <span class='ocrx_word' id='word_1_676' title='bbox 2008 5198 2044 5256; x_wconf 87' lang='grc' dir='ltr'>ει</span> <span class='ocrx_word' id='word_1_677' title='bbox 2062 5202 2218 5279; x_wconf 85' lang='lat' dir='ltr'>perpetuo</span> 
     </span>
     <span class='ocr_line' id='line_1_99' title="bbox 1241 5287 2217 5379; baseline -0.001 -22"><span class='ocrx_word' id='word_1_678' title='bbox 1241 5299 1491 5376; x_wconf 87' lang='lat' dir='ltr'>regnatumm,</span> <span class='ocrx_word' id='word_1_679' title='bbox 1506 5298 1709 5355; x_wconf 65' lang='lat' dir='ltr'>‘statuamus</span> <span class='ocrx_word' id='word_1_680' title='bbox 1723 5309 1797 5354; x_wconf 89' lang='lat' dir='ltr'>non</span> <span class='ocrx_word' id='word_1_681' title='bbox 1812 5311 1914 5377; x_wconf 88' lang='lat' dir='ltr'>posse</span> <span class='ocrx_word' id='word_1_682' title='bbox 1929 5290 2093 5379; x_wconf 88' lang='lat' dir='ltr'>opprimi</span> <span class='ocrx_word' id='word_1_683' title='bbox 2112 5287 2217 5360; x_wconf 86' lang='lat' dir='ltr'>Eran-</span> 
     </span>
     <span class='ocr_line' id='line_1_100' title="bbox 1241 5385 2217 5482; baseline -0.001 -22"><span class='ocrx_word' id='word_1_684' title='bbox 1241 5391 1394 5482; x_wconf 89' lang='lat' dir='ltr'>gelium,</span> <span class='ocrx_word' id='word_1_685' title='bbox 1437 5402 1470 5459; x_wconf 90' lang='lat' dir='ltr'>et</span> <span class='ocrx_word' id='word_1_686' title='bbox 1501 5410 1704 5459; x_wconf 90' lang='lat' dir='ltr'>mansuram</span> <span class='ocrx_word' id='word_1_687' title='bbox 1734 5410 1808 5459; x_wconf 86' lang='lat' dir='ltr'>esse</span> <span class='ocrx_word' id='word_1_688' title='bbox 1830 5385 2052 5477; x_wconf 85' lang='lat' dir='ltr'>Ecclesiam,</span> <span class='ocrx_word' id='word_1_689' title='bbox 2095 5388 2217 5464; x_wconf 83' lang='lat' dir='ltr'>etiamsi</span> 
     </span>
    </p>
   </div>
   <div class='ocr_carea' id='block_1_27' title="bbox 2264 2679 2267 2808">
    <p class='ocr_par' dir='ltr' id='par_1_27' title="bbox 2264 2679 2267 2808">
     <span class='ocr_line' id='line_1_101' title="bbox 2264 2679 2267 2808; baseline 0 0"><span class='ocrx_word' id='word_1_690' title='bbox 2264 2679 2267 2808; x_wconf 83' lang='lat' dir='ltr'>l</span> 
     </span>
    </p>
   </div>
   <div class='ocr_carea' id='block_1_28' title="bbox 0 0 2280 5748">
    <p class='ocr_par' dir='ltr' id='par_1_28' title="bbox 0 0 2280 5748">
     <span class='ocr_line' id='line_1_102' title="bbox 0 0 2280 5748; baseline 0 0"><span class='ocrx_word' id='word_1_691' title='bbox 0 0 2280 5748; x_wconf 95' lang='lat' dir='ltr'> </span> 
     </span>
    </p>
   </div>
  </div>
 </body>
</html>
