<?xml version="1.0" encoding="UTF-8"?>
<!DOCTYPE html PUBLIC "-//W3C//DTD XHTML 1.0 Transitional//EN"
    "http://www.w3.org/TR/xhtml1/DTD/xhtml1-transitional.dtd">
<html xmlns="http://www.w3.org/1999/xhtml" xml:lang="en" lang="en">
 <head>
  <title>
</title>
<meta http-equiv="Content-Type" content="text/html;charset=utf-8" />
  <meta name='ocr-system' content='tesseract 3.04.00' />
  <meta name='ocr-capabilities' content='ocr_page ocr_carea ocr_par ocr_line ocrx_word'/>
</head>
<body>
  <div class='ocr_page' id='page_1' title='image "./corpusreformato11melagoog_0535.png"; bbox 0 0 4538 5754; ppageno 0'>
   <div class='ocr_carea' id='block_1_1' title="bbox 134 241 2143 331">
    <p class='ocr_par' dir='ltr' id='par_1_1' title="bbox 134 241 2143 331">
     <span class='ocr_line' id='line_1_1' title="bbox 134 241 2143 331; baseline 0.001 -3"><span class='ocrx_word' id='word_1_1' title='bbox 134 251 232 328; x_wconf 78' lang='lat'>1047</span> <span class='ocrx_word' id='word_1_2' title='bbox 729 244 854 322; x_wconf 80' lang='lat' dir='ltr'><strong>Ptttl.</strong></span> <span class='ocrx_word' id='word_1_3' title='bbox 882 241 1000 318; x_wconf 78' lang='lat' dir='ltr'><strong>Mttt.</strong></span> <span class='ocrx_word' id='word_1_4' title='bbox 1022 241 1232 320; x_wconf 79' lang='lat' dir='ltr'>SCRIPTA</span> <span class='ocrx_word' id='word_1_5' title='bbox 1258 242 1556 324; x_wconf 73' lang='lat' dir='ltr'><strong>ttxtthtt&#39;tcn.</strong></span> <span class='ocrx_word' id='word_1_6' title='bbox 2057 255 2143 331; x_wconf 78' lang='lat'><strong>1⁰48</strong></span> 
     </span>
    </p>
   </div>
   <div class='ocr_carea' id='block_1_2' title="bbox 132 413 2173 1129">
    <p class='ocr_par' dir='ltr' id='par_1_2' title="bbox 132 413 2173 1129">
     <span class='ocr_line' id='line_1_2' title="bbox 132 413 2142 520; baseline 0.001 -25"><span class='ocrx_word' id='word_1_7' title='bbox 132 437 249 495; x_wconf 90' lang='lat' dir='ltr'><strong>torum</strong></span> <span class='ocrx_word' id='word_1_8' title='bbox 273 433 307 490; x_wconf 90' lang='lat' dir='ltr'><strong>et</strong></span> <span class='ocrx_word' id='word_1_9' title='bbox 330 420 620 508; x_wconf 76' lang='lat' dir='ltr'><strong>gubernationem</strong></span> <span class='ocrx_word' id='word_1_10' title='bbox 637 413 793 509; x_wconf 72' lang='lat' dir='ltr'>Spiritus</span> <span class='ocrx_word' id='word_1_11' title='bbox 812 417 922 487; x_wconf 84' lang='lat' dir='ltr'><strong>sancti</strong></span> <span class='ocrx_word' id='word_1_12' title='bbox 936 417 1044 511; x_wconf 87' lang='lat' dir='ltr'><strong>petit,</strong></span> <span class='ocrx_word' id='word_1_13' title='bbox 1069 418 1118 487; x_wconf 88' lang='lat' dir='ltr'><strong>its</strong></span> <span class='ocrx_word' id='word_1_14' title='bbox 1169 431 1354 509; x_wconf 89' lang='lat' dir='ltr'><strong>precantes</strong></span> <span class='ocrx_word' id='word_1_15' title='bbox 1368 442 1435 509; x_wconf 92' lang='lat' dir='ltr'><strong>pro</strong></span> <span class='ocrx_word' id='word_1_16' title='bbox 1451 418 1594 510; x_wconf 91' lang='lat' dir='ltr'><strong>politia,</strong></span> <span class='ocrx_word' id='word_1_17' title='bbox 1619 433 1654 492; x_wconf 91' lang='lat' dir='ltr'><strong>et</strong></span> <span class='ocrx_word' id='word_1_18' title='bbox 1668 423 1861 513; x_wconf 73' lang='lat' dir='ltr'><strong>cogitantes</strong></span> <span class='ocrx_word' id='word_1_19' title='bbox 1878 427 1925 495; x_wconf 86' lang='lat' dir='ltr'><strong>de</strong></span> <span class='ocrx_word' id='word_1_20' title='bbox 1938 427 2076 517; x_wconf 80' lang='lat' dir='ltr'><strong>magnis</strong></span> <span class='ocrx_word' id='word_1_21' title='bbox 2090 451 2142 520; x_wconf 86' lang='lat' dir='ltr'><strong>pe·</strong></span> 
     </span>
     <span class='ocr_line' id='line_1_3' title="bbox 132 518 2142 614; baseline 0.003 -21"><span class='ocrx_word' id='word_1_22' title='bbox 132 547 198 593; x_wconf 90' lang='lat' dir='ltr'><strong>nos</strong></span> <span class='ocrx_word' id='word_1_23' title='bbox 225 536 399 613; x_wconf 89' lang='lat' dir='ltr'><strong>petamus,</strong></span> <span class='ocrx_word' id='word_1_24' title='bbox 432 535 471 614; x_wconf 90' lang='lat' dir='ltr'><strong>ut</strong></span> <span class='ocrx_word' id='word_1_25' title='bbox 494 520 693 612; x_wconf 75' lang='lat' dir='ltr'><strong>superiores</strong></span> <span class='ocrx_word' id='word_1_26' title='bbox 714 540 837 586; x_wconf 86' lang='lat' dir='ltr'><strong>versus</strong></span> <span class='ocrx_word' id='word_1_27' title='bbox 861 519 907 587; x_wconf 90' lang='lat' dir='ltr'><strong>ad</strong></span> <span class='ocrx_word' id='word_1_28' title='bbox 930 520 1118 591; x_wconf 78' lang='lat' dir='ltr'><strong>confirma-</strong></span> <span class='ocrx_word' id='word_1_29' title='bbox 1169 518 1291 589; x_wconf 87' lang='lat' dir='ltr'><strong>riculis</strong></span> <span class='ocrx_word' id='word_1_30' title='bbox 1314 522 1475 589; x_wconf 90' lang='lat' dir='ltr'><strong>omnium</strong></span> <span class='ocrx_word' id='word_1_31' title='bbox 1497 523 1639 612; x_wconf 91' lang='lat' dir='ltr'><strong>piorum</strong></span> <span class='ocrx_word' id='word_1_32' title='bbox 1660 528 1951 613; x_wconf 75' lang='lat' dir='ltr'><strong>gubernatorum.</strong></span> <span class='ocrx_word' id='word_1_33' title='bbox 2003 528 2057 598; x_wconf 90' lang='lat' dir='ltr'><strong>Ac</strong></span> <span class='ocrx_word' id='word_1_34' title='bbox 2080 553 2142 598; x_wconf 88' lang='lat' dir='ltr'><strong>ms-</strong></span> 
     </span>
     <span class='ocr_line' id='line_1_4' title="bbox 132 615 2138 719; baseline 0.001 -24"><span class='ocrx_word' id='word_1_35' title='bbox 132 626 266 714; x_wconf 86' lang='lat' dir='ltr'><strong>tionem</strong></span> <span class='ocrx_word' id='word_1_36' title='bbox 294 623 377 690; x_wconf 87' lang='lat' dir='ltr'><strong>fidei</strong></span> <span class='ocrx_word' id='word_1_37' title='bbox 401 637 541 693; x_wconf 87' lang='lat' dir='ltr'><strong>nostrae</strong></span> <span class='ocrx_word' id='word_1_38' title='bbox 562 623 608 691; x_wconf 86' lang='lat' dir='ltr'><strong>de</strong></span> <span class='ocrx_word' id='word_1_39' title='bbox 629 617 828 690; x_wconf 90' lang='lat' dir='ltr'><strong>ministerio</strong></span> <span class='ocrx_word' id='word_1_40' title='bbox 850 615 1038 712; x_wconf 81' lang='lat' dir='ltr'><strong>Evangelii</strong></span> <span class='ocrx_word' id='word_1_41' title='bbox 1060 643 1118 690; x_wconf 92' lang='lat' dir='ltr'><strong>ac·</strong></span> <span class='ocrx_word' id='word_1_42' title='bbox 1170 620 1379 690; x_wconf 87' lang='lat' dir='ltr'><strong>minerimus</strong></span> <span class='ocrx_word' id='word_1_43' title='bbox 1401 627 1607 693; x_wconf 87' lang='lat' dir='ltr'><strong>mandatnm</strong></span> <span class='ocrx_word' id='word_1_44' title='bbox 1622 622 1709 709; x_wconf 91' lang='lat' dir='ltr'><strong>Dei,</strong></span> <span class='ocrx_word' id='word_1_45' title='bbox 1730 641 1771 697; x_wconf 90' lang='lat' dir='ltr'><strong>ut</strong></span> <span class='ocrx_word' id='word_1_46' title='bbox 1790 629 1969 698; x_wconf 83' lang='lat' dir='ltr'><strong>exanimo</strong></span> <span class='ocrx_word' id='word_1_47' title='bbox 1985 643 2138 719; x_wconf 79' lang='lat' dir='ltr'><strong>petamus,</strong></span> 
     </span>
     <span class='ocr_line' id='line_1_5' title="bbox 132 723 2173 822; baseline 0.001 -26"><span class='ocrx_word' id='word_1_48' title='bbox 132 726 407 798; x_wconf 78' lang='lat' dir='ltr'><strong>corrtmodemus.</strong></span> <span class='ocrx_word' id='word_1_49' title='bbox 1169 733 1209 791; x_wconf 90' lang='lat' dir='ltr'><strong>ut</strong></span> <span class='ocrx_word' id='word_1_50' title='bbox 1229 735 1327 811; x_wconf 84' lang='lat' dir='ltr'><strong>regat</strong></span> <span class='ocrx_word' id='word_1_51' title='bbox 1347 737 1379 792; x_wconf 92' lang='lat' dir='ltr'><strong>et</strong></span> <span class='ocrx_word' id='word_1_52' title='bbox 1395 723 1491 793; x_wconf 87' lang='lat' dir='ltr'><strong>iuvet</strong></span> <span class='ocrx_word' id='word_1_53' title='bbox 1508 727 1707 819; x_wconf 88' lang='lat' dir='ltr'><strong>omnesqui</strong></span> <span class='ocrx_word' id='word_1_54' title='bbox 1724 743 1910 816; x_wconf 89' lang='lat' dir='ltr'><strong>praesunt,</strong></span> <span class='ocrx_word' id='word_1_55' title='bbox 1937 744 1972 799; x_wconf 87' lang='lat' dir='ltr'><strong>et</strong></span> <span class='ocrx_word' id='word_1_56' title='bbox 1989 731 2048 799; x_wconf 87' lang='lat' dir='ltr'><strong>det</strong></span> <span class='ocrx_word' id='word_1_57' title='bbox 2059 733 2138 822; x_wconf 89' lang='lat' dir='ltr'><strong>poli-</strong></span> <span class='ocrx_word' id='word_1_58' title='bbox 2171 742 2173 749; x_wconf 83' lang='lat'>&#39;</span> 
     </span>
     <span class='ocr_line' id='line_1_6' title="bbox 1168 821 2136 922; baseline 0.01 -32"><span class='ocrx_word' id='word_1_59' title='bbox 1168 822 1236 891; x_wconf 89' lang='lat' dir='ltr'><strong>tias</strong></span> <span class='ocrx_word' id='word_1_60' title='bbox 1251 824 1480 916; x_wconf 89' lang='lat' dir='ltr'><strong>tranquillas,</strong></span> <span class='ocrx_word' id='word_1_61' title='bbox 1506 850 1597 918; x_wconf 88' lang='lat' dir='ltr'><strong>quae</strong></span> <span class='ocrx_word' id='word_1_62' title='bbox 1611 826 1681 897; x_wconf 90' lang='lat' dir='ltr'><strong>siut</strong></span> <span class='ocrx_word' id='word_1_63' title='bbox 1697 821 1843 900; x_wconf 88' lang='lat' dir='ltr'><strong>honesta</strong></span> <span class='ocrx_word' id='word_1_64' title='bbox 1858 825 2015 922; x_wconf 89' lang='lat' dir='ltr'><strong>hospitia</strong></span> <span class='ocrx_word' id='word_1_65' title='bbox 2033 829 2136 903; x_wconf 81' lang='lat' dir='ltr'><strong>Eccle-</strong></span> 
     </span>
     <span class='ocr_line' id='line_1_7' title="bbox 266 923 2134 1023; baseline 0.003 -26"><span class='ocrx_word' id='word_1_66' title='bbox 266 928 598 1023; x_wconf 66' lang='lat' dir='ltr'><strong>Argumentum</strong></span> <span class='ocrx_word' id='word_1_67' title='bbox 634 948 687 998; x_wconf 84' lang='lat' dir='ltr'><strong>aa</strong></span> <span class='ocrx_word' id='word_1_68' title='bbox 720 923 981 1019; x_wconf 76' lang='lat' dir='ltr'><strong>dispositio</strong></span> <span class='ocrx_word' id='word_1_69' title='bbox 1063 939 1067 945; x_wconf 84' lang='grc'><strong>’</strong></span> <span class='ocrx_word' id='word_1_70' title='bbox 1168 923 1299 991; x_wconf 89' lang='lat' dir='ltr'><strong>siarum</strong></span> <span class='ocrx_word' id='word_1_71' title='bbox 1316 938 1351 993; x_wconf 89' lang='lat' dir='ltr'><strong>et</strong></span> <span class='ocrx_word' id='word_1_72' title='bbox 1367 925 1582 1012; x_wconf 86' lang='lat' dir='ltr'><strong>litterarum,</strong></span> <span class='ocrx_word' id='word_1_73' title='bbox 1607 942 1640 997; x_wconf 88' lang='lat' dir='ltr'><strong>et</strong></span> <span class='ocrx_word' id='word_1_74' title='bbox 1657 924 1843 1017; x_wconf 88' lang='lat' dir='ltr'><strong>prohibeat</strong></span> <span class='ocrx_word' id='word_1_75' title='bbox 1859 932 2064 1020; x_wconf 85' lang='lat' dir='ltr'><strong>latrocinia,</strong></span> <span class='ocrx_word' id='word_1_76' title='bbox 2086 957 2134 1003; x_wconf 82' lang='lat' dir='ltr'><strong>rs·</strong></span> 
     </span>
     <span class='ocr_line' id='line_1_8' title="bbox 474 1024 1904 1129; baseline 0.008 -38"><span class='ocrx_word' id='word_1_77' title='bbox 474 1044 633 1128; x_wconf 65' lang='lat' dir='ltr'><strong>Psalmi</strong></span> <span class='ocrx_word' id='word_1_78' title='bbox 671 1043 772 1129; x_wconf 67' lang='lat' dir='ltr'><strong>XX</strong></span> <span class='ocrx_word' id='word_1_79' title='bbox 1075 1051 1083 1069; x_wconf 92' lang='lat'><strong>·</strong></span> <span class='ocrx_word' id='word_1_80' title='bbox 1168 1024 1336 1095; x_wconf 89' lang='lat' dir='ltr'><strong>stationes</strong></span> <span class='ocrx_word' id='word_1_81' title='bbox 1352 1027 1608 1121; x_wconf 89' lang='lat' dir='ltr'><strong>etdisciplinae</strong></span> <span class='ocrx_word' id='word_1_82' title='bbox 1623 1029 1904 1104; x_wconf 74' lang='lat' dir='ltr'><strong>dissolutionem.</strong></span> 
     </span>
    </p>
   </div>
   <div class='ocr_carea' id='block_1_3' title="bbox 159 1188 1115 1392">
    <p class='ocr_par' dir='ltr' id='par_1_3' title="bbox 159 1188 1115 1392">
     <span class='ocr_line' id='line_1_9' title="bbox 182 1188 1115 1284; baseline -0.001 -18"><span class='ocrx_word' id='word_1_83' title='bbox 182 1192 379 1266; x_wconf 70' lang='lat' dir='ltr'><strong>Evandiat</strong></span> <span class='ocrx_word' id='word_1_84' title='bbox 407 1204 445 1266; x_wconf 88' lang='lat' dir='ltr'><strong>te</strong></span> <span class='ocrx_word' id='word_1_85' title='bbox 469 1188 659 1266; x_wconf 85' lang='lat' dir='ltr'><strong>Dominus</strong></span> <span class='ocrx_word' id='word_1_86' title='bbox 689 1197 730 1265; x_wconf 87' lang='lat' dir='ltr'><strong>in</strong></span> <span class='ocrx_word' id='word_1_87' title='bbox 758 1190 820 1265; x_wconf 88' lang='lat' dir='ltr'><strong>die</strong></span> <span class='ocrx_word' id='word_1_88' title='bbox 843 1190 1115 1284; x_wconf 77' lang='lat' dir='ltr'><strong>tribulationis,</strong></span> 
     </span>
     <span class='ocr_line' id='line_1_10' title="bbox 159 1290 776 1392; baseline 0.003 -28"><span class='ocrx_word' id='word_1_89' title='bbox 159 1305 160 1309; x_wconf 75' lang='grc'>’</span> <span class='ocrx_word' id='word_1_90' title='bbox 179 1304 352 1392; x_wconf 79' lang='lat' dir='ltr'><strong>protepat</strong></span> <span class='ocrx_word' id='word_1_91' title='bbox 368 1305 405 1368; x_wconf 85' lang='lat' dir='ltr'><strong>te</strong></span> <span class='ocrx_word' id='word_1_92' title='bbox 418 1318 553 1380; x_wconf 85' lang='lat' dir='ltr'><strong>nomen</strong></span> <span class='ocrx_word' id='word_1_93' title='bbox 566 1297 642 1368; x_wconf 83' lang='lat' dir='ltr'><strong>Dei</strong></span> <span class='ocrx_word' id='word_1_94' title='bbox 655 1290 776 1366; x_wconf 88' lang='lat' dir='ltr'><strong>laceb.</strong></span> 
     </span>
    </p>
   </div>
   <div class='ocr_carea' id='block_1_4' title="bbox 4 1427 2173 5369">
    <p class='ocr_par' dir='ltr' id='par_1_4' title="bbox 129 1427 2137 2327">
     <span class='ocr_line' id='line_1_11' title="bbox 234 1427 1177 1520; baseline -0.003 -22"><span class='ocrx_word' id='word_1_95' title='bbox 234 1427 453 1498; x_wconf 87' lang='lat' dir='ltr'><strong>Dulcissima·</strong></span> <span class='ocrx_word' id='word_1_96' title='bbox 475 1430 628 1520; x_wconf 88' lang='lat' dir='ltr'><strong>precatio</strong></span> <span class='ocrx_word' id='word_1_97' title='bbox 658 1442 709 1499; x_wconf 88' lang='lat' dir='ltr'><strong>est</strong></span> <span class='ocrx_word' id='word_1_98' title='bbox 736 1453 800 1519; x_wconf 93' lang='lat' dir='ltr'><strong>pro</strong></span> <span class='ocrx_word' id='word_1_99' title='bbox 831 1449 933 1517; x_wconf 89' lang='lat' dir='ltr'><strong>rege,</strong></span> <span class='ocrx_word' id='word_1_100' title='bbox 963 1450 1025 1497; x_wconf 91' lang='lat' dir='ltr'><strong>seu</strong></span> <span class='ocrx_word' id='word_1_101' title='bbox 1049 1450 1113 1518; x_wconf 93' lang='lat' dir='ltr'><strong>pro</strong></span> <span class='ocrx_word' id='word_1_102' title='bbox 1174 1451 1177 1458; x_wconf 92' lang='lat'>·</span> 
     </span>
     <span class='ocr_line' id='line_1_12' title="bbox 132 1530 1113 1624; baseline -0.002 -25"><span class='ocrx_word' id='word_1_103' title='bbox 132 1552 241 1618; x_wconf 87' lang='lat' dir='ltr'><strong>regno</strong></span> <span class='ocrx_word' id='word_1_104' title='bbox 272 1553 313 1598; x_wconf 91' lang='lat' dir='ltr'><strong>ac</strong></span> <span class='ocrx_word' id='word_1_105' title='bbox 342 1530 488 1619; x_wconf 93' lang='lat' dir='ltr'><strong>politico</strong></span> <span class='ocrx_word' id='word_1_106' title='bbox 516 1545 625 1611; x_wconf 88' lang='lat' dir='ltr'><strong>statu,</strong></span> <span class='ocrx_word' id='word_1_107' title='bbox 657 1553 747 1624; x_wconf 90' lang='lat' dir='ltr'><strong>quae</strong></span> <span class='ocrx_word' id='word_1_108' title='bbox 776 1531 877 1600; x_wconf 89' lang='lat' dir='ltr'><strong>docet</strong></span> <span class='ocrx_word' id='word_1_109' title='bbox 897 1540 935 1597; x_wconf 70' lang='lat' dir='ltr'><strong>‘et</strong></span> <span class='ocrx_word' id='word_1_110' title='bbox 957 1541 1113 1614; x_wconf 88' lang='lat' dir='ltr'><strong>testatur,</strong></span> 
     </span>
     <span class='ocr_line' id='line_1_13' title="bbox 131 1630 1112 1720; baseline -0.003 -20"><span class='ocrx_word' id='word_1_111' title='bbox 131 1653 310 1700; x_wconf 84' lang='lat' dir='ltr'><strong>successus</strong></span> <span class='ocrx_word' id='word_1_112' title='bbox 329 1631 367 1698; x_wconf 95' lang='lat' dir='ltr'><strong>in</strong></span> <span class='ocrx_word' id='word_1_113' title='bbox 391 1632 564 1720; x_wconf 88' lang='lat' dir='ltr'><strong>imperiis,</strong></span> <span class='ocrx_word' id='word_1_114' title='bbox 594 1632 709 1703; x_wconf 77' lang='lat' dir='ltr'><strong>felicia</strong></span> <span class='ocrx_word' id='word_1_115' title='bbox 735 1630 902 1714; x_wconf 90' lang='lat' dir='ltr'><strong>consilia,</strong></span> <span class='ocrx_word' id='word_1_116' title='bbox 925 1631 1112 1701; x_wconf 89' lang='lat' dir='ltr'><strong>salutarem</strong></span> 
     </span>
     <span class='ocr_line' id='line_1_14' title="bbox 131 1727 2132 1822; baseline 0.003 -21"><span class='ocrx_word' id='word_1_117' title='bbox 131 1731 422 1822; x_wconf 87' lang='lat' dir='ltr'><strong>gubernationem</strong></span> <span class='ocrx_word' id='word_1_118' title='bbox 447 1747 481 1802; x_wconf 90' lang='lat' dir='ltr'><strong>et</strong></span> <span class='ocrx_word' id='word_1_119' title='bbox 504 1733 688 1815; x_wconf 87' lang='lat' dir='ltr'><strong>victorias,</strong></span> <span class='ocrx_word' id='word_1_120' title='bbox 713 1729 781 1801; x_wconf 88' lang='lat' dir='ltr'><strong>Dei</strong></span> <span class='ocrx_word' id='word_1_121' title='bbox 800 1755 905 1822; x_wconf 89' lang='lat' dir='ltr'><strong>opera</strong></span> <span class='ocrx_word' id='word_1_122' title='bbox 927 1745 961 1802; x_wconf 92' lang='lat' dir='ltr'><strong>et</strong></span> <span class='ocrx_word' id='word_1_123' title='bbox 981 1731 1114 1801; x_wconf 86' lang='lat' dir='ltr'><strong>benefi-</strong></span> <span class='ocrx_word' id='word_1_124' title='bbox 1267 1727 1416 1800; x_wconf 88' lang='lat' dir='ltr'><strong>Prorsus</strong></span> <span class='ocrx_word' id='word_1_125' title='bbox 1438 1731 1531 1800; x_wconf 91' lang='lat' dir='ltr'><strong>idem</strong></span> <span class='ocrx_word' id='word_1_126' title='bbox 1554 1748 1798 1822; x_wconf 89' lang='lat' dir='ltr'><strong>argumentum</strong></span> <span class='ocrx_word' id='word_1_127' title='bbox 1820 1749 1874 1807; x_wconf 90' lang='lat' dir='ltr'><strong>est</strong></span> <span class='ocrx_word' id='word_1_128' title='bbox 1892 1730 2000 1807; x_wconf 88' lang='lat' dir='ltr'><strong>huius</strong></span> <span class='ocrx_word' id='word_1_129' title='bbox 2015 1736 2132 1810; x_wconf 82' lang='lat' dir='ltr'><strong>Psalmi</strong></span> 
     </span>
     <span class='ocr_line' id='line_1_15' title="bbox 131 1827 2133 1930; baseline 0.004 -30"><span class='ocrx_word' id='word_1_130' title='bbox 131 1832 184 1902; x_wconf 89' lang='lat' dir='ltr'><strong>cia</strong></span> <span class='ocrx_word' id='word_1_131' title='bbox 209 1854 301 1912; x_wconf 89' lang='lat' dir='ltr'><strong>esse,</strong></span> <span class='ocrx_word' id='word_1_132' title='bbox 327 1846 361 1903; x_wconf 89' lang='lat' dir='ltr'><strong>et</strong></span> <span class='ocrx_word' id='word_1_133' title='bbox 382 1856 464 1902; x_wconf 88' lang='lat' dir='ltr'><strong>vere</strong></span> <span class='ocrx_word' id='word_1_134' title='bbox 488 1834 603 1904; x_wconf 87' lang='lat' dir='ltr'><strong>iuvari</strong></span> <span class='ocrx_word' id='word_1_135' title='bbox 624 1829 736 1902; x_wconf 87' lang='lat' dir='ltr'><strong>aDeo</strong></span> <span class='ocrx_word' id='word_1_136' title='bbox 752 1833 928 1923; x_wconf 87' lang='lat' dir='ltr'><strong>principes</strong></span> <span class='ocrx_word' id='word_1_137' title='bbox 943 1833 1114 1901; x_wconf 89' lang='lat' dir='ltr'><strong>invocan-</strong></span> <span class='ocrx_word' id='word_1_138' title='bbox 1164 1833 1259 1923; x_wconf 93' lang='lat' dir='ltr'><strong>quod</strong></span> <span class='ocrx_word' id='word_1_139' title='bbox 1292 1831 1443 1921; x_wconf 84' lang='lat' dir='ltr'><strong>proximi</strong></span> <span class='ocrx_word' id='word_1_140' title='bbox 1454 1827 1465 1901; x_wconf 79' lang='grc' dir='ltr'><strong>ε’</strong></span> <span class='ocrx_word' id='word_1_141' title='bbox 1495 1837 1554 1902; x_wconf 88' lang='lat' dir='ltr'><strong>sed</strong></span> <span class='ocrx_word' id='word_1_142' title='bbox 1577 1836 1880 1924; x_wconf 88' lang='lat' dir='ltr'><strong>gratiarumactio</strong></span> <span class='ocrx_word' id='word_1_143' title='bbox 1902 1840 2133 1930; x_wconf 84' lang='lat' dir='ltr'><strong>praeponitur,</strong></span> 
     </span>
     <span class='ocr_line' id='line_1_16' title="bbox 131 1929 2136 2028; baseline 0.002 -23"><span class='ocrx_word' id='word_1_144' title='bbox 131 1947 182 2005; x_wconf 87' lang='lat' dir='ltr'><strong>tes</strong></span> <span class='ocrx_word' id='word_1_145' title='bbox 206 1935 332 2023; x_wconf 90' lang='lat' dir='ltr'><strong>ipsum.</strong></span> <span class='ocrx_word' id='word_1_146' title='bbox 392 1932 492 2006; x_wconf 85' lang='lat' dir='ltr'><strong>Sicut</strong></span> <span class='ocrx_word' id='word_1_147' title='bbox 517 1934 645 2009; x_wconf 88' lang='lat' dir='ltr'><strong>Psalm.</strong></span> <span class='ocrx_word' id='word_1_148' title='bbox 670 1933 756 2006; x_wconf 80' lang='lat'><strong>144.</strong></span> <span class='ocrx_word' id='word_1_149' title='bbox 780 1933 926 2004; x_wconf 91' lang='lat' dir='ltr'><strong>dicitur:</strong></span> <span class='ocrx_word' id='word_1_150' title='bbox 959 1929 1113 2002; x_wconf 87' lang='lat' dir='ltr'><strong>Benedi-</strong></span> <span class='ocrx_word' id='word_1_151' title='bbox 1164 1955 1254 2024; x_wconf 87' lang='lat' dir='ltr'><strong>quae</strong></span> <span class='ocrx_word' id='word_1_152' title='bbox 1275 1945 1423 2002; x_wconf 88' lang='lat' dir='ltr'><strong>testatur</strong></span> <span class='ocrx_word' id='word_1_153' title='bbox 1438 1931 1737 2004; x_wconf 71' lang='lat' dir='ltr'><strong>Dei‘beneficium</strong></span> <span class='ocrx_word' id='word_1_154' title='bbox 1761 1959 1835 2006; x_wconf 90' lang='lat' dir='ltr'><strong>esse</strong></span> <span class='ocrx_word' id='word_1_155' title='bbox 1856 1939 1947 2027; x_wconf 88' lang='lat' dir='ltr'><strong>regis</strong></span> <span class='ocrx_word' id='word_1_156' title='bbox 1970 1941 2136 2028; x_wconf 85' lang='lat' dir='ltr'><strong>guberna·</strong></span> 
     </span>
     <span class='ocr_line' id='line_1_17' title="bbox 131 2031 2137 2131; baseline 0.002 -26"><span class='ocrx_word' id='word_1_157' title='bbox 131 2048 207 2105; x_wconf 91' lang='lat' dir='ltr'><strong>ctus</strong></span> <span class='ocrx_word' id='word_1_158' title='bbox 229 2032 406 2104; x_wconf 87' lang='lat' dir='ltr'><strong>Dominus</strong></span> <span class='ocrx_word' id='word_1_159' title='bbox 426 2031 522 2105; x_wconf 87' lang='lat' dir='ltr'><strong>Deus</strong></span> <span class='ocrx_word' id='word_1_160' title='bbox 544 2057 644 2106; x_wconf 91' lang='lat' dir='ltr'><strong>meus</strong></span> <span class='ocrx_word' id='word_1_161' title='bbox 667 2043 746 2118; x_wconf 84' lang='lat' dir='ltr'><strong>r&#39;ex,</strong></span> <span class='ocrx_word' id='word_1_162' title='bbox 780 2035 843 2127; x_wconf 90' lang='lat' dir='ltr'><strong>qui</strong></span> <span class='ocrx_word' id='word_1_163' title='bbox 864 2037 965 2103; x_wconf 89' lang='lat' dir='ltr'><strong>docet</strong></span> <span class='ocrx_word' id='word_1_164' title='bbox 987 2055 1113 2103; x_wconf 88' lang='lat' dir='ltr'><strong>manus</strong></span> <span class='ocrx_word' id='word_1_165' title='bbox 1164 2033 1296 2129; x_wconf 85' lang='lat' dir='ltr'><strong>tionem</strong></span> <span class='ocrx_word' id='word_1_166' title='bbox 1319 2045 1356 2103; x_wconf 93' lang='lat' dir='ltr'><strong>et</strong></span> <span class='ocrx_word' id='word_1_167' title='bbox 1376 2035 1628 2108; x_wconf 82' lang='lat' dir='ltr'><strong>defensionem.</strong></span> <span class='ocrx_word' id='word_1_168' title='bbox 1686 2034 1825 2106; x_wconf 88' lang='lat' dir='ltr'><strong>Deinde</strong></span> <span class='ocrx_word' id='word_1_169' title='bbox 1845 2040 2008 2131; x_wconf 88' lang='lat' dir='ltr'><strong>sequitur</strong></span> <span class='ocrx_word' id='word_1_170' title='bbox 2027 2058 2137 2130; x_wconf 82' lang='lat' dir='ltr'><strong>preca-</strong></span> 
     </span>
     <span class='ocr_line' id='line_1_18' title="bbox 129 2129 2136 2231; baseline 0.003 -28"><span class='ocrx_word' id='word_1_171' title='bbox 129 2158 225 2205; x_wconf 89' lang='lat' dir='ltr'><strong>meas</strong></span> <span class='ocrx_word' id='word_1_172' title='bbox 252 2137 296 2205; x_wconf 94' lang='lat' dir='ltr'><strong>ad</strong></span> <span class='ocrx_word' id='word_1_173' title='bbox 322 2136 508 2228; x_wconf 86' lang='lat' dir='ltr'><strong>praelium.</strong></span> <span class='ocrx_word' id='word_1_174' title='bbox 568 2134 673 2210; x_wconf 88' lang='lat' dir='ltr'><strong>Item:</strong></span> <span class='ocrx_word' id='word_1_175' title='bbox 709 2135 782 2226; x_wconf 87' lang='lat' dir='ltr'><strong>Qui</strong></span> <span class='ocrx_word' id='word_1_176' title='bbox 803 2138 866 2205; x_wconf 87' lang='lat' dir='ltr'><strong>das</strong></span> <span class='ocrx_word' id='word_1_177' title='bbox 885 2133 1032 2205; x_wconf 88' lang='lat' dir='ltr'><strong>salutem</strong></span> <span class='ocrx_word' id='word_1_178' title='bbox 1056 2160 1112 2204; x_wconf 88' lang='lat' dir='ltr'><strong>re-</strong></span> <span class='ocrx_word' id='word_1_179' title='bbox 1163 2135 1232 2218; x_wconf 86' lang='lat' dir='ltr'><strong>tio,</strong></span> <span class='ocrx_word' id='word_1_180' title='bbox 1258 2149 1379 2224; x_wconf 90' lang='lat' dir='ltr'><strong>petens</strong></span> <span class='ocrx_word' id='word_1_181' title='bbox 1401 2129 1486 2205; x_wconf 86' lang='lat' dir='ltr'><strong>baec</strong></span> <span class='ocrx_word' id='word_1_182' title='bbox 1507 2137 1687 2206; x_wconf 83' lang='lat' dir='ltr'><strong>beneficia.</strong></span> <span class='ocrx_word' id='word_1_183' title='bbox 1740 2134 1852 2221; x_wconf 86' lang='lat' dir='ltr'><strong>Docet</strong></span> <span class='ocrx_word' id='word_1_184' title='bbox 1867 2140 1977 2228; x_wconf 86' lang='lat' dir='ltr'><strong>igitur</strong></span> <span class='ocrx_word' id='word_1_185' title='bbox 1991 2139 2136 2231; x_wconf 89' lang='lat' dir='ltr'><strong>Spiritus</strong></span> 
     </span>
     <span class='ocr_line' id='line_1_19' title="bbox 129 2230 2135 2327; baseline 0.003 -24"><span class='ocrx_word' id='word_1_186' title='bbox 129 2236 242 2325; x_wconf 85' lang='lat' dir='ltr'><strong>gibus.</strong></span> <span class='ocrx_word' id='word_1_187' title='bbox 627 2245 632 2253; x_wconf 83' lang='grc'><strong>’</strong></span> <span class='ocrx_word' id='word_1_188' title='bbox 1163 2248 1303 2305; x_wconf 88' lang='lat' dir='ltr'><strong>sanctus</strong></span> <span class='ocrx_word' id='word_1_189' title='bbox 1326 2235 1364 2303; x_wconf 88' lang='lat' dir='ltr'><strong>iu</strong></span> <span class='ocrx_word' id='word_1_190' title='bbox 1387 2230 1443 2305; x_wconf 88' lang='lat' dir='ltr'><strong>his</strong></span> <span class='ocrx_word' id='word_1_191' title='bbox 1456 2234 1622 2322; x_wconf 88' lang='lat' dir='ltr'><strong>Psalmis,</strong></span> <span class='ocrx_word' id='word_1_192' title='bbox 1648 2239 1740 2308; x_wconf 83' lang='lat' dir='ltr'><strong>sicut</strong></span> <span class='ocrx_word' id='word_1_193' title='bbox 1761 2239 1800 2307; x_wconf 91' lang='lat' dir='ltr'><strong>in</strong></span> <span class='ocrx_word' id='word_1_194' title='bbox 1815 2239 1938 2310; x_wconf 89' lang='lat' dir='ltr'><strong>multis</strong></span> <span class='ocrx_word' id='word_1_195' title='bbox 1953 2241 2035 2311; x_wconf 77' lang='lat' dir='ltr'><strong>aliis</strong></span> <span class='ocrx_word' id='word_1_196' title='bbox 2048 2242 2135 2327; x_wconf 87' lang='lat' dir='ltr'><strong>locis,</strong></span> 
     </span>
    </p>

    <p class='ocr_par' dir='ltr' id='par_1_5' title="bbox 129 2334 2134 2734">
     <span class='ocr_line' id='line_1_20' title="bbox 231 2334 2134 2433; baseline 0.002 -27"><span class='ocrx_word' id='word_1_197' title='bbox 231 2336 353 2410; x_wconf 82' lang='lat' dir='ltr'><strong>Altera</strong></span> <span class='ocrx_word' id='word_1_198' title='bbox 377 2361 457 2429; x_wconf 88' lang='lat' dir='ltr'><strong>pars</strong></span> <span class='ocrx_word' id='word_1_199' title='bbox 471 2337 603 2408; x_wconf 88' lang='lat' dir='ltr'><strong>Psalmi</strong></span> <span class='ocrx_word' id='word_1_200' title='bbox 626 2338 817 2428; x_wconf 81' lang='lat' dir='ltr'><strong>gratiarum</strong></span> <span class='ocrx_word' id='word_1_201' title='bbox 839 2335 931 2407; x_wconf 89' lang='lat' dir='ltr'><strong>actio</strong></span> <span class='ocrx_word' id='word_1_202' title='bbox 950 2349 1017 2422; x_wconf 88' lang='lat' dir='ltr'><strong>est,</strong></span> <span class='ocrx_word' id='word_1_203' title='bbox 1042 2360 1110 2430; x_wconf 89' lang='lat' dir='ltr'><strong>qua</strong></span> <span class='ocrx_word' id='word_1_204' title='bbox 1163 2360 1237 2405; x_wconf 94' lang='lat' dir='ltr'><strong>non</strong></span> <span class='ocrx_word' id='word_1_205' title='bbox 1251 2359 1352 2421; x_wconf 90' lang='lat' dir='ltr'><strong>casu,</strong></span> <span class='ocrx_word' id='word_1_206' title='bbox 1377 2361 1452 2406; x_wconf 91' lang='lat' dir='ltr'><strong>non</strong></span> <span class='ocrx_word' id='word_1_207' title='bbox 1466 2351 1602 2409; x_wconf 86' lang='lat' dir='ltr'><strong>tantum</strong></span> <span class='ocrx_word' id='word_1_208' title='bbox 1619 2334 1774 2408; x_wconf 87' lang='lat' dir='ltr'><strong>humana</strong></span> <span class='ocrx_word' id='word_1_209' title='bbox 1791 2341 1987 2432; x_wconf 85' lang='lat' dir='ltr'><strong>sapientia,</strong></span> <span class='ocrx_word' id='word_1_210' title='bbox 2008 2357 2051 2413; x_wconf 91' lang='lat' dir='ltr'><strong>ut</strong></span> <span class='ocrx_word' id='word_1_211' title='bbox 2064 2336 2134 2433; x_wconf 89' lang='lat' dir='ltr'><strong>pbi-</strong></span> 
     </span>
     <span class='ocr_line' id='line_1_21' title="bbox 129 2433 2133 2531; baseline 0.002 -24"><span class='ocrx_word' id='word_1_212' title='bbox 129 2439 259 2509; x_wconf 86' lang='lat' dir='ltr'><strong>latetur</strong></span> <span class='ocrx_word' id='word_1_213' title='bbox 280 2460 398 2528; x_wconf 89' lang='lat' dir='ltr'><strong>regem</strong></span> <span class='ocrx_word' id='word_1_214' title='bbox 420 2440 580 2508; x_wconf 91' lang='lat' dir='ltr'><strong>adiutum</strong></span> <span class='ocrx_word' id='word_1_215' title='bbox 605 2461 697 2524; x_wconf 88' lang='lat' dir='ltr'><strong>esse,</strong></span> <span class='ocrx_word' id='word_1_216' title='bbox 723 2440 901 2508; x_wconf 84' lang='lat' dir='ltr'><strong>defensam</strong></span> <span class='ocrx_word' id='word_1_217' title='bbox 923 2460 996 2507; x_wconf 89' lang='lat' dir='ltr'><strong>esse</strong></span> <span class='ocrx_word' id='word_1_218' title='bbox 1018 2439 1109 2527; x_wconf 88' lang='lat' dir='ltr'><strong>poli·</strong></span> <span class='ocrx_word' id='word_1_219' title='bbox 1163 2433 1301 2528; x_wconf 90' lang='lat' dir='ltr'><strong>losopbi</strong></span> <span class='ocrx_word' id='word_1_220' title='bbox 1333 2452 1476 2530; x_wconf 82' lang='lat' dir='ltr'><strong>putant,</strong></span> <span class='ocrx_word' id='word_1_221' title='bbox 1508 2441 1717 2510; x_wconf 88' lang='lat' dir='ltr'><strong>constitutas</strong></span> <span class='ocrx_word' id='word_1_222' title='bbox 1744 2463 1818 2509; x_wconf 88' lang='lat' dir='ltr'><strong>esse</strong></span> <span class='ocrx_word' id='word_1_223' title='bbox 1844 2441 2006 2531; x_wconf 79' lang='lat' dir='ltr'><strong>politius,</strong></span> <span class='ocrx_word' id='word_1_224' title='bbox 2034 2445 2094 2512; x_wconf 91' lang='lat' dir='ltr'><strong>sed</strong></span> <span class='ocrx_word' id='word_1_225' title='bbox 2116 2466 2133 2512; x_wconf 87' lang='lat' dir='ltr'><strong>s</strong></span> 
     </span>
     <span class='ocr_line' id='line_1_22' title="bbox 129 2534 2133 2636; baseline 0.002 -27"><span class='ocrx_word' id='word_1_226' title='bbox 129 2541 236 2622; x_wconf 90' lang='lat' dir='ltr'><strong>tiam,</strong></span> <span class='ocrx_word' id='word_1_227' title='bbox 261 2563 351 2633; x_wconf 90' lang='lat' dir='ltr'><strong>quae</strong></span> <span class='ocrx_word' id='word_1_228' title='bbox 366 2536 542 2608; x_wconf 85' lang='lat' dir='ltr'><strong>Ecclesiae</strong></span> <span class='ocrx_word' id='word_1_229' title='bbox 564 2551 598 2608; x_wconf 90' lang='lat' dir='ltr'><strong>et</strong></span> <span class='ocrx_word' id='word_1_230' title='bbox 614 2538 692 2630; x_wconf 86' lang='lat' dir='ltr'><strong>piae</strong></span> <span class='ocrx_word' id='word_1_231' title='bbox 709 2538 890 2609; x_wconf 89' lang='lat' dir='ltr'><strong>doctrinae</strong></span> <span class='ocrx_word' id='word_1_232' title='bbox 905 2539 1029 2608; x_wconf 89' lang='lat' dir='ltr'><strong>studiis</strong></span> <span class='ocrx_word' id='word_1_233' title='bbox 1044 2534 1110 2608; x_wconf 91' lang='lat' dir='ltr'><strong>ho·</strong></span> <span class='ocrx_word' id='word_1_234' title='bbox 1161 2537 1237 2608; x_wconf 89' lang='lat' dir='ltr'><strong>Deo</strong></span> <span class='ocrx_word' id='word_1_235' title='bbox 1251 2553 1385 2610; x_wconf 90' lang='lat' dir='ltr'><strong>mentes</strong></span> <span class='ocrx_word' id='word_1_236' title='bbox 1398 2564 1518 2636; x_wconf 79' lang='lat' dir='ltr'><strong>regum</strong></span> <span class='ocrx_word' id='word_1_237' title='bbox 1533 2555 1566 2612; x_wconf 89' lang='lat' dir='ltr'><strong>et</strong></span> <span class='ocrx_word' id='word_1_238' title='bbox 1579 2541 1781 2632; x_wconf 87' lang='lat' dir='ltr'><strong>principum</strong></span> <span class='ocrx_word' id='word_1_239' title='bbox 1797 2542 1984 2613; x_wconf 84' lang='lat' dir='ltr'><strong>extrscitari</strong></span> <span class='ocrx_word' id='word_1_240' title='bbox 2000 2545 2046 2613; x_wconf 85' lang='lat' dir='ltr'><strong>ad</strong></span> <span class='ocrx_word' id='word_1_241' title='bbox 2058 2568 2133 2613; x_wconf 89' lang='lat' dir='ltr'><strong>con·</strong></span> 
     </span>
     <span class='ocr_line' id='line_1_23' title="bbox 129 2635 2130 2734; baseline 0.001 -26"><span class='ocrx_word' id='word_1_242' title='bbox 129 2639 275 2730; x_wconf 88' lang='lat' dir='ltr'><strong>spitium</strong></span> <span class='ocrx_word' id='word_1_243' title='bbox 296 2641 451 2730; x_wconf 87' lang='lat' dir='ltr'><strong>praebet.</strong></span> <span class='ocrx_word' id='word_1_244' title='bbox 501 2635 550 2712; x_wconf 83' lang='lat' dir='ltr'><strong>Et</strong></span> <span class='ocrx_word' id='word_1_245' title='bbox 570 2640 731 2711; x_wconf 90' lang='lat' dir='ltr'><strong>doctrina</strong></span> <span class='ocrx_word' id='word_1_246' title='bbox 752 2639 939 2711; x_wconf 87' lang='lat' dir='ltr'><strong>utilissima</strong></span> <span class='ocrx_word' id='word_1_247' title='bbox 955 2639 1109 2710; x_wconf 84' lang='lat' dir='ltr'><strong>admixta</strong></span> <span class='ocrx_word' id='word_1_248' title='bbox 1162 2637 1603 2731; x_wconf 87' lang='lat' dir='ltr'><strong>stitucndasRespublicas</strong></span> <span class='ocrx_word' id='word_1_249' title='bbox 1621 2656 1656 2714; x_wconf 90' lang='lat' dir='ltr'><strong>et</strong></span> <span class='ocrx_word' id='word_1_250' title='bbox 1677 2641 1791 2711; x_wconf 90' lang='lat' dir='ltr'><strong>iuvari</strong></span> <span class='ocrx_word' id='word_1_251' title='bbox 1815 2643 1852 2709; x_wconf 93' lang='lat' dir='ltr'><strong>in</strong></span> <span class='ocrx_word' id='word_1_252' title='bbox 1875 2665 1999 2712; x_wconf 86' lang='lat' dir='ltr'><strong>earum</strong></span> <span class='ocrx_word' id='word_1_253' title='bbox 2015 2644 2130 2734; x_wconf 85' lang='lat' dir='ltr'><strong>gnber-</strong></span> 
     </span>
    </p>

    <p class='ocr_par' dir='ltr' id='par_1_6' title="bbox 4 2740 2140 3332">
     <span class='ocr_line' id='line_1_24' title="bbox 4 2740 2130 2837; baseline 0.001 -28"><span class='ocrx_word' id='word_1_254' title='bbox 4 2821 6 2826; x_wconf 13' lang='lat'>*</span> <span class='ocrx_word' id='word_1_255' title='bbox 57 2818 60 2823; x_wconf 48' lang='grc'><strong><em>,</em></strong></span> <span class='ocrx_word' id='word_1_256' title='bbox 130 2754 199 2825; x_wconf 90' lang='lat' dir='ltr'><strong>est,</strong></span> <span class='ocrx_word' id='word_1_257' title='bbox 233 2753 353 2811; x_wconf 84' lang='lat' dir='ltr'><strong>taxans</strong></span> <span class='ocrx_word' id='word_1_258' title='bbox 381 2741 545 2811; x_wconf 87' lang='lat' dir='ltr'><strong>fiduciam</strong></span> <span class='ocrx_word' id='word_1_259' title='bbox 569 2741 642 2825; x_wconf 90' lang='lat' dir='ltr'><strong>sui,</strong></span> <span class='ocrx_word' id='word_1_260' title='bbox 673 2755 708 2811; x_wconf 90' lang='lat' dir='ltr'><strong>et</strong></span> <span class='ocrx_word' id='word_1_261' title='bbox 729 2741 893 2835; x_wconf 78' lang='lat' dir='ltr'><strong>nequiens</strong></span> <span class='ocrx_word' id='word_1_262' title='bbox 914 2740 1109 2810; x_wconf 86' lang='lat' dir='ltr'><strong>invocatio-</strong></span> <span class='ocrx_word' id='word_1_263' title='bbox 1160 2741 1305 2824; x_wconf 85' lang='lat' dir='ltr'><strong>natione</strong></span> <span class='ocrx_word' id='word_1_264' title='bbox 1341 2754 1376 2811; x_wconf 88' lang='lat' dir='ltr'><strong>et</strong></span> <span class='ocrx_word' id='word_1_265' title='bbox 1406 2742 1630 2824; x_wconf 76' lang='lat' dir='ltr'><strong>defensione,</strong></span> <span class='ocrx_word' id='word_1_266' title='bbox 1671 2743 1761 2814; x_wconf 89' lang='lat' dir='ltr'><strong>sicut</strong></span> <span class='ocrx_word' id='word_1_267' title='bbox 1791 2755 1826 2813; x_wconf 89' lang='lat' dir='ltr'><strong>et</strong></span> <span class='ocrx_word' id='word_1_268' title='bbox 1854 2740 1987 2813; x_wconf 85' lang='lat' dir='ltr'><strong>Daniel</strong></span> <span class='ocrx_word' id='word_1_269' title='bbox 2015 2744 2130 2837; x_wconf 85' lang='lat' dir='ltr'><strong>inquit,</strong></span> 
     </span>
     <span class='ocr_line' id='line_1_25' title="bbox 128 2838 2128 2934; baseline 0.002 -24"><span class='ocrx_word' id='word_1_270' title='bbox 128 2865 211 2910; x_wconf 90' lang='lat' dir='ltr'><strong>nem</strong></span> <span class='ocrx_word' id='word_1_271' title='bbox 225 2838 304 2912; x_wconf 85' lang='lat' dir='ltr'><strong>Dei.</strong></span> <span class='ocrx_word' id='word_1_272' title='bbox 356 2839 457 2912; x_wconf 89' lang='lat' dir='ltr'><strong>Sicut</strong></span> <span class='ocrx_word' id='word_1_273' title='bbox 477 2866 577 2934; x_wconf 90' lang='lat' dir='ltr'><strong>saepe</strong></span> <span class='ocrx_word' id='word_1_274' title='bbox 598 2842 684 2913; x_wconf 89' lang='lat' dir='ltr'><strong>alibi</strong></span> <span class='ocrx_word' id='word_1_275' title='bbox 702 2846 896 2913; x_wconf 89' lang='lat' dir='ltr'><strong>detestatur</strong></span> <span class='ocrx_word' id='word_1_276' title='bbox 908 2839 1003 2912; x_wconf 86' lang='lat' dir='ltr'><strong>Deus</strong></span> <span class='ocrx_word' id='word_1_277' title='bbox 1017 2842 1108 2912; x_wconf 89' lang='lat' dir='ltr'><strong>fidu·</strong></span> <span class='ocrx_word' id='word_1_278' title='bbox 1160 2843 1271 2932; x_wconf 89' lang='lat' dir='ltr'><strong>capite</strong></span> <span class='ocrx_word' id='word_1_279' title='bbox 1285 2843 1456 2913; x_wconf 89' lang='lat' dir='ltr'><strong>secundo:</strong></span> <span class='ocrx_word' id='word_1_280' title='bbox 1481 2840 1579 2913; x_wconf 90' lang='lat' dir='ltr'><strong>Deus</strong></span> <span class='ocrx_word' id='word_1_281' title='bbox 1595 2849 1757 2916; x_wconf 79' lang='lat' dir='ltr'><strong>transfert</strong></span> <span class='ocrx_word' id='word_1_282' title='bbox 1771 2866 1878 2933; x_wconf 87' lang='lat' dir='ltr'><strong>regna</strong></span> <span class='ocrx_word' id='word_1_283' title='bbox 1895 2857 1930 2914; x_wconf 87' lang='lat' dir='ltr'><strong>et</strong></span> <span class='ocrx_word' id='word_1_284' title='bbox 1945 2843 2128 2918; x_wconf 88' lang='lat' dir='ltr'><strong>constituit.</strong></span> 
     </span>
     <span class='ocr_line' id='line_1_26' title="bbox 128 2936 2126 3036; baseline -0.001 -23"><span class='ocrx_word' id='word_1_285' title='bbox 128 2942 217 3013; x_wconf 88' lang='lat' dir='ltr'><strong>ciam</strong></span> <span class='ocrx_word' id='word_1_286' title='bbox 233 2936 409 3012; x_wconf 87' lang='lat' dir='ltr'><strong>humanae</strong></span> <span class='ocrx_word' id='word_1_287' title='bbox 425 2944 620 3036; x_wconf 88' lang='lat' dir='ltr'><strong>potentiae,</strong></span> <span class='ocrx_word' id='word_1_288' title='bbox 645 2958 685 3016; x_wconf 91' lang='lat' dir='ltr'><strong>ut</strong></span> <span class='ocrx_word' id='word_1_289' title='bbox 700 2943 829 3013; x_wconf 89' lang='lat' dir='ltr'><strong>Psalm.</strong></span> <span class='ocrx_word' id='word_1_290' title='bbox 843 2943 918 3013; x_wconf 72' lang='lat' dir='ltr'><strong>sn:</strong></span> <span class='ocrx_word' id='word_1_291' title='bbox 943 2939 1025 3013; x_wconf 90' lang='lat' dir='ltr'><strong>Non</strong></span> <span class='ocrx_word' id='word_1_292' title='bbox 1040 2944 1108 3014; x_wconf 86' lang='lat' dir='ltr'><strong>sal·</strong></span> <span class='ocrx_word' id='word_1_293' title='bbox 1159 2941 1236 3012; x_wconf 87' lang='lat' dir='ltr'><strong>Hac</strong></span> <span class='ocrx_word' id='word_1_294' title='bbox 1259 2945 1431 3015; x_wconf 88' lang='lat' dir='ltr'><strong>sententia</strong></span> <span class='ocrx_word' id='word_1_295' title='bbox 1453 2968 1591 3014; x_wconf 86' lang='lat' dir='ltr'><strong>neeesse</strong></span> <span class='ocrx_word' id='word_1_296' title='bbox 1613 2960 1663 3017; x_wconf 89' lang='lat' dir='ltr'><strong>est</strong></span> <span class='ocrx_word' id='word_1_297' title='bbox 1687 2942 1890 3014; x_wconf 85' lang='lat' dir='ltr'><strong>confirmari</strong></span> <span class='ocrx_word' id='word_1_298' title='bbox 1914 2956 2067 3025; x_wconf 84' lang='lat' dir='ltr'><strong>mentes,</strong></span> <span class='ocrx_word' id='word_1_299' title='bbox 2093 2956 2126 3013; x_wconf 90' lang='lat' dir='ltr'><strong>ut</strong></span> 
     </span>
     <span class='ocr_line' id='line_1_27' title="bbox 128 3043 2140 3137; baseline 0.001 -24"><span class='ocrx_word' id='word_1_300' title='bbox 128 3057 231 3115; x_wconf 88' lang='lat' dir='ltr'><strong>vatur</strong></span> <span class='ocrx_word' id='word_1_301' title='bbox 252 3066 313 3113; x_wconf 88' lang='lat' dir='ltr'><strong>rex</strong></span> <span class='ocrx_word' id='word_1_302' title='bbox 335 3067 399 3134; x_wconf 80' lang='lat' dir='ltr'><strong>per</strong></span> <span class='ocrx_word' id='word_1_303' title='bbox 419 3069 566 3136; x_wconf 87' lang='lat' dir='ltr'><strong>magnos</strong></span> <span class='ocrx_word' id='word_1_304' title='bbox 590 3046 773 3116; x_wconf 84' lang='lat' dir='ltr'><strong>exercitus:</strong></span> <span class='ocrx_word' id='word_1_305' title='bbox 801 3043 922 3115; x_wconf 80' lang='lat' dir='ltr'><strong>Fallax</strong></span> <span class='ocrx_word' id='word_1_306' title='bbox 937 3069 1047 3137; x_wconf 88' lang='lat' dir='ltr'><strong>equus</strong></span> <span class='ocrx_word' id='word_1_307' title='bbox 1063 3046 1106 3114; x_wconf 89' lang='lat' dir='ltr'><strong>ad</strong></span> <span class='ocrx_word' id='word_1_308' title='bbox 1160 3059 1279 3134; x_wconf 88' lang='lat' dir='ltr'><strong>petant</strong></span> <span class='ocrx_word' id='word_1_309' title='bbox 1298 3043 1408 3115; x_wconf 88' lang='lat' dir='ltr'><strong>aDeo</strong></span> <span class='ocrx_word' id='word_1_310' title='bbox 1433 3046 1602 3116; x_wconf 84' lang='lat' dir='ltr'><strong>auxilinm</strong></span> <span class='ocrx_word' id='word_1_311' title='bbox 1619 3047 1658 3114; x_wconf 92' lang='lat' dir='ltr'><strong>in</strong></span> <span class='ocrx_word' id='word_1_312' title='bbox 1673 3045 1841 3115; x_wconf 89' lang='lat' dir='ltr'><strong>omnibus</strong></span> <span class='ocrx_word' id='word_1_313' title='bbox 1856 3046 2015 3133; x_wconf 88' lang='lat' dir='ltr'><strong>negociis</strong></span> <span class='ocrx_word' id='word_1_314' title='bbox 2029 3059 2064 3117; x_wconf 87' lang='lat' dir='ltr'><strong>ct</strong></span> <span class='ocrx_word' id='word_1_315' title='bbox 2077 3067 2140 3136; x_wconf 54' lang='lat' dir='ltr'><strong>pes</strong></span> 
     </span>
     <span class='ocr_line' id='line_1_28' title="bbox 127 3141 2126 3236; baseline 0 -21"><span class='ocrx_word' id='word_1_316' title='bbox 127 3145 287 3221; x_wconf 86' lang='lat' dir='ltr'><strong>salutem.</strong></span> <span class='ocrx_word' id='word_1_317' title='bbox 337 3142 385 3216; x_wconf 85' lang='lat' dir='ltr'><strong>Et</strong></span> <span class='ocrx_word' id='word_1_318' title='bbox 407 3145 536 3220; x_wconf 90' lang='lat' dir='ltr'><strong>Psalm.</strong></span> <span class='ocrx_word' id='word_1_319' title='bbox 559 3146 610 3221; x_wconf 85' lang='lat'><strong>6.:</strong></span> <span class='ocrx_word' id='word_1_320' title='bbox 639 3146 720 3217; x_wconf 86' lang='lat' dir='ltr'><strong>Non</strong></span> <span class='ocrx_word' id='word_1_321' title='bbox 742 3145 929 3235; x_wconf 90' lang='lat' dir='ltr'><strong>egredieris</strong></span> <span class='ocrx_word' id='word_1_322' title='bbox 952 3145 1045 3215; x_wconf 89' lang='lat' dir='ltr'><strong>Deus</strong></span> <span class='ocrx_word' id='word_1_323' title='bbox 1069 3146 1107 3213; x_wconf 94' lang='lat' dir='ltr'><strong>in</strong></span> <span class='ocrx_word' id='word_1_324' title='bbox 1159 3146 1280 3215; x_wconf 90' lang='lat' dir='ltr'><strong>riculis</strong></span> <span class='ocrx_word' id='word_1_325' title='bbox 1295 3145 1571 3236; x_wconf 88' lang='lat' dir='ltr'><strong>gubernationis,</strong></span> <span class='ocrx_word' id='word_1_326' title='bbox 1595 3171 1661 3218; x_wconf 88' lang='lat' dir='ltr'><strong>nec</strong></span> <span class='ocrx_word' id='word_1_327' title='bbox 1677 3160 1813 3216; x_wconf 87' lang='lat' dir='ltr'><strong>tanturn</strong></span> <span class='ocrx_word' id='word_1_328' title='bbox 1829 3146 2055 3216; x_wconf 88' lang='lat' dir='ltr'><strong>considerent</strong></span> <span class='ocrx_word' id='word_1_329' title='bbox 2068 3141 2126 3215; x_wconf 87' lang='lat' dir='ltr'><strong>hu·</strong></span> 
     </span>
     <span class='ocr_line' id='line_1_29' title="bbox 126 3243 2126 3332; baseline -0.001 -17"><span class='ocrx_word' id='word_1_330' title='bbox 126 3247 317 3317; x_wconf 84' lang='lat' dir='ltr'><strong>virtutibus</strong></span> <span class='ocrx_word' id='word_1_331' title='bbox 338 3249 486 3332; x_wconf 91' lang='lat' dir='ltr'><strong>nostris,</strong></span> <span class='ocrx_word' id='word_1_332' title='bbox 509 3251 568 3319; x_wconf 91' lang='lat' dir='ltr'><strong>Da</strong></span> <span class='ocrx_word' id='word_1_333' title='bbox 590 3248 694 3317; x_wconf 90' lang='lat' dir='ltr'><strong>nobis</strong></span> <span class='ocrx_word' id='word_1_334' title='bbox 711 3248 882 3317; x_wconf 80' lang='lat' dir='ltr'><strong>auxilium</strong></span> <span class='ocrx_word' id='word_1_335' title='bbox 896 3249 940 3314; x_wconf 90' lang='lat' dir='ltr'><strong>de</strong></span> <span class='ocrx_word' id='word_1_336' title='bbox 956 3246 1106 3316; x_wconf 90' lang='lat' dir='ltr'><strong>tribula·</strong></span> <span class='ocrx_word' id='word_1_337' title='bbox 1159 3268 1280 3315; x_wconf 89' lang='lat' dir='ltr'><strong>manas</strong></span> <span class='ocrx_word' id='word_1_338' title='bbox 1303 3249 1413 3332; x_wconf 88' lang='lat' dir='ltr'><strong>vires,</strong></span> <span class='ocrx_word' id='word_1_339' title='bbox 1437 3248 1526 3317; x_wconf 89' lang='lat' dir='ltr'><strong>sicut</strong></span> <span class='ocrx_word' id='word_1_340' title='bbox 1542 3248 1632 3317; x_wconf 84' lang='lat' dir='ltr'><strong>Aiax</strong></span> <span class='ocrx_word' id='word_1_341' title='bbox 1654 3248 1808 3317; x_wconf 88' lang='lat' dir='ltr'><strong>dicebat:</strong></span> <span class='ocrx_word' id='word_1_342' title='bbox 1835 3243 1928 3316; x_wconf 81' lang='lat' dir='ltr'><strong>Aliis</strong></span> <span class='ocrx_word' id='word_1_343' title='bbox 1951 3246 2126 3316; x_wconf 87' lang='lat' dir='ltr'><strong>imbecilli·</strong></span> 
     </span>
    </p>

    <p class='ocr_par' dir='ltr' id='par_1_7' title="bbox 45 3345 2166 4959">
     <span class='ocr_line' id='line_1_30' title="bbox 78 3345 2126 3439; baseline -0 -22"><span class='ocrx_word' id='word_1_344' title='bbox 78 3435 84 3439; x_wconf 77' lang='lat'><strong>.</strong></span> <span class='ocrx_word' id='word_1_345' title='bbox 126 3349 241 3433; x_wconf 90' lang='lat' dir='ltr'><strong>tione,</strong></span> <span class='ocrx_word' id='word_1_346' title='bbox 275 3372 365 3417; x_wconf 89' lang='lat' dir='ltr'><strong>vana</strong></span> <span class='ocrx_word' id='word_1_347' title='bbox 386 3349 479 3417; x_wconf 87' lang='lat' dir='ltr'><strong>salus</strong></span> <span class='ocrx_word' id='word_1_348' title='bbox 502 3345 668 3417; x_wconf 87' lang='lat' dir='ltr'><strong>hominis.</strong></span> <span class='ocrx_word' id='word_1_349' title='bbox 723 3348 772 3417; x_wconf 90' lang='lat' dir='ltr'><strong>lta</strong></span> <span class='ocrx_word' id='word_1_350' title='bbox 796 3345 853 3418; x_wconf 78' lang='lat' dir='ltr'><strong>liic</strong></span> <span class='ocrx_word' id='word_1_351' title='bbox 879 3346 1012 3438; x_wconf 88' lang='lat' dir='ltr'><strong>inquit:</strong></span> <span class='ocrx_word' id='word_1_352' title='bbox 1049 3345 1105 3415; x_wconf 93' lang='lat' dir='ltr'><strong>llli</strong></span> <span class='ocrx_word' id='word_1_353' title='bbox 1158 3347 1224 3417; x_wconf 89' lang='lat' dir='ltr'><strong>bus</strong></span> <span class='ocrx_word' id='word_1_354' title='bbox 1245 3371 1332 3438; x_wconf 89' lang='lat' dir='ltr'><strong>opus</strong></span> <span class='ocrx_word' id='word_1_355' title='bbox 1355 3371 1429 3419; x_wconf 89' lang='lat' dir='ltr'><strong>esse</strong></span> <span class='ocrx_word' id='word_1_356' title='bbox 1450 3349 1582 3419; x_wconf 85' lang='lat' dir='ltr'><strong>auxilio</strong></span> <span class='ocrx_word' id='word_1_357' title='bbox 1600 3346 1686 3432; x_wconf 84' lang='lat' dir='ltr'><strong>Dei,</strong></span> <span class='ocrx_word' id='word_1_358' title='bbox 1711 3373 1748 3417; x_wconf 90' lang='lat' dir='ltr'><strong>se</strong></span> <span class='ocrx_word' id='word_1_359' title='bbox 1764 3349 1819 3416; x_wconf 89' lang='lat' dir='ltr'><strong>vel</strong></span> <span class='ocrx_word' id='word_1_360' title='bbox 1832 3349 1910 3416; x_wconf 90' lang='lat' dir='ltr'><strong>sine</strong></span> <span class='ocrx_word' id='word_1_361' title='bbox 1925 3347 1991 3416; x_wconf 92' lang='lat' dir='ltr'><strong>illo</strong></span> <span class='ocrx_word' id='word_1_362' title='bbox 2007 3347 2126 3439; x_wconf 85' lang='lat' dir='ltr'><strong>potitu-</strong></span> 
     </span>
     <span class='ocr_line' id='line_1_31' title="bbox 48 3446 2125 3543; baseline 0.001 -28"><span class='ocrx_word' id='word_1_363' title='bbox 48 3495 51 3499; x_wconf 89' lang='lat'><em>-</em></span> <span class='ocrx_word' id='word_1_364' title='bbox 125 3449 166 3516; x_wconf 94' lang='lat' dir='ltr'><strong>in</strong></span> <span class='ocrx_word' id='word_1_365' title='bbox 180 3471 287 3518; x_wconf 90' lang='lat' dir='ltr'><strong>curru</strong></span> <span class='ocrx_word' id='word_1_366' title='bbox 302 3463 334 3517; x_wconf 93' lang='lat' dir='ltr'><strong>et</strong></span> <span class='ocrx_word' id='word_1_367' title='bbox 351 3448 389 3515; x_wconf 91' lang='lat' dir='ltr'><strong>in</strong></span> <span class='ocrx_word' id='word_1_368' title='bbox 404 3452 514 3540; x_wconf 88' lang='lat' dir='ltr'><strong>equis.</strong></span> <span class='ocrx_word' id='word_1_369' title='bbox 566 3446 637 3542; x_wconf 90' lang='lat' dir='ltr'><strong>Ipsi</strong></span> <span class='ocrx_word' id='word_1_370' title='bbox 654 3450 827 3532; x_wconf 68' lang='lat' dir='ltr'><strong>incurvati</strong></span> <span class='ocrx_word' id='word_1_371' title='bbox 843 3463 945 3532; x_wconf 91' lang='lat' dir='ltr'><strong>sunt,</strong></span> <span class='ocrx_word' id='word_1_372' title='bbox 971 3463 1005 3517; x_wconf 92' lang='lat' dir='ltr'><strong>et</strong></span> <span class='ocrx_word' id='word_1_373' title='bbox 1017 3449 1106 3516; x_wconf 89' lang='lat' dir='ltr'><strong>ceci·</strong></span> <span class='ocrx_word' id='word_1_374' title='bbox 1158 3450 1425 3525; x_wconf 83' lang='lat' dir='ltr'><strong>cumvictoriis.</strong></span> <span class='ocrx_word' id='word_1_375' title='bbox 1482 3447 1695 3543; x_wconf 88' lang='lat' dir='ltr'><strong>Quanquam</strong></span> <span class='ocrx_word' id='word_1_376' title='bbox 1712 3462 1827 3518; x_wconf 83' lang='lat' dir='ltr'><strong>autem</strong></span> <span class='ocrx_word' id='word_1_377' title='bbox 1842 3453 1972 3539; x_wconf 74' lang='lat' dir='ltr'><strong>politae</strong></span> <span class='ocrx_word' id='word_1_378' title='bbox 1984 3471 2058 3518; x_wconf 91' lang='lat' dir='ltr'><strong>non</strong></span> <span class='ocrx_word' id='word_1_379' title='bbox 2069 3471 2125 3516; x_wconf 89' lang='lat' dir='ltr'><strong>no·</strong></span> 
     </span>
     <span class='ocr_line' id='line_1_32' title="bbox 124 3547 2125 3643; baseline -0.001 -22"><span class='ocrx_word' id='word_1_380' title='bbox 124 3553 274 3634; x_wconf 89' lang='lat' dir='ltr'><strong>derunt,</strong></span> <span class='ocrx_word' id='word_1_381' title='bbox 305 3563 369 3619; x_wconf 90' lang='lat' dir='ltr'><strong>etc.</strong></span> <span class='ocrx_word' id='word_1_382' title='bbox 435 3547 593 3619; x_wconf 86' lang='lat' dir='ltr'><strong>Econtra</strong></span> <span class='ocrx_word' id='word_1_383' title='bbox 621 3551 773 3641; x_wconf 90' lang='lat' dir='ltr'><strong>postulat</strong></span> <span class='ocrx_word' id='word_1_384' title='bbox 802 3547 914 3634; x_wconf 90' lang='lat' dir='ltr'><strong>Dens,</strong></span> <span class='ocrx_word' id='word_1_385' title='bbox 954 3562 995 3619; x_wconf 89' lang='lat' dir='ltr'><strong>ut</strong></span> <span class='ocrx_word' id='word_1_386' title='bbox 1024 3572 1106 3619; x_wconf 90' lang='lat' dir='ltr'><strong>vere</strong></span> <span class='ocrx_word' id='word_1_387' title='bbox 1157 3563 1238 3620; x_wconf 90' lang='lat' dir='ltr'><strong>rant</strong></span> <span class='ocrx_word' id='word_1_388' title='bbox 1259 3551 1478 3636; x_wconf 82' lang='lat' dir='ltr'><strong>testimonia,</strong></span> <span class='ocrx_word' id='word_1_389' title='bbox 1500 3574 1590 3643; x_wconf 84' lang='lat' dir='ltr'><strong>qtrae</strong></span> <span class='ocrx_word' id='word_1_390' title='bbox 1604 3548 1700 3620; x_wconf 89' lang='lat' dir='ltr'><strong>Deus</strong></span> <span class='ocrx_word' id='word_1_391' title='bbox 1722 3551 1832 3620; x_wconf 88' lang='lat' dir='ltr'><strong>edidit</strong></span> <span class='ocrx_word' id='word_1_392' title='bbox 1849 3572 1910 3619; x_wconf 91' lang='lat' dir='ltr'><strong>sua</strong></span> <span class='ocrx_word' id='word_1_393' title='bbox 1927 3563 2059 3620; x_wconf 85' lang='lat' dir='ltr'><strong>voceet</strong></span> <span class='ocrx_word' id='word_1_394' title='bbox 2071 3569 2125 3618; x_wconf 86' lang='lat' dir='ltr'><strong>sas</strong></span> 
     </span>
     <span class='ocr_line' id='line_1_33' title="bbox 45 3647 2131 3741; baseline 0 -22"><span class='ocrx_word' id='word_1_395' title='bbox 45 3721 48 3728; x_wconf 73' lang='grc'><strong>,</strong></span> <span class='ocrx_word' id='word_1_396' title='bbox 124 3662 281 3722; x_wconf 87' lang='lat' dir='ltr'><strong>statuant</strong></span> <span class='ocrx_word' id='word_1_397' title='bbox 301 3662 443 3719; x_wconf 89' lang='lat' dir='ltr'><strong>nostrae</strong></span> <span class='ocrx_word' id='word_1_398' title='bbox 467 3665 621 3734; x_wconf 89' lang='lat' dir='ltr'><strong>mentes,</strong></span> <span class='ocrx_word' id='word_1_399' title='bbox 652 3652 766 3721; x_wconf 82' lang='lat' dir='ltr'><strong>iuvari</strong></span> <span class='ocrx_word' id='word_1_400' title='bbox 792 3674 858 3720; x_wconf 93' lang='lat' dir='ltr'><strong>nos</strong></span> <span class='ocrx_word' id='word_1_401' title='bbox 879 3651 924 3719; x_wconf 87' lang='lat' dir='ltr'><strong>ab</strong></span> <span class='ocrx_word' id='word_1_402' title='bbox 947 3650 1042 3741; x_wconf 89' lang='lat' dir='ltr'><strong>ipso,</strong></span> <span class='ocrx_word' id='word_1_403' title='bbox 1071 3663 1106 3720; x_wconf 90' lang='lat' dir='ltr'><strong>et</strong></span> <span class='ocrx_word' id='word_1_404' title='bbox 1157 3650 1265 3720; x_wconf 89' lang='lat' dir='ltr'><strong>verbo</strong></span> <span class='ocrx_word' id='word_1_405' title='bbox 1294 3654 1338 3720; x_wconf 93' lang='lat' dir='ltr'><strong>de</strong></span> <span class='ocrx_word' id='word_1_406' title='bbox 1366 3647 1434 3720; x_wconf 89' lang='lat' dir='ltr'><strong>boc</strong></span> <span class='ocrx_word' id='word_1_407' title='bbox 1461 3652 1612 3722; x_wconf 91' lang='lat' dir='ltr'><strong>articulo</strong></span> <span class='ocrx_word' id='word_1_408' title='bbox 1634 3665 1670 3723; x_wconf 90' lang='lat' dir='ltr'><strong>et</strong></span> <span class='ocrx_word' id='word_1_409' title='bbox 1689 3652 1785 3734; x_wconf 88' lang='lat' dir='ltr'><strong>aliis,</strong></span> <span class='ocrx_word' id='word_1_410' title='bbox 1816 3664 1936 3720; x_wconf 90' lang='lat' dir='ltr'><strong>tamen</strong></span> <span class='ocrx_word' id='word_1_411' title='bbox 1960 3648 2131 3740; x_wconf 66' lang='lat' dir='ltr'><strong>magnitn</strong></span> 
     </span>
     <span class='ocr_line' id='line_1_34' title="bbox 125 3747 2124 3846; baseline -0.001 -25"><span class='ocrx_word' id='word_1_412' title='bbox 125 3775 206 3821; x_wconf 90' lang='lat' dir='ltr'><strong>eum</strong></span> <span class='ocrx_word' id='word_1_413' title='bbox 229 3751 414 3835; x_wconf 86' lang='lat' dir='ltr'><strong>invocent,</strong></span> <span class='ocrx_word' id='word_1_414' title='bbox 439 3752 529 3821; x_wconf 91' lang='lat' dir='ltr'><strong>sicut</strong></span> <span class='ocrx_word' id='word_1_415' title='bbox 551 3748 609 3821; x_wconf 89' lang='lat' dir='ltr'><strong>bic</strong></span> <span class='ocrx_word' id='word_1_416' title='bbox 631 3753 766 3846; x_wconf 87' lang='lat' dir='ltr'><strong>inquit:</strong></span> <span class='ocrx_word' id='word_1_417' title='bbox 791 3747 874 3825; x_wconf 88' lang='lat' dir='ltr'><strong>Nos</strong></span> <span class='ocrx_word' id='word_1_418' title='bbox 896 3758 1017 3820; x_wconf 84' lang='lat' dir='ltr'><strong>aulem</strong></span> <span class='ocrx_word' id='word_1_419' title='bbox 1040 3775 1105 3819; x_wconf 91' lang='lat' dir='ltr'><strong>no-</strong></span> <span class='ocrx_word' id='word_1_420' title='bbox 1157 3752 1241 3821; x_wconf 91' lang='lat' dir='ltr'><strong>dine</strong></span> <span class='ocrx_word' id='word_1_421' title='bbox 1270 3753 1508 3842; x_wconf 89' lang='lat' dir='ltr'><strong>periculorum</strong></span> <span class='ocrx_word' id='word_1_422' title='bbox 1537 3775 1626 3845; x_wconf 87' lang='lat' dir='ltr'><strong>quae</strong></span> <span class='ocrx_word' id='word_1_423' title='bbox 1649 3751 1940 3841; x_wconf 90' lang='lat' dir='ltr'><strong>gubernationem</strong></span> <span class='ocrx_word' id='word_1_424' title='bbox 1964 3750 2124 3821; x_wconf 83' lang='lat' dir='ltr'><strong>comitan-</strong></span> 
     </span>
     <span class='ocr_line' id='line_1_35' title="bbox 125 3847 2122 3942; baseline 0 -23"><span class='ocrx_word' id='word_1_425' title='bbox 125 3874 205 3922; x_wconf 85' lang='lat' dir='ltr'><strong>men</strong></span> <span class='ocrx_word' id='word_1_426' title='bbox 220 3848 384 3921; x_wconf 83' lang='lat' dir='ltr'><strong>Domini</strong></span> <span class='ocrx_word' id='word_1_427' title='bbox 399 3848 477 3921; x_wconf 82' lang='lat' dir='ltr'><strong>Dei</strong></span> <span class='ocrx_word' id='word_1_428' title='bbox 495 3851 615 3923; x_wconf 84' lang='lat' dir='ltr'><strong>nostri</strong></span> <span class='ocrx_word' id='word_1_429' title='bbox 630 3850 892 3926; x_wconf 83' lang='lat' dir='ltr'><strong>invocabimus.</strong></span> <span class='ocrx_word' id='word_1_430' title='bbox 945 3852 1104 3924; x_wconf 88' lang='lat' dir='ltr'><strong>Concur-</strong></span> <span class='ocrx_word' id='word_1_431' title='bbox 1156 3867 1232 3936; x_wconf 88' lang='lat' dir='ltr'><strong>tur,</strong></span> <span class='ocrx_word' id='word_1_432' title='bbox 1258 3854 1421 3923; x_wconf 86' lang='lat' dir='ltr'><strong>convinci</strong></span> <span class='ocrx_word' id='word_1_433' title='bbox 1441 3877 1479 3923; x_wconf 90' lang='lat' dir='ltr'><strong>se</strong></span> <span class='ocrx_word' id='word_1_434' title='bbox 1497 3853 1717 3942; x_wconf 86' lang='lat' dir='ltr'><strong>intelligunt,</strong></span> <span class='ocrx_word' id='word_1_435' title='bbox 1743 3865 1783 3922; x_wconf 91' lang='lat' dir='ltr'><strong>ut</strong></span> <span class='ocrx_word' id='word_1_436' title='bbox 1803 3862 1959 3921; x_wconf 87' lang='lat' dir='ltr'><strong>statuant</strong></span> <span class='ocrx_word' id='word_1_437' title='bbox 1977 3847 2122 3920; x_wconf 87' lang='lat' dir='ltr'><strong>sinellei</strong></span> 
     </span>
     <span class='ocr_line' id='line_1_36' title="bbox 124 3949 2124 4044; baseline -0.002 -22"><span class='ocrx_word' id='word_1_438' title='bbox 124 3967 205 4024; x_wconf 90' lang='lat' dir='ltr'><strong>rant</strong></span> <span class='ocrx_word' id='word_1_439' title='bbox 228 3949 331 4037; x_wconf 86' lang='lat' dir='ltr'><strong>haec,</strong></span> <span class='ocrx_word' id='word_1_440' title='bbox 357 3954 511 4022; x_wconf 82' lang='lat' dir='ltr'><strong>officium</strong></span> <span class='ocrx_word' id='word_1_441' title='bbox 535 3956 747 4034; x_wconf 90' lang='lat' dir='ltr'><strong>vocationis,</strong></span> <span class='ocrx_word' id='word_1_442' title='bbox 774 3971 808 4026; x_wconf 88' lang='lat' dir='ltr'><strong>et</strong></span> <span class='ocrx_word' id='word_1_443' title='bbox 827 3956 912 4023; x_wconf 89' lang='lat' dir='ltr'><strong>fides</strong></span> <span class='ocrx_word' id='word_1_444' title='bbox 934 3954 1104 4022; x_wconf 91' lang='lat' dir='ltr'><strong>invocans</strong></span> <span class='ocrx_word' id='word_1_445' title='bbox 1156 3953 1288 4023; x_wconf 82' lang='lat' dir='ltr'><strong>attxilio</strong></span> <span class='ocrx_word' id='word_1_446' title='bbox 1313 3978 1386 4023; x_wconf 92' lang='lat' dir='ltr'><strong>non</strong></span> <span class='ocrx_word' id='word_1_447' title='bbox 1410 3977 1509 4044; x_wconf 92' lang='lat' dir='ltr'><strong>posse</strong></span> <span class='ocrx_word' id='word_1_448' title='bbox 1529 3955 1625 4024; x_wconf 82' lang='lat' dir='ltr'><strong>vinci</strong></span> <span class='ocrx_word' id='word_1_449' title='bbox 1647 3967 1780 4024; x_wconf 85' lang='lat' dir='ltr'><strong>tantam</strong></span> <span class='ocrx_word' id='word_1_450' title='bbox 1805 3951 1934 4020; x_wconf 88' lang='lat' dir='ltr'><strong>molem</strong></span> <span class='ocrx_word' id='word_1_451' title='bbox 1958 3951 2124 4042; x_wconf 89' lang='lat' dir='ltr'><strong>periculo·</strong></span> 
     </span>
     <span class='ocr_line' id='line_1_37' title="bbox 124 4049 2123 4143; baseline -0.002 -19"><span class='ocrx_word' id='word_1_452' title='bbox 124 4051 251 4124; x_wconf 90' lang='lat' dir='ltr'><strong>Deum.</strong></span> <span class='ocrx_word' id='word_1_453' title='bbox 301 4054 417 4125; x_wconf 88' lang='lat' dir='ltr'><strong>David</strong></span> <span class='ocrx_word' id='word_1_454' title='bbox 443 4053 524 4124; x_wconf 87' lang='lat' dir='ltr'><strong>lacit</strong></span> <span class='ocrx_word' id='word_1_455' title='bbox 547 4056 700 4126; x_wconf 84' lang='lat' dir='ltr'><strong>officium</strong></span> <span class='ocrx_word' id='word_1_456' title='bbox 725 4056 937 4143; x_wconf 88' lang='lat' dir='ltr'><strong>vocationis,</strong></span> <span class='ocrx_word' id='word_1_457' title='bbox 962 4067 1104 4123; x_wconf 89' lang='lat' dir='ltr'><strong>contra·</strong></span> <span class='ocrx_word' id='word_1_458' title='bbox 1155 4078 1247 4127; x_wconf 89' lang='lat' dir='ltr'><strong>rum.</strong></span> <span class='ocrx_word' id='word_1_459' title='bbox 1298 4053 1369 4137; x_wconf 82' lang='lat' dir='ltr'><strong>sed</strong></span> <span class='ocrx_word' id='word_1_460' title='bbox 1385 4079 1451 4125; x_wconf 91' lang='lat' dir='ltr'><strong>nos</strong></span> <span class='ocrx_word' id='word_1_461' title='bbox 1466 4057 1570 4127; x_wconf 88' lang='lat' dir='ltr'><strong>toties</strong></span> <span class='ocrx_word' id='word_1_462' title='bbox 1585 4052 1851 4124; x_wconf 89' lang='lat' dir='ltr'><strong>commonefacti</strong></span> <span class='ocrx_word' id='word_1_463' title='bbox 1864 4049 2040 4137; x_wconf 86' lang='lat' dir='ltr'><strong>voceDei,</strong></span> <span class='ocrx_word' id='word_1_464' title='bbox 2058 4072 2123 4120; x_wconf 87' lang='lat' dir='ltr'><strong>crs-</strong></span> 
     </span>
     <span class='ocr_line' id='line_1_38' title="bbox 123 4150 2124 4249; baseline -0.002 -24"><span class='ocrx_word' id='word_1_465' title='bbox 123 4150 178 4226; x_wconf 82' lang='lat' dir='ltr'><strong>hit</strong></span> <span class='ocrx_word' id='word_1_466' title='bbox 207 4156 398 4227; x_wconf 78' lang='lat' dir='ltr'><strong>exercitum</strong></span> <span class='ocrx_word' id='word_1_467' title='bbox 429 4155 660 4245; x_wconf 89' lang='lat' dir='ltr'><strong>mediocrem,</strong></span> <span class='ocrx_word' id='word_1_468' title='bbox 701 4158 856 4240; x_wconf 90' lang='lat' dir='ltr'><strong>laborat,</strong></span> <span class='ocrx_word' id='word_1_469' title='bbox 895 4156 1103 4247; x_wconf 87' lang='lat' dir='ltr'><strong>praeliatur:</strong></span> <span class='ocrx_word' id='word_1_470' title='bbox 1153 4156 1278 4225; x_wconf 88' lang='lat' dir='ltr'><strong>damus</strong></span> <span class='ocrx_word' id='word_1_471' title='bbox 1300 4180 1389 4249; x_wconf 89' lang='lat' dir='ltr'><strong>opus</strong></span> <span class='ocrx_word' id='word_1_472' title='bbox 1412 4181 1485 4228; x_wconf 88' lang='lat' dir='ltr'><strong>esse</strong></span> <span class='ocrx_word' id='word_1_473' title='bbox 1509 4156 1701 4246; x_wconf 89' lang='lat' dir='ltr'><strong>pracsentia</strong></span> <span class='ocrx_word' id='word_1_474' title='bbox 1716 4152 1783 4225; x_wconf 89' lang='lat' dir='ltr'><strong>Dei</strong></span> <span class='ocrx_word' id='word_1_475' title='bbox 1805 4167 1838 4223; x_wconf 90' lang='lat' dir='ltr'><strong>et</strong></span> <span class='ocrx_word' id='word_1_476' title='bbox 1862 4176 1939 4239; x_wconf 88' lang='lat' dir='ltr'><strong>eam</strong></span> <span class='ocrx_word' id='word_1_477' title='bbox 1959 4166 2124 4243; x_wconf 83' lang='lat' dir='ltr'><strong>petamus.</strong></span> 
     </span>
     <span class='ocr_line' id='line_1_39' title="bbox 124 4249 2124 4346; baseline -0.003 -21"><span class='ocrx_word' id='word_1_478' title='bbox 124 4258 265 4328; x_wconf 87' lang='lat' dir='ltr'><strong>interim</strong></span> <span class='ocrx_word' id='word_1_479' title='bbox 297 4282 379 4327; x_wconf 89' lang='lat' dir='ltr'><strong>vero</strong></span> <span class='ocrx_word' id='word_1_480' title='bbox 410 4257 518 4327; x_wconf 90' lang='lat' dir='ltr'><strong>sentit</strong></span> <span class='ocrx_word' id='word_1_481' title='bbox 544 4258 692 4327; x_wconf 90' lang='lat' dir='ltr'><strong>consilia</strong></span> <span class='ocrx_word' id='word_1_482' title='bbox 724 4271 758 4328; x_wconf 90' lang='lat' dir='ltr'><strong>et</strong></span> <span class='ocrx_word' id='word_1_483' title='bbox 781 4259 919 4329; x_wconf 84' lang='lat' dir='ltr'><strong>dextras</strong></span> <span class='ocrx_word' id='word_1_484' title='bbox 943 4255 1101 4327; x_wconf 87' lang='lat' dir='ltr'><strong>iuvaria</strong></span> <span class='ocrx_word' id='word_1_485' title='bbox 1156 4253 1238 4327; x_wconf 90' lang='lat' dir='ltr'><strong>ldeo</strong></span> <span class='ocrx_word' id='word_1_486' title='bbox 1258 4257 1296 4326; x_wconf 92' lang='lat' dir='ltr'><strong>in</strong></span> <span class='ocrx_word' id='word_1_487' title='bbox 1314 4253 1381 4328; x_wconf 88' lang='lat' dir='ltr'><strong>hoc</strong></span> <span class='ocrx_word' id='word_1_488' title='bbox 1400 4256 1539 4328; x_wconf 86' lang='lat' dir='ltr'><strong>Psalmo</strong></span> <span class='ocrx_word' id='word_1_489' title='bbox 1557 4281 1630 4326; x_wconf 92' lang='lat' dir='ltr'><strong>non</strong></span> <span class='ocrx_word' id='word_1_490' title='bbox 1644 4258 1759 4327; x_wconf 92' lang='lat' dir='ltr'><strong>solum</strong></span> <span class='ocrx_word' id='word_1_491' title='bbox 1774 4254 1896 4325; x_wconf 89' lang='lat' dir='ltr'><strong>recitat</strong></span> <span class='ocrx_word' id='word_1_492' title='bbox 1910 4249 2029 4322; x_wconf 78' lang='lat' dir='ltr'><strong>David</strong></span> <span class='ocrx_word' id='word_1_493' title='bbox 2045 4251 2124 4346; x_wconf 84' lang='lat' dir='ltr'><strong>quid</strong></span> 
     </span>
     <span class='ocr_line' id='line_1_40' title="bbox 122 4353 2123 4450; baseline -0.003 -23"><span class='ocrx_word' id='word_1_494' title='bbox 122 4357 210 4441; x_wconf 88' lang='lat' dir='ltr'><strong>Deo.</strong></span> <span class='ocrx_word' id='word_1_495' title='bbox 271 4354 320 4429; x_wconf 88' lang='lat' dir='ltr'><strong>At</strong></span> <span class='ocrx_word' id='word_1_496' title='bbox 343 4359 475 4450; x_wconf 90' lang='lat' dir='ltr'><strong>impius</strong></span> <span class='ocrx_word' id='word_1_497' title='bbox 497 4383 558 4428; x_wconf 89' lang='lat' dir='ltr'><strong>rex</strong></span> <span class='ocrx_word' id='word_1_498' title='bbox 581 4353 707 4428; x_wconf 85' lang='lat' dir='ltr'><strong>Achab</strong></span> <span class='ocrx_word' id='word_1_499' title='bbox 729 4359 938 4428; x_wconf 72' lang='lat' dir='ltr'><strong>subsimilis</strong></span> <span class='ocrx_word' id='word_1_500' title='bbox 959 4371 1102 4427; x_wconf 89' lang='lat' dir='ltr'><strong>contra·</strong></span> <span class='ocrx_word' id='word_1_501' title='bbox 1152 4371 1232 4447; x_wconf 86' lang='lat' dir='ltr'><strong>agat</strong></span> <span class='ocrx_word' id='word_1_502' title='bbox 1252 4355 1366 4444; x_wconf 90' lang='lat' dir='ltr'><strong>Deus,</strong></span> <span class='ocrx_word' id='word_1_503' title='bbox 1391 4383 1456 4428; x_wconf 87' lang='lat' dir='ltr'><strong>nec</strong></span> <span class='ocrx_word' id='word_1_504' title='bbox 1480 4372 1616 4430; x_wconf 86' lang='lat' dir='ltr'><strong>tantum</strong></span> <span class='ocrx_word' id='word_1_505' title='bbox 1641 4360 1729 4449; x_wconf 90' lang='lat' dir='ltr'><strong>petit</strong></span> <span class='ocrx_word' id='word_1_506' title='bbox 1750 4355 1944 4439; x_wconf 83' lang='lat' dir='ltr'><strong>auxilium,</strong></span> <span class='ocrx_word' id='word_1_507' title='bbox 1970 4355 2033 4424; x_wconf 90' lang='lat' dir='ltr'><strong>sed</strong></span> <span class='ocrx_word' id='word_1_508' title='bbox 2054 4376 2123 4421; x_wconf 91' lang='lat' dir='ltr'><strong>mo·</strong></span> 
     </span>
     <span class='ocr_line' id='line_1_41' title="bbox 122 4450 2124 4554; baseline -0.001 -29"><span class='ocrx_word' id='word_1_509' title='bbox 122 4452 176 4529; x_wconf 91' lang='lat' dir='ltr'><strong>hit</strong></span> <span class='ocrx_word' id='word_1_510' title='bbox 197 4461 385 4531; x_wconf 81' lang='lat' dir='ltr'><strong>exercitum</strong></span> <span class='ocrx_word' id='word_1_511' title='bbox 408 4475 580 4554; x_wconf 88' lang='lat' dir='ltr'><strong>quantum</strong></span> <span class='ocrx_word' id='word_1_512' title='bbox 602 4474 732 4551; x_wconf 87' lang='lat' dir='ltr'><strong>potest,</strong></span> <span class='ocrx_word' id='word_1_513' title='bbox 758 4475 792 4532; x_wconf 88' lang='lat' dir='ltr'><strong>et</strong></span> <span class='ocrx_word' id='word_1_514' title='bbox 808 4460 961 4550; x_wconf 87' lang='lat' dir='ltr'><strong>laborat,</strong></span> <span class='ocrx_word' id='word_1_515' title='bbox 987 4454 1102 4529; x_wconf 80' lang='lat' dir='ltr'><strong>eth‘oe</strong></span> <span class='ocrx_word' id='word_1_516' title='bbox 1152 4472 1214 4530; x_wconf 90' lang='lat' dir='ltr'><strong>net</strong></span> <span class='ocrx_word' id='word_1_517' title='bbox 1235 4459 1340 4530; x_wconf 89' lang='lat' dir='ltr'><strong>etiam</strong></span> <span class='ocrx_word' id='word_1_518' title='bbox 1360 4461 1492 4550; x_wconf 88' lang='lat' dir='ltr'><strong>inipso</strong></span> <span class='ocrx_word' id='word_1_519' title='bbox 1507 4461 1741 4550; x_wconf 87' lang='lat' dir='ltr'><strong>gubernatore</strong></span> <span class='ocrx_word' id='word_1_520' title='bbox 1757 4452 1848 4526; x_wconf 79' lang='lat' dir='ltr'><strong>hatte</strong></span> <span class='ocrx_word' id='word_1_521' title='bbox 1863 4455 1969 4525; x_wconf 89' lang='lat' dir='ltr'><strong>fidem</strong></span> <span class='ocrx_word' id='word_1_522' title='bbox 1987 4450 2124 4525; x_wconf 82' lang='lat' dir='ltr'><strong>accendi</strong></span> 
     </span>
     <span class='ocr_line' id='line_1_42' title="bbox 123 4554 2156 4653; baseline -0.001 -25"><span class='ocrx_word' id='word_1_523' title='bbox 123 4581 187 4629; x_wconf 88' lang='lat' dir='ltr'><strong>suo</strong></span> <span class='ocrx_word' id='word_1_524' title='bbox 215 4563 387 4651; x_wconf 86' lang='lat' dir='ltr'><strong>adparatu</strong></span> <span class='ocrx_word' id='word_1_525' title='bbox 410 4561 576 4647; x_wconf 87' lang='lat' dir='ltr'><strong>conlidit,</strong></span> <span class='ocrx_word' id='word_1_526' title='bbox 605 4586 671 4632; x_wconf 92' lang='lat' dir='ltr'><strong>nec</strong></span> <span class='ocrx_word' id='word_1_527' title='bbox 694 4563 800 4632; x_wconf 91' lang='lat' dir='ltr'><strong>audet</strong></span> <span class='ocrx_word' id='word_1_528' title='bbox 822 4575 940 4651; x_wconf 89' lang='lat' dir='ltr'><strong>petere</strong></span> <span class='ocrx_word' id='word_1_529' title='bbox 959 4574 1019 4630; x_wconf 90' lang='lat' dir='ltr'><strong>aut</strong></span> <span class='ocrx_word' id='word_1_530' title='bbox 1043 4585 1101 4627; x_wconf 87' lang='lat' dir='ltr'><strong>ex·</strong></span> <span class='ocrx_word' id='word_1_531' title='bbox 1151 4574 1333 4651; x_wconf 91' lang='lat' dir='ltr'><strong>oportere,</strong></span> <span class='ocrx_word' id='word_1_532' title='bbox 1357 4585 1446 4653; x_wconf 90' lang='lat' dir='ltr'><strong>quae</strong></span> <span class='ocrx_word' id='word_1_533' title='bbox 1467 4562 1588 4632; x_wconf 87' lang='lat' dir='ltr'><strong>statuit</strong></span> <span class='ocrx_word' id='word_1_534' title='bbox 1602 4558 1718 4631; x_wconf 88' lang='lat' dir='ltr'><strong>Deum</strong></span> <span class='ocrx_word' id='word_1_535' title='bbox 1740 4561 1859 4628; x_wconf 87' lang='lat' dir='ltr'><strong>adesse</strong></span> <span class='ocrx_word' id='word_1_536' title='bbox 1871 4569 1906 4627; x_wconf 86' lang='lat' dir='ltr'><strong>et</strong></span> <span class='ocrx_word' id='word_1_537' title='bbox 1920 4578 2027 4645; x_wconf 88' lang='lat' dir='ltr'><strong>opem</strong></span> <span class='ocrx_word' id='word_1_538' title='bbox 2040 4557 2124 4625; x_wconf 81' lang='lat' dir='ltr'><strong>terre</strong></span> <span class='ocrx_word' id='word_1_539' title='bbox 2153 4554 2156 4561; x_wconf 82' lang='grc'><strong>’</strong></span> 
     </span>
     <span class='ocr_line' id='line_1_43' title="bbox 123 4651 2166 4754; baseline -0.002 -25"><span class='ocrx_word' id='word_1_540' title='bbox 123 4675 262 4752; x_wconf 88' lang='lat' dir='ltr'><strong>pectare</strong></span> <span class='ocrx_word' id='word_1_541' title='bbox 284 4658 353 4730; x_wconf 89' lang='lat' dir='ltr'><strong>Dei</strong></span> <span class='ocrx_word' id='word_1_542' title='bbox 376 4662 619 4751; x_wconf 85' lang='lat' dir='ltr'><strong>praesentiam.</strong></span> <span class='ocrx_word' id='word_1_543' title='bbox 670 4661 747 4733; x_wconf 89' lang='lat' dir='ltr'><strong>Hoc</strong></span> <span class='ocrx_word' id='word_1_544' title='bbox 772 4662 962 4732; x_wconf 90' lang='lat' dir='ltr'><strong>discrimen</strong></span> <span class='ocrx_word' id='word_1_545' title='bbox 985 4661 1101 4730; x_wconf 86' lang='lat' dir='ltr'><strong>consi·</strong></span> <span class='ocrx_word' id='word_1_546' title='bbox 1152 4662 1352 4749; x_wconf 87' lang='lat' dir='ltr'><strong>regentibus</strong></span> <span class='ocrx_word' id='word_1_547' title='bbox 1366 4663 1525 4754; x_wconf 89' lang='lat' dir='ltr'><strong>imperia.</strong></span> <span class='ocrx_word' id='word_1_548' title='bbox 1574 4661 1668 4733; x_wconf 91' lang='lat' dir='ltr'><strong>Petit</strong></span> <span class='ocrx_word' id='word_1_549' title='bbox 1682 4675 1716 4732; x_wconf 91' lang='lat' dir='ltr'><strong>et</strong></span> <span class='ocrx_word' id='word_1_550' title='bbox 1732 4671 1888 4750; x_wconf 85' lang='lat' dir='ltr'><strong>expectat</strong></span> <span class='ocrx_word' id='word_1_551' title='bbox 1903 4651 1992 4727; x_wconf 86' lang='lat' dir='ltr'><strong>haec</strong></span> <span class='ocrx_word' id='word_1_552' title='bbox 2005 4658 2124 4745; x_wconf 85' lang='lat' dir='ltr'><strong>ingen·</strong></span> <span class='ocrx_word' id='word_1_553' title='bbox 2163 4688 2166 4693; x_wconf 95' lang='lat'>·</span> 
     </span>
     <span class='ocr_line' id='line_1_44' title="bbox 122 4755 2123 4853; baseline -0.002 -23"><span class='ocrx_word' id='word_1_554' title='bbox 122 4762 320 4831; x_wconf 88' lang='lat' dir='ltr'><strong>derandum</strong></span> <span class='ocrx_word' id='word_1_555' title='bbox 347 4776 417 4845; x_wconf 89' lang='lat' dir='ltr'><strong>est,</strong></span> <span class='ocrx_word' id='word_1_556' title='bbox 448 4777 545 4834; x_wconf 87' lang='lat' dir='ltr'><strong>utet</strong></span> <span class='ocrx_word' id='word_1_557' title='bbox 568 4772 705 4837; x_wconf 88' lang='lat' dir='ltr'><strong>nostras</strong></span> <span class='ocrx_word' id='word_1_558' title='bbox 727 4764 881 4836; x_wconf 87' lang='lat' dir='ltr'><strong>actiones</strong></span> <span class='ocrx_word' id='word_1_559' title='bbox 904 4763 1101 4853; x_wconf 85' lang='lat' dir='ltr'><strong>intelligere</strong></span> <span class='ocrx_word' id='word_1_560' title='bbox 1151 4763 1200 4834; x_wconf 90' lang='lat' dir='ltr'><strong>tia</strong></span> <span class='ocrx_word' id='word_1_561' title='bbox 1222 4763 1400 4839; x_wconf 86' lang='lat' dir='ltr'><strong>beneficia.</strong></span> <span class='ocrx_word' id='word_1_562' title='bbox 1458 4762 1555 4835; x_wconf 89' lang='lat' dir='ltr'><strong>Haec</strong></span> <span class='ocrx_word' id='word_1_563' title='bbox 1576 4763 1738 4832; x_wconf 84' lang='lat' dir='ltr'><strong>doctrina</strong></span> <span class='ocrx_word' id='word_1_564' title='bbox 1761 4762 1800 4829; x_wconf 93' lang='lat' dir='ltr'><strong>in</strong></span> <span class='ocrx_word' id='word_1_565' title='bbox 1823 4755 1879 4828; x_wconf 90' lang='lat' dir='ltr'><strong>bis</strong></span> <span class='ocrx_word' id='word_1_566' title='bbox 1901 4759 2023 4828; x_wconf 88' lang='lat' dir='ltr'><strong>verbis</strong></span> <span class='ocrx_word' id='word_1_567' title='bbox 2047 4780 2123 4847; x_wconf 87' lang='lat' dir='ltr'><strong>pro-</strong></span> 
     </span>
     <span class='ocr_line' id='line_1_45' title="bbox 121 4853 2123 4959; baseline -0.003 -26"><span class='ocrx_word' id='word_1_568' title='bbox 121 4875 156 4933; x_wconf 88' lang='lat' dir='ltr'><strong>et</strong></span> <span class='ocrx_word' id='word_1_569' title='bbox 174 4861 277 4931; x_wconf 87' lang='lat' dir='ltr'><strong>fidem</strong></span> <span class='ocrx_word' id='word_1_570' title='bbox 294 4886 451 4938; x_wconf 77' lang='lat' dir='ltr'><strong>exercere</strong></span> <span class='ocrx_word' id='word_1_571' title='bbox 467 4865 653 4940; x_wconf 90' lang='lat' dir='ltr'><strong>discamus.</strong></span> <span class='ocrx_word' id='word_1_572' title='bbox 1151 4865 1295 4955; x_wconf 92' lang='lat' dir='ltr'><strong>ponitur</strong></span> <span class='ocrx_word' id='word_1_573' title='bbox 1320 4889 1424 4936; x_wconf 81' lang='lat' dir='ltr'><strong>versu</strong></span> <span class='ocrx_word' id='word_1_574' title='bbox 1446 4866 1610 4956; x_wconf 89' lang='lat' dir='ltr'><strong>septimo:</strong></span> <span class='ocrx_word' id='word_1_575' title='bbox 1643 4857 1832 4959; x_wconf 83' lang='lat' dir='ltr'><strong>Quoniam</strong></span> <span class='ocrx_word' id='word_1_576' title='bbox 1856 4880 1922 4929; x_wconf 76' lang='lat' dir='ltr'><strong>rex</strong></span> <span class='ocrx_word' id='word_1_577' title='bbox 1941 4865 2068 4956; x_wconf 86' lang='lat' dir='ltr'><strong>sperat</strong></span> <span class='ocrx_word' id='word_1_578' title='bbox 2086 4853 2123 4926; x_wconf 87' lang='lat' dir='ltr'><strong>in</strong></span> 
     </span>
    </p>

    <p class='ocr_par' dir='ltr' id='par_1_8' title="bbox 120 4957 2173 5369">
     <span class='ocr_line' id='line_1_46' title="bbox 223 4957 2173 5058; baseline -0.003 -26"><span class='ocrx_word' id='word_1_579' title='bbox 223 4960 898 5056; x_wconf 85' lang='lat' dir='ltr'><strong>InlineetiamEpiphonemaadditum</strong></span> <span class='ocrx_word' id='word_1_580' title='bbox 916 4978 983 5052; x_wconf 87' lang='lat' dir='ltr'><strong>est,</strong></span> <span class='ocrx_word' id='word_1_581' title='bbox 1003 4965 1099 5058; x_wconf 85' lang='lat' dir='ltr'><strong>quod</strong></span> <span class='ocrx_word' id='word_1_582' title='bbox 1149 4960 1333 5049; x_wconf 85' lang='lat' dir='ltr'><strong>Domino,</strong></span> <span class='ocrx_word' id='word_1_583' title='bbox 1360 4980 1394 5037; x_wconf 88' lang='lat' dir='ltr'><strong>et</strong></span> <span class='ocrx_word' id='word_1_584' title='bbox 1416 4966 1560 5037; x_wconf 83' lang='lat' dir='ltr'><strong>additur</strong></span> <span class='ocrx_word' id='word_1_585' title='bbox 1581 4966 1783 5053; x_wconf 89' lang='lat' dir='ltr'><strong>promissio:</strong></span> <span class='ocrx_word' id='word_1_586' title='bbox 1808 4971 1840 5033; x_wconf 88' lang='lat' dir='ltr'><strong>et</strong></span> <span class='ocrx_word' id='word_1_587' title='bbox 1862 4958 1902 5031; x_wconf 87' lang='lat' dir='ltr'><strong>in</strong></span> <span class='ocrx_word' id='word_1_588' title='bbox 1921 4957 2122 5029; x_wconf 83' lang='lat' dir='ltr'><strong>misericor·</strong></span> <span class='ocrx_word' id='word_1_589' title='bbox 2170 4996 2173 5051; x_wconf 57' lang='grc' dir='ltr'>Ι</span> 
     </span>
     <span class='ocr_line' id='line_1_47' title="bbox 121 5059 2173 5158; baseline -0.003 -21"><span class='ocrx_word' id='word_1_590' title='bbox 121 5061 218 5137; x_wconf 89' lang='lat' dir='ltr'><strong>Deus</strong></span> <span class='ocrx_word' id='word_1_591' title='bbox 237 5079 332 5135; x_wconf 89' lang='lat' dir='ltr'><strong>certo</strong></span> <span class='ocrx_word' id='word_1_592' title='bbox 357 5066 401 5135; x_wconf 90' lang='lat' dir='ltr'><strong>sit</strong></span> <span class='ocrx_word' id='word_1_593' title='bbox 422 5067 649 5139; x_wconf 83' lang='lat' dir='ltr'><strong>exatrditurus</strong></span> <span class='ocrx_word' id='word_1_594' title='bbox 673 5069 894 5155; x_wconf 86' lang='lat' dir='ltr'><strong>invocantes,</strong></span> <span class='ocrx_word' id='word_1_595' title='bbox 928 5064 994 5138; x_wconf 91' lang='lat' dir='ltr'><strong>hac</strong></span> <span class='ocrx_word' id='word_1_596' title='bbox 1014 5090 1099 5158; x_wconf 91' lang='lat' dir='ltr'><strong>pro·</strong></span> <span class='ocrx_word' id='word_1_597' title='bbox 1149 5061 1215 5135; x_wconf 83' lang='lat' dir='ltr'><strong>dia</strong></span> <span class='ocrx_word' id='word_1_598' title='bbox 1237 5063 1417 5138; x_wconf 80' lang='lat' dir='ltr'><strong>altissimi</strong></span> <span class='ocrx_word' id='word_1_599' title='bbox 1436 5088 1509 5135; x_wconf 87' lang='lat' dir='ltr'><strong>non</strong></span> <span class='ocrx_word' id='word_1_600' title='bbox 1534 5063 1822 5137; x_wconf 74' lang='lat' dir='ltr'><strong>commonebitur.</strong></span> <span class='ocrx_word' id='word_1_601' title='bbox 1883 5059 1995 5133; x_wconf 86' lang='lat' dir='ltr'><strong>Hunc</strong></span> <span class='ocrx_word' id='word_1_602' title='bbox 2017 5059 2128 5130; x_wconf 69' lang='lat' dir='ltr'><strong>versi·¹</strong></span> <span class='ocrx_word' id='word_1_603' title='bbox 2170 5068 2173 5109; x_wconf 68' lang='lat'>³</span> 
     </span>
     <span class='ocr_line' id='line_1_48' title="bbox 120 5146 2173 5259; baseline 0.002 -25"><span class='ocrx_word' id='word_1_604' title='bbox 120 5165 290 5236; x_wconf 92' lang='lat' dir='ltr'><strong>missione</strong></span> <span class='ocrx_word' id='word_1_605' title='bbox 311 5167 507 5236; x_wconf 85' lang='lat' dir='ltr'><strong>confirmati</strong></span> <span class='ocrx_word' id='word_1_606' title='bbox 528 5168 633 5239; x_wconf 87' lang='lat' dir='ltr'><strong>fidem</strong></span> <span class='ocrx_word' id='word_1_607' title='bbox 656 5183 691 5240; x_wconf 94' lang='lat' dir='ltr'><strong>et</strong></span> <span class='ocrx_word' id='word_1_608' title='bbox 705 5170 962 5240; x_wconf 85' lang='lat' dir='ltr'><strong>invocationem</strong></span> <span class='ocrx_word' id='word_1_609' title='bbox 978 5191 1100 5238; x_wconf 89' lang='lat' dir='ltr'><strong>accen·</strong></span> <span class='ocrx_word' id='word_1_610' title='bbox 1148 5170 1267 5238; x_wconf 89' lang='lat' dir='ltr'><strong>culum</strong></span> <span class='ocrx_word' id='word_1_611' title='bbox 1305 5194 1378 5240; x_wconf 92' lang='lat' dir='ltr'><strong>non</strong></span> <span class='ocrx_word' id='word_1_612' title='bbox 1408 5169 1523 5238; x_wconf 88' lang='lat' dir='ltr'><strong>solum</strong></span> <span class='ocrx_word' id='word_1_613' title='bbox 1553 5168 1750 5259; x_wconf 87' lang='lat' dir='ltr'><strong>principes,</strong></span> <span class='ocrx_word' id='word_1_614' title='bbox 1797 5166 1856 5236; x_wconf 91' lang='lat' dir='ltr'><strong>sed</strong></span> <span class='ocrx_word' id='word_1_615' title='bbox 1887 5186 1955 5232; x_wconf 91' lang='lat' dir='ltr'><strong>nos</strong></span> <span class='ocrx_word' id='word_1_616' title='bbox 1984 5182 2122 5255; x_wconf 82' lang='lat' dir='ltr'><strong>quoque</strong></span> <span class='ocrx_word' id='word_1_617' title='bbox 2170 5146 2173 5239; x_wconf 78' lang='lat' dir='ltr'><strong>l</strong></span> 
     </span>
     <span class='ocr_line' id='line_1_49' title="bbox 120 5252 2173 5369; baseline -0.003 -34"><span class='ocrx_word' id='word_1_618' title='bbox 120 5267 257 5338; x_wconf 90' lang='lat' dir='ltr'><strong>damus.</strong></span> <span class='ocrx_word' id='word_1_619' title='bbox 307 5264 388 5338; x_wconf 86' lang='lat' dir='ltr'><strong>Erit</strong></span> <span class='ocrx_word' id='word_1_620' title='bbox 407 5279 523 5338; x_wconf 89' lang='lat' dir='ltr'><strong>autem</strong></span> <span class='ocrx_word' id='word_1_621' title='bbox 546 5264 604 5340; x_wconf 88' lang='lat' dir='ltr'><strong>bic</strong></span> <span class='ocrx_word' id='word_1_622' title='bbox 624 5267 911 5341; x_wconf 83' lang='lat' dir='ltr'><strong>Psalmusnobis</strong></span> <span class='ocrx_word' id='word_1_623' title='bbox 933 5283 969 5341; x_wconf 92' lang='lat' dir='ltr'><strong>et</strong></span> <span class='ocrx_word' id='word_1_624' title='bbox 988 5269 1099 5363; x_wconf 89' lang='lat' dir='ltr'><strong>magis</strong></span> <span class='ocrx_word' id='word_1_625' title='bbox 1147 5283 1288 5341; x_wconf 87' lang='lat' dir='ltr'><strong>orantes</strong></span> <span class='ocrx_word' id='word_1_626' title='bbox 1312 5294 1376 5369; x_wconf 90' lang='lat' dir='ltr'><strong>pro</strong></span> <span class='ocrx_word' id='word_1_627' title='bbox 1400 5268 1532 5360; x_wconf 88' lang='lat' dir='ltr'><strong>palitiis</strong></span> <span class='ocrx_word' id='word_1_628' title='bbox 1556 5269 1740 5358; x_wconf 85' lang='lat' dir='ltr'><strong>infigamus</strong></span> <span class='ocrx_word' id='word_1_629' title='bbox 1764 5266 1909 5349; x_wconf 89' lang='lat' dir='ltr'><strong>animis,</strong></span> <span class='ocrx_word' id='word_1_630' title='bbox 1941 5265 2125 5333; x_wconf 89' lang='lat' dir='ltr'><strong>credamus</strong></span> <span class='ocrx_word' id='word_1_631' title='bbox 2170 5252 2173 5327; x_wconf 83' lang='lat' dir='ltr'><strong>l</strong></span> 
     </span>
    </p>
   </div>
   <div class='ocr_carea' id='block_1_5' title="bbox 1296 1230 2018 1327">
    <p class='ocr_par' dir='ltr' id='par_1_9' title="bbox 1296 1230 2018 1327">
     <span class='ocr_line' id='line_1_50' title="bbox 1296 1230 2018 1327; baseline 0.014 -28"><span class='ocrx_word' id='word_1_632' title='bbox 1296 1230 1634 1326; x_wconf 77' lang='lat' dir='ltr'><strong>Arpamentam</strong></span> <span class='ocrx_word' id='word_1_633' title='bbox 1666 1255 1717 1304; x_wconf 88' lang='lat' dir='ltr'><strong>aa</strong></span> <span class='ocrx_word' id='word_1_634' title='bbox 1751 1230 2018 1327; x_wconf 83' lang='lat' dir='ltr'><strong>dispositio</strong></span> 
     </span>
    </p>
   </div>
   <div class='ocr_carea' id='block_1_6' title="bbox 1499 1362 1812 1452">
    <p class='ocr_par' dir='ltr' id='par_1_10' title="bbox 1499 1362 1812 1452">
     <span class='ocr_line' id='line_1_51' title="bbox 1499 1362 1812 1452; baseline 0.022 -7"><span class='ocrx_word' id='word_1_635' title='bbox 1499 1362 1659 1447; x_wconf 83' lang='lat' dir='ltr'><strong>Psalmi</strong></span> <span class='ocrx_word' id='word_1_636' title='bbox 1691 1364 1812 1452; x_wconf 81' lang='lat' dir='ltr'><strong>xxt</strong></span> 
     </span>
    </p>
   </div>
   <div class='ocr_carea' id='block_1_7' title="bbox 1216 1494 2131 1684">
    <p class='ocr_par' dir='ltr' id='par_1_11' title="bbox 1216 1494 2131 1684">
     <span class='ocr_line' id='line_1_52' title="bbox 1219 1494 2131 1591; baseline 0.013 -26"><span class='ocrx_word' id='word_1_637' title='bbox 1219 1494 1399 1583; x_wconf 82' lang='lat' dir='ltr'><strong>Domine,</strong></span> <span class='ocrx_word' id='word_1_638' title='bbox 1424 1498 1617 1567; x_wconf 81' lang='lat' dir='ltr'><strong>invirtnts</strong></span> <span class='ocrx_word' id='word_1_639' title='bbox 1631 1505 1699 1570; x_wconf 83' lang='lat' dir='ltr'><strong>tua</strong></span> <span class='ocrx_word' id='word_1_640' title='bbox 1715 1497 1927 1572; x_wconf 80' lang='lat' dir='ltr'><strong>laetabitur</strong></span> <span class='ocrx_word' id='word_1_641' title='bbox 1939 1522 2033 1591; x_wconf 81' lang='lat' dir='ltr'><strong>rea,</strong></span> <span class='ocrx_word' id='word_1_642' title='bbox 2056 1508 2131 1577; x_wconf 77' lang='lat' dir='ltr'><strong>aa</strong></span> 
     </span>
     <span class='ocr_line' id='line_1_53' title="bbox 1216 1596 2040 1684; baseline 0.013 -19"><span class='ocrx_word' id='word_1_643' title='bbox 1216 1597 1380 1668; x_wconf 84' lang='lat' dir='ltr'><strong>salutari</strong></span> <span class='ocrx_word' id='word_1_644' title='bbox 1398 1604 1463 1669; x_wconf 88' lang='lat' dir='ltr'><strong>tao</strong></span> <span class='ocrx_word' id='word_1_645' title='bbox 1479 1596 1666 1670; x_wconf 73' lang='lat' dir='ltr'><strong>exaltabit</strong></span> <span class='ocrx_word' id='word_1_646' title='bbox 1680 1598 1939 1684; x_wconf 78' lang='lat' dir='ltr'><strong>vehementer,</strong></span> <span class='ocrx_word' id='word_1_647' title='bbox 1966 1613 2040 1676; x_wconf 85' lang='lat' dir='ltr'><strong>eta.</strong></span> 
     </span>
    </p>
   </div>
   <div class='ocr_carea' id='block_1_8' title="bbox 117 5350 2173 5464">
    <p class='ocr_par' dir='ltr' id='par_1_12' title="bbox 117 5350 2173 5464">
     <span class='ocr_line' id='line_1_54' title="bbox 117 5350 2173 5464; baseline -0.003 -25"><span class='ocrx_word' id='word_1_648' title='bbox 117 5371 325 5463; x_wconf 90' lang='lat' dir='ltr'><strong>perspicuus</strong></span> <span class='ocrx_word' id='word_1_649' title='bbox 347 5383 381 5442; x_wconf 89' lang='lat' dir='ltr'><strong>et</strong></span> <span class='ocrx_word' id='word_1_650' title='bbox 406 5369 516 5461; x_wconf 87' lang='lat' dir='ltr'><strong>magis</strong></span> <span class='ocrx_word' id='word_1_651' title='bbox 539 5370 675 5458; x_wconf 90' lang='lat' dir='ltr'><strong>dulcis,</strong></span> <span class='ocrx_word' id='word_1_652' title='bbox 698 5373 729 5444; x_wconf 92' lang='lat' dir='ltr'><strong>si</strong></span> <span class='ocrx_word' id='word_1_653' title='bbox 748 5396 850 5464; x_wconf 88' lang='lat' dir='ltr'><strong>saepe</strong></span> <span class='ocrx_word' id='word_1_654' title='bbox 863 5371 1100 5457; x_wconf 90' lang='lat' dir='ltr'><strong>recitabimus,</strong></span> <span class='ocrx_word' id='word_1_655' title='bbox 1145 5366 1240 5443; x_wconf 87' lang='lat' dir='ltr'><strong>Deus</strong></span> <span class='ocrx_word' id='word_1_656' title='bbox 1255 5375 1434 5454; x_wconf 89' lang='lat' dir='ltr'><strong>custodem</strong></span> <span class='ocrx_word' id='word_1_657' title='bbox 1450 5394 1522 5443; x_wconf 90' lang='lat' dir='ltr'><strong>esse</strong></span> <span class='ocrx_word' id='word_1_658' title='bbox 1536 5372 1759 5464; x_wconf 83' lang='lat' dir='ltr'><strong>politiamm,</strong></span> <span class='ocrx_word' id='word_1_659' title='bbox 1784 5384 1818 5443; x_wconf 91' lang='lat' dir='ltr'><strong>et</strong></span> <span class='ocrx_word' id='word_1_660' title='bbox 1832 5365 2124 5440; x_wconf 87' lang='lat' dir='ltr'><strong>tuncincolumes</strong></span> <span class='ocrx_word' id='word_1_661' title='bbox 2169 5350 2173 5431; x_wconf 68' lang='grc' dir='ltr'>ἶ</span> 
     </span>
    </p>
   </div>
   <div class='ocr_carea' id='block_1_9' title="bbox 0 0 2274 5754">
    <p class='ocr_par' dir='ltr' id='par_1_13' title="bbox 0 0 2274 5754">
     <span class='ocr_line' id='line_1_55' title="bbox 0 0 2274 5754; baseline 0 0"><span class='ocrx_word' id='word_1_662' title='bbox 0 0 2274 5754; x_wconf 95' lang='lat' dir='ltr'><strong> </strong></span> 
     </span>
    </p>
   </div>
  </div>
 </body>
</html>
