4538 5754
114 235 188 311 aas
443 248 446 253 ·
681 233 781 325 v..
825 221 1148 305 anomalam
1176 217 1515 296 utanucrtcas.
1853 168 1855 174 ’
2064 223 2142 302 500

115 408 232 498 prium
251 431 344 490 esse,
362 402 404 480 ‘et
419 408 567 480 sustinet
583 403 787 477 accidentia.
822 399 899 471 Hac
916 396 1105 494 qualicun-
1322 394 1460 465 Recito
1476 388 1645 463 ordinem
1662 389 1975 465 evidentiorem.
2077 426 2079 432 2
2121 422 2124 429 ·

115 533 185 601 que
212 510 452 603 descriptione
479 508 640 579 contenti
671 507 801 590 simus,
835 502 1106 590 etcogiterous,
1551 521 1755 593 subsigna,

117 635 208 703 quae
235 612 282 681 sit
311 612 489 683 imbecilla
520 611 612 678 acics
636 604 811 677 humanae
834 605 983 687 mantis,
1015 623 1106 694 quae
1424 642 1872 678 ms

118 713 219 805 quasi
235 714 322 782 foris
333 728 367 784 et
378 712 502 804 procul
520 734 577 780 res
591 710 727 801 aspicit,
754 732 820 778 nec
835 708 932 777 intus
948 728 1005 774 eas
1020 726 1106 772 con·
1287 690 1469 785 Corporea
1818 691 2032 785 incorporea

118 815 322 905 temptatur.
354 811 402 884 Et
416 813 631 892 accidentia,
655 812 881 905 quantitates,
907 808 1107 901 qualitates,
1159 787 1583 929 Μ,
1724 790 2146 910 [Μ

118 915 340 1000 ellectiones,
383 916 562 1005 passiones
604 912 887 998 consideremus,
934 918 1107 995 qnantum
1159 939 1323 1020 coelum,
1383 932 1638 1006 exqumentjs
1748 934 1856 1015 Deus·
1994 938 2123 1030 Angelq

118 1018 346 1094 conceditur,
373 1027 408 1080 et
424 1016 503 1083 Deo
516 1013 651 1096 gratias
674 1029 836 1092 agamus,
862 1005 959 1118 quod
987 1004 1106 1119 atiquo
1160 1041 1303 1125 Stellae,
1408 1036 1615 1129 composita,
1984 994 2145 1111 Animati.

119 1121 225 1183 modo
252 1125 286 1180 et
312 1136 385 1181 sese
413 1125 446 1178 et
478 1122 641 1178 naturam
669 1129 787 1173 rerum
813 1104 918 1171 nobis
939 1107 1107 1183 ostendit,
1160 1140 1358 1218 Elemema,

116 1229 149 1283 et
171 1215 310 1305 aliquas
334 1212 481 1282 noticias
508 1223 617 1279 certas
644 1205 809 1289 tradidit,
844 1218 876 1273 et
900 1217 1108 1293 appetamus
1283 1236 1729 1303 w

117 1315 412 1384 consuetudinem
436 1312 639 1392 coelestem,
668 1309 707 1375 in
730 1331 800 1400 qua
822 1304 953 1376 noticia
976 1302 1109 1375 Deie
1211 1289 1513 1366 Perfetlemlxut,
1593 1291 1782 1379 tmpeteete
1799 1289 1926 1359 mixta:

118 1416 270 1486 aliarum
287 1438 405 1484 rerum
424 1413 492 1483 erit
509 1411 697 1482 illustrior.
1585 1387 1766 1478 Fulmina,
1783 1388 1951 1483 Vapores.

1161 1529 1345 1616 Animata,
1398 1529 1613 1599 lnanirnata:

188 1647 375 1734 Quomodo
402 1641 594 1742 differunt
615 1648 763 1736 primae
786 1651 825 1713 et
846 1640 1039 1714 secundae
1367 1630 1485 1723 Lapis,
1501 1650 1670 1720 gemmae,

486 1741 747 1820 substantioe?
871 1865 875 1873 ι
1049 1835 1053 1842 ¹
1444 1731 1598 1803 metalla.

224 1920 436 1992 Aristoteles
460 1930 562 1987 vocat
586 1917 718 2008 primas
741 1915 954 1985 substantias
976 1914 1110 1983 indivi-
1163 1881 1346 1996 senffflssi
1405 1877 1675 1947 N⁰¹1⁸²¹¹fi²¹¹⁸²

1163 1976 1333 2061 Animal,
1434 1978 1646 2068 utplantae.

121 2028 215 2113 dua,
252 2021 348 2092 hune
373 2016 575 2102 hominem,
606 2013 703 2086 hunc
733 2040 873 2110 equum.
930 2014 1112 2087 Secundas
1169 2074 1576 2122 w

70 2114 91 2125 '¹
126 2124 338 2195 substantias
354 2134 454 2190 vocat
470 2121 601 2210 specics
618 2132 651 2189 et
667 2141 815 2209 genera,
839 2120 933 2208 quod
954 2142 996 2187 eo
1022 2118 1109 2186 reci·
1162 2125 1372 2197 Rarionale:
1426 2126 1656 2195 irrationale:

126 2228 276 2297 tandum
301 2237 371 2306 est,
398 2223 481 2313 quia
498 2221 631 2290 dictum
650 2216 882 2288 memorabile
897 2218 1010 2289 addit:
1038 2215 1112 2288 De·
1189 2225 1329 2312 Homo,
1459 2224 1595 2318 Equus.

125 2328 269 2398 structis
286 2325 411 2419 primis
426 2322 653 2406 substantiis,
680 2315 774 2389 nihil
788 2320 964 2412 reliquum
981 2334 1049 2405 est,
1073 2321 1112 2388 id
1190 2325 1306 2399 Plato.

127 2444 199 2512 est,
225 2452 291 2496 nec
315 2426 508 2500 accidentia
531 2424 667 2518 reliqua
690 2436 793 2506 sunt,
818 2421 902 2514 quia
928 2435 1011 2493 sunt
1032 2436 1112 2492 tan·
1410 2500 1418 2515 ·

127 2530 259 2600 lumin
277 2527 494 2610 individuis,
520 2550 585 2593 nee
604 2525 778 2594 secundae
799 2524 1033 2604 substantiae,
1060 2526 1114 2591 vi·
1279 2492 1340 2568 Ad
1357 2491 1446 2590 ‘imd
1457 2493 1611 2589 imam
1625 2515 1734 2566 ’ΨΜ
1747 2491 1845 2568 'mm
1859 2495 2053 2572 ‘imiimi

128 2630 257 2701 delicet
284 2651 412 2717 genera
431 2640 466 2697 et
486 2628 637 2715 species,
664 2649 726 2694 seu
742 2626 854 2709 ideae,
878 2638 962 2696 sunt
977 2624 1115 2717 aliquid
1269 2628 1431 2699 Primum
1447 2624 1515 2699 hoc
1531 2630 1649 2721 ipsum
1673 2630 1763 2701 utile
1787 2645 1854 2717 est,
1880 2633 2003 2703 videre
2028 2632 2155 2703 seriem

128 2748 224 2804 extra
243 2728 534 2813 intellectionem.
1166 2731 1443 2801 substantiarum
1475 2732 1514 2798 in
1545 2726 1611 2800 hac
1642 2744 1715 2801 tota
1752 2727 1983 2818 universitate
2023 2758 2158 2818 rerum,

733 2844 737 2851 ’
1168 2854 1273 2926 quam
1302 2846 1420 2902 mente
1443 2832 1747 2917 circumferentes,
1779 2834 2015 2905 discernimus
2038 2831 2155 2904 Deum

233 2975 336 3056 pm
357 2913 450 3040 „unt¹
467 2968 740 3061 appellatione,
752 2926 1017 3043 mmmm?
1169 2937 1309 3005 arebus
1324 2933 1467 3016 creatis,
1492 2947 1630 3004 etcum
1655 2937 1788 3024 species
1813 2952 1946 3006 creatas
1969 2958 2156 3007 enumera-

860 3078 866 3087 ·
1169 3059 1270 3120 mus,
1301 3036 1413 3125 magis
1432 3035 1701 3127 acquiescimus,
1733 3037 1836 3128 quasi
1860 3037 1966 3107 finem
1990 3052 2025 3109 et
2047 3050 2158 3106 metas

233 3136 442 3208 Aristoteles
472 3137 512 3203 in
543 3131 611 3204 hoc
639 3135 923 3226 praedicamento
951 3159 1037 3207 usus
1068 3151 1120 3206 cst
1170 3153 1318 3208 naturae
1339 3138 1540 3221 intuentes,
1569 3137 1765 3207 multarum
1794 3137 1902 3223 etiarn
1924 3161 2027 3209 usum
2049 3138 2157 3207 simul

132 3241 280 3313 nomine
308 3233 438 3327 οὐσία,
467 3239 561 3331 quod
587 3237 729 3327 proprie
755 3251 806 3307 est
828 3238 997 3313 essentia.
1048 3237 1119 3307 Po·
1170 3240 1447 3310 considcramus.
1507 3237 1649 3309 Genera
1677 3238 1785 3308 etiam
1818 3239 1856 3307 iu
1886 3239 2158 3310 delinitionibus

133 3359 201 3413 stea
220 3343 328 3410 etiam
343 3340 447 3409 multi
464 3337 677 3426 generaliter
693 3350 845 3409 utuntur
860 3341 1008 3409 nomine
1026 3332 1121 3412 ὑπό·
1171 3355 1419 3412 sumunturex
1436 3334 1502 3409 hac
1526 3339 1667 3412 tabella.
1719 3337 1786 3430 Et,
1813 3340 1843 3409 si
1866 3340 2052 3432 explicatio
2076 3341 2159 3410 lon-

135 3464 279 3524 στασις,
311 3444 355 3510 ad
379 3441 488 3509 cuius·
508 3439 780 3507 similitudinem
803 3438 926 3509 Latini
955 3444 1122 3512 dixerunt
1170 3446 1248 3533 gior
1266 3443 1533 3524 institueretur,
1562 3442 1757 3511 multarum
1780 3441 1976 3533 specierum
1999 3442 2158 3531 integrae

135 3546 378 3615 substantiam.
416 3539 463 3609 Et
477 3532 735 3634 ὑφιστάμενον
751 3548 924 3617 vocarunt
939 3544 1122 3635 quiddam,
1170 3545 1396 3638 definitiones
1412 3545 1650 3627 adderentur,
1675 3555 1732 3612 ut:

135 3649 228 3740 quod
254 3644 437 3724 subsistit,
471 3643 600 3725 idest,
634 3666 707 3709 non
736 3656 874 3711 tantum
908 3644 1121 3734 cogitatione
1574 3705 1582 3724 ,
1763 3666 1767 3673 ’

136 3749 314 3839 pingitur,
338 3767 404 3811 nec
418 3755 459 3811 ut
474 3743 635 3811 accidens
652 3744 689 3811 in
709 3743 779 3811 alio
795 3738 930 3828 haeret,
957 3770 1022 3816 nec
1039 3770 1120 3814 eva·
1414 3798 1416 3802 -
1518 3706 1604 3786 de
1624 3712 1673 3772 ⁰⁸¹
1695 3703 1811 3772 Πρω

137 3850 246 3919 nescit
276 3847 314 3915 in
347 3845 436 3926 alio,
469 3857 529 3912 aut
554 3869 634 3912 curn
661 3845 750 3924 alio,
785 3847 847 3914 sed
871 3870 991 3917 revera
1014 3843 1122 3917 habet
1274 3831 1374 3904 D⁸⁰⁸
1388 3846 1440 3901 θεῖ
1455 3831 1605 3901 θδδθῐὶῑῖθ
1621 3832 1844 3921 i¹¹⁰01'P0rt‘2b
1863 3831 2075 3922 intelligens,
2091 3834 2161 3906 lm·
2266 3887 2268 3890 >

136 3949 319 4040 proprium
334 3945 418 4015 esre',
471 3941 619 4014 Discant
635 3959 752 4014 autem
767 3946 947 4028 iuniores,
975 3949 1120 4042 quando
1171 3958 1312 4004 mensae
1328 3935 1524 4026 potentiae,
1550 3932 1745 4024 sapientiae
1769 3946 1803 4002 ct
1826 3933 2015 4020 bonitatis,
2043 3958 2161 4019 verax,

137 4051 293 4121 Ecclesia
318 4043 373 4115 his
395 4045 578 4115 vocabulis
602 4069 665 4114 usa
691 4048 749 4119 sit.
807 4046 965 4118 Nomine
994 4046 1123 4131 οὐσίας
1172 4037 1348 4122 beneficas
1375 4039 1486 4119 iusta,
1511 4049 1623 4119 edila,
1656 4034 1858 4120 liberrimi,
1888 4058 1991 4106 031153
2013 4037 2161 4106 univer·

137 4154 248 4221 utitur
265 4148 518 4241 protesscntia,
542 4149 632 4216 sicut
652 4142 708 4214 hic
726 4171 868 4240 quoqne
881 4151 1023 4224 dicitur.
1050 4152 1120 4224 Sed
1171 4163 1231 4208 sae
1247 4153 1395 4208 naturae
1409 4152 1442 4208 ct
1458 4138 1615 4221 ordinis,
1642 4160 1681 4206 ac
1696 4136 1785 4207 boni
1803 4137 1843 4206 in
1866 4151 2013 4221 natura,
2039 4137 2160 4230 requi·
2254 4206 2256 4210 .

137 4251 343 4348 hypostasin
359 4261 592 4337 etpersonam
618 4261 718 4317 vocat
740 4249 968 4322 individuum
978 4311 986 4327 .,
1013 4255 1121 4324 intel·
1173 4264 1254 4310 rens
1280 4240 1317 4307 5¹¹
1340 4263 1468 4330 genere
1495 4234 1653 4308 humano
1676 4240 1839 4309 ordinem
1862 4238 2041 4306 actionum
2073 4263 2160 4308 con·

135 4354 265 4443 tigens,
290 4349 647 4433 incommunicabile,
673 4362 712 4419 ut
728 4372 806 4418 cum
827 4352 932 4439 dicit,
959 4353 1029 4424 tres
1050 4379 1123 4425 esse
1173 4344 1425 4432 eruentem-ad
1448 4343 1611 4412 ordinem
1634 4341 1672 4409 in
1695 4365 1757 4412 sua
1781 4351 1916 4422 mente,
1948 4353 1982 4409 et
2006 4341 2160 4430 puniens

139 4453 341 4550 hypostases
354 4472 416 4519 seu
431 4452 600 4542 personas
618 4450 827 4522 divinitatis.
1174 4441 1281 4512 huius
1303 4443 1441 4512 ordinis
1465 4443 1706 4515 violationem.
1759 4437 1862 4512 Hanc
1885 4441 2160 4533 descriptionem

1174 4558 1311 4614 mentes
1327 4539 1523 4624 humanae,
1550 4545 1655 4613 etiam
1673 4555 1769 4613 extra
1786 4537 1999 4627 Ecclesiam,
2025 4561 2058 4614 et
2081 4545 2159 4614 sine

1175 4647 1347 4737 singulari
1362 4646 1604 4729 revolutione,
1628 4644 1771 4713 discunt
1784 4666 1826 4711 ex
1843 4645 2159 4716 demonstrationi-

1125 4817 1128 4822 .
1175 4751 1260 4833 bus,
1287 4761 1321 4818 et
1337 4750 1495 4843 membra
1509 4745 1697 4838 praecipua
1713 4744 1846 4818 suntin
1859 4740 1926 4815 bac
1943 4746 2084 4817 tabella.
2110 4743 2160 4819 Et

1174 4874 1378 4947 quanquam
1393 4873 1474 4919 vera
1492 4847 1682 4938 descriptio
1696 4861 1765 4931 cst,
1790 4860 1908 4918 tamen
1923 4849 2083 4940 nondum
2109 4861 2161 4918 est

1175 4954 1341 5042 integra„
1376 4949 1523 5020 Necesse
1540 4963 1590 5019 est
1612 4949 1707 5020 enirn
1729 4951 1772 5018 da
1788 4948 1869 5020 Deo
1892 4944 2042 5034 sentire,
2069 4951 2160 5022 sicut

1069 5133 1070 5136 Ἴ
1176 5079 1212 5124 se
1235 5052 1631 5153 illustribltcstimoniis
1654 5050 1826 5142 patefecit.
1879 5048 1963 5119 ldeo
1979 5051 2018 5133 in
2035 5049 2159 5121 Eccle-

1176 5157 1227 5226 sia
1244 5158 1288 5224 ad
1306 5156 1426 5247 priora
1450 5154 1609 5224 membra
1632 5153 1762 5226 diserte
1786 5153 1968 5222 adduntur
1990 5176 2160 5244 persona-

1167 5266 1256 5328 'rum
1275 5257 1437 5328 nomina:
1461 5254 1558 5328 Deus
1574 5268 1626 5330 est
1640 5254 1788 5325 essentia
1807 5254 2028 5344 incorporea,
2052 5253 2159 5324 intel-

880 5387 882 5393 ·
1049 5388 1053 5393 ·
1175 5360 1307 5450 ligans,
1332 5359 1525 5431 immensae
1537 5356 1736 5452 potentiae,
1761 5355 1953 5449 sapientiae
1968 5367 2002 5427 et
2018 5354 2162 5427 bonita-
2204 5339 2208 5351 ⁸

182 5472 364 5538 Mensura.
392 5470 496 5537 Orrn.
524 5469 607 5534 Vos.
626 5468 722 5539 XIII.
1636 5455 1691 5529 84
1785 5453 1794 5462 ’
