4538 5754
111 234 204 333 ,sss
377 203 587 292 scurrus
613 201 691 279 ru.
719 192 835 272 unu.
863 191 1346 276 innumerosas
1372 189 1564 271 runos.
1591 186 1916 269 senosanam.
2073 162 2153 266 an

137 426 212 480 esse
233 392 397 468 homines
419 395 600 461 mortuos,
632 388 668 444 et
690 367 885 442 Ecclesiam
911 380 1122 438 ornaturum
1176 363 1252 462 phi.
1291 365 1474 439 Hactenus
1490 384 1611 435 causas
1626 362 1773 457 exposui
1789 362 2016 436 certitudinis
2028 365 2155 438 domei.

140 493 430 585 aetemagloria,
455 500 490 554 et
507 479 635 571 impios
660 474 878 544 abiecturum
904 470 942 539 in
964 482 1124 538 aeternas
1177 493 1325 554 narum,
1357 469 1401 538 ds
1430 489 1499 561 qua
1524 487 1666 552 rursus,
1696 478 1736 536 ut
1760 478 1864 536 antea
1889 488 2011 557 saepe,
2044 466 2156 539 iunia.

143 623 286 703 poenas.
325 592 395 666 Sed
412 584 516 657 multi
530 576 760 653 audacissime
776 585 976 665 repugnant
992 568 1126 639 divinis
1178 594 1234 643 res
1263 593 1411 654 moneo,
1443 581 1484 638 ut
1514 569 1558 637 ad
1586 563 1677 637 hanc
1706 589 1742 636 sc
1764 566 1988 657 diligentiam
2010 569 2157 640 meg,

145 702 316 784 0faculis‚
341 709 382 766 ut
395 683 563 780 Epicurei
579 694 614 751 et
630 678 704 748 alii.
757 674 843 744 Pars
867 688 984 744 tamen
1008 672 1127 763 aliqua
1179 675 1292 753 ciant,
1318 669 1542 742 discernendi
1559 681 1652 737 certa
1670 669 1715 737 ab
1732 667 1888 744 incertis.
1939 667 2056 763 Saepe
2071 670 2157 741 emm

145 804 282 903 generis
297 792 445 869 humani
469 784 675 863 assentitur,
702 775 912 847 testimoniis
935 773 1126 844 miraculo·
1180 778 1224 845 de
1241 774 1378 862 magnis
1400 773 1507 840 rebus
1528 769 1705 842 falluntur
1727 765 1914 854 homines,
1938 772 2004 863 qui
2025 772 2159 863 fugata

144 935 227 984 rum
241 916 348 986 mota,
374 897 413 965 in
427 912 497 985 qua
514 909 600 956 vnce
615 878 802 968 Evangelii
819 877 974 969 Spiritus
988 887 1128 945 sanctus
1180 875 1325 946 umbras
1341 887 1508 967 tanquam
1524 894 1580 940 res
1604 884 1737 956 certas,
1762 885 1977 965 sequuntur,
2006 895 2072 944 seu
2094 872 2160 967 qni,

146 1011 240 1085 hanc
254 1006 367 1076 lucem
384 989 560 1074 accendit,
586 998 619 1055 et
633 981 741 1052 flectit
764 993 916 1049 mentem
941 978 983 1045 ad
1009 998 1128 1045 assen·
1181 991 1221 1048 ut
1235 966 1421 1047 Theocriti
1434 974 1587 1066 piscator
1602 974 1755 1043 laetatur
1774 972 1913 1043 somnio
1927 975 2029 1044 aurei
2053 973 2160 1066 piscis,

149 1113 310 1188 tiendum
340 1115 375 1171 et
405 1115 505 1165 mens
539 1090 786 1175 obtemperans
815 1079 966 1172 Spiritui
998 1088 1130 1160 sancto,
1181 1080 1232 1151 ita
1248 1079 1315 1171 ipsi
1331 1074 1982 1166 inanibusopinionibusdelectantur.
2007 1071 2058 1148 Et
2068 1096 2161 1169 saepe

148 1206 372 1304 amplectitur
395 1218 517 1270 vocem
540 1185 746 1276 Evangelii,
772 1196 807 1253 et
830 1194 1004 1273 repugnat
1024 1177 1130 1249 dubi·
1183 1181 1223 1249 in
1246 1181 1317 1249 vita
1340 1177 1485 1261 accidit,
1519 1177 1556 1245 id
1579 1177 1674 1270 quod
1697 1173 1828 1246 Graeci
1848 1176 1991 1247 dicunt:
2016 1168 2162 1269 μάταιαι

149 1310 290 1391 rationi.
340 1299 389 1374 Et
405 1294 491 1369 haec
505 1290 679 1373 assensio,
704 1308 794 1379 quae
810 1282 1034 1374 amplectitur
1049 1302 1131 1350 sen·
1183 1273 1325 1376 μάταια
1341 1273 1552 1381 λογίζονται
1565 1272 1628 1350 διὰ
1646 1271 1859 1371 ἐπιθυμίας,

150 1414 279 1492 tentiae
295 1431 315 1478 a
331 1403 407 1476 Deo
425 1397 623 1493 patefactas,
649 1388 780 1459 dicitur
795 1382 920 1468 Fides,
946 1406 1036 1477 quae
1053 1381 1132 1475 qui-

36 1564 41 1570 ·
152 1515 289 1592 demin
307 1506 387 1578 aliis
406 1496 627 1589 languidior,
651 1491 689 1559 in
709 1489 788 1559 aliis
803 1486 941 1555 firmior
958 1496 1020 1554 est.
1060 1480 1133 1556 Nec

154 1623 230 1693 leve
249 1606 457 1685 beneficium
482 1597 549 1671 Dei
572 1617 644 1665 esse
667 1594 854 1672 ducamus,
888 1588 981 1680 quod
1009 1608 1050 1653 ex
1072 1582 1136 1652 illa
1288 1581 1554 1654 Demonstratio
1576 1596 1629 1654 est
1643 1581 1886 1675 syllogismus,
1909 1582 1947 1653 in
1965 1607 2039 1677 quo
2054 1595 2164 1654 auter

155 1745 218 1795 sua
234 1735 357 1789 arcana
376 1707 456 1777 sede
479 1698 635 1794 prodiit,
658 1705 693 1763 et
716 1714 751 1761 se
772 1690 875 1760 nobis
898 1686 1077 1780 patefecit,
1103 1695 1137 1754 et
1187 1686 1374 1781 principiis
1392 1697 1518 1756 natura
1543 1685 1657 1768 notis,
1682 1696 1743 1754 aut
1768 1683 1964 1753 universali
1988 1686 2165 1780 experien-

156 1848 197 1897 ea
217 1810 449 1912 patefactione
474 1813 618 1875 testatus
642 1809 710 1879 est,
746 1792 814 1863 sibi
837 1814 917 1860 vere
942 1811 1052 1880 genus
1067 1781 1138 1856 bu·
1189 1790 1254 1872 tia,
1280 1801 1342 1859 aut
1357 1811 1398 1858 ex
1413 1786 1620 1856 definitione
1635 1786 1679 1854 de
1702 1785 1907 1871 subsumto,
1932 1787 2027 1855 bona
2051 1809 2166 1858 couse-
2201 1820 2204 1881 ξ

157 1942 302 1997 manum
319 1933 423 1984 curae
438 1929 521 1976 esse.
563 1899 618 1972 Sit
632 1897 739 1988 igitur
756 1893 941 1986 patefactio
959 1890 1020 1960 illa
1035 1909 1138 1980 prae·
1189 1890 1356 1986 quentia,
1388 1888 1617 1958 necessariam
1644 1899 1678 1956 et
1700 1887 1882 1957 immotam
1909 1886 2166 1961 conclusionem
2201 1906 2204 1949 t

1414 1446 1516 1537 Quid
1539 1456 1595 1521 est
1623 1442 1935 1525 Demonassae
2058 1453 2065 1458 “

157 2029 302 2118 cipunm
318 2016 410 2085 vitae
429 2010 570 2087 lumen,
596 2014 630 2071 et
647 1998 821 2089 gubernet
842 2015 965 2064 omnes
983 2003 1139 2068 actiones
1191 2004 1404 2076 extruimus,
1436 2003 1497 2060 aut
1521 2013 1563 2059 ex
1585 2011 1698 2058 causis
1731 2010 1899 2078 proximis
1923 1988 2070 2062 effectus
2093 2014 2168 2084 pro·
2201 2050 2204 2061 .

159 2143 193 2200 et
208 2119 328 2195 omnia
341 2109 501 2185 consilia.
551 2099 599 2174 Et
621 2103 660 2170 in
683 2097 891 2194 quotidiana
913 2091 1139 2163 invocatione
1193 2096 1288 2188 prios
1310 2090 1410 2185 sequi
1428 2090 1667 2174 ostendimus,
1692 2102 1753 2159 aut
1775 2105 1917 2162 econtra
1940 2093 2169 2181 procedimus.
2190 2080 2204 2157 ‘i

54 2298 58 2307 f
159 2227 287 2322 gratias
308 2235 452 2310 agamus
474 2207 573 2290 Deo,
599 2203 695 2297 quod
723 2200 896 2267 immensa
922 2194 1081 2265 bonitate
1104 2214 1140 2261 se
1193 2194 1394 2266 Geometris
1407 2193 1535 2265 usitata
1552 2191 1699 2261 nomina
1714 2205 1807 2272 sunt,
1824 2207 1858 2262 et
1873 2192 2069 2281 notissima,
2082 2216 2171 2273 cont·
2201 2184 2204 2225 ¹

161 2329 266 2402 nohis
282 2313 497 2414 patefecerit.
548 2301 854 2379 Considerandum
870 2311 1052 2370 estantem
1068 2293 1142 2364 dis-
1195 2297 1323 2389 positio
1339 2289 1543 2390 Synthesis,
1568 2315 1659 2386 quae
1680 2294 1835 2383 apriore
1852 2294 2030 2386 procedit,
2056 2286 2205 2368 Esou-²

162 2434 307 2504 crimen.
359 2415 544 2507 Quaedam
565 2429 651 2474 voce
672 2402 741 2471 Dei
763 2399 895 2471 tradita
917 2411 1019 2482 sunt,
1052 2417 1143 2488 quae
1195 2412 1249 2470 tra
1276 2397 1446 2467 resolutio
1471 2418 1533 2466 seu
1549 2391 1735 2486 Analysis,
1762 2420 1852 2487 quae
1872 2419 1891 2464 a
1915 2396 2113 2486 posteriore
2134 2398 2171 2468 ad

162 2534 268 2605 etiam
291 2534 417 2592 natura
442 2525 525 2584 nota
548 2520 650 2590 sunt,
684 2516 725 2573 ut
756 2513 937 2595 praecepta
967 2495 1144 2586 Decalogi.
1197 2499 1371 2594 principia
1395 2497 1605 2588 regreditur.
1657 2489 1730 2566 Nec
1753 2497 1904 2568 dubium
1928 2511 2000 2582 est,
2028 2495 2097 2569 has
2115 2492 2205 2592 sp?

164 2633 232 2707 Sed
249 2621 364 2699 voluit
376 2617 473 2689 Deus
491 2609 653 2681 accedere
675 2627 798 2674 vocem
819 2623 938 2687 suam,
963 2615 1004 2672 ut
1027 2612 1145 2670 osten·
1196 2601 1406 2698 pellationes
1422 2600 1514 2690 apud
1532 2596 1710 2668 Galerium
1730 2599 2057 2687 idem'signilicare,
2085 2602 2173 2696 quod

166 2738 263 2805 deret
281 2726 360 2796 illas
376 2721 469 2810 ipsas
483 2711 631 2784 noticias
645 2705 857 2778 naturalesa
874 2725 947 2774 sese
968 2700 1147 2790 mentibus
1198 2705 1292 2796 apud
1315 2699 1544 2784 Geometras,
1570 2724 1650 2769 cum
1672 2700 1723 2770 ait
1747 2714 1817 2770 tres
1838 2724 1911 2770 esse
1935 2703 2174 2774 doctrinarum

168 2831 300 2907 nostris
330 2823 460 2894 inditas
487 2837 581 2898 esse,
615 2824 650 2881 et
677 2809 789 2899 legem
818 2829 912 2876 novo
944 2799 1147 2876 testimonio
1200 2808 1293 2875 vias:
1319 2801 1592 2885 resolutionem,
1624 2801 1917 2892 compositionem
1939 2816 1975 2873 et
2002 2804 2175 2877 definitio·

167 2933 335 3011 sanciret,
377 2947 416 2994 ac
445 2924 560 2990 bonae
590 2912 701 2982 menti
730 2923 828 3000 grata
851 2921 903 2978 est
926 2903 1148 2977 confirmatio
1201 2931 1275 2978 nes.
1333 2902 1519 2977 Resolutio
1543 2916 1613 2987 est,
1645 2916 1683 2972 ut
1706 2927 1786 2973 cum
1809 2927 1851 2972 ex
1873 2905 1984 2995 signis
2008 2896 2177 2992 morbum,

169 3028 344 3116 veritatis,
370 3025 433 3099 ubi
450 3016 617 3107 intelligit
631 3016 675 3085 ad
688 3009 887 3083 naturalem
902 3006 1069 3079 noticiam
1091 3029 1149 3074 ac·
1203 3011 1321 3080 locum
1343 3005 1527 3089 affectum,
1560 3018 1594 3073 et
1616 3027 1735 3073 causas
1759 3006 1975 3096 quaerimus.
2027 3003 2177 3080 Econtrs

169 3139 310 3214 cessisse
326 3131 509 3204 coelestem
525 3141 657 3190 vocem.
702 3110 811 3184 Ratio
829 3106 1064 3201 deprehendit
1080 3120 1152 3176 ter·
1202 3108 1428 3202 compositio,
1453 3130 1533 3178 cum
1548 3105 1653 3175 initio
1667 3107 1827 3198 corporis
1843 3123 1959 3200 partes
1975 3111 2178 3182 describun-

170 3267 245 3314 ram
262 3253 352 3309 stare
368 3234 570 3306 immotam,
598 3232 631 3289 et
649 3215 768 3288 Solem
784 3212 931 3282 moveri.
981 3209 1050 3281 Sed
1069 3232 1150 3277 cum
1203 3226 1279 3294 tur,
1304 3209 1432 3280 deinde
1445 3209 1652 3278 morborum
1668 3230 1788 3292 causa,
1815 3223 1934 3300 postea
1950 3212 2063 3302 signa.
2115 3210 2177 3284 sd

171 3346 265 3413 idem
283 3333 454 3407 divinitus
467 3323 635 3397 traditum
651 3339 724 3385 esse
740 3314 918 3402 audimus,
944 3309 1081 3379 firmius
1097 3333 1152 3379 as-
1204 3311 1430 3384 definitiones
1446 3320 1620 3379 vocantur
1640 3311 1782 3397 regulae
1807 3327 1840 3380 et
1862 3313 2089 3385 definitiones
2111 3312 2178 3383 sine

172 3442 357 3516 sentimur.
409 3428 502 3498 Sunt
515 3433 632 3493 autem
654 3416 744 3486 aliae
765 3414 938 3507 quaedam
962 3409 1154 3480 sententiae
1205 3411 1588 3487 demonstrationibus.
1627 3423 1669 3480 ut
1701 3408 1906 3505 aphorismi.
1974 3414 2179 3510 Quanquam

173 3543 345 3616 divinitus
362 3528 520 3610 traditae,
543 3543 633 3614 quae
648 3529 749 3587 autea
766 3534 910 3606 prorsus
923 3514 1062 3603 ignotae
1077 3513 1155 3582 fue·
1207 3532 1323 3589 autem
1340 3512 1441 3584 Plato
1460 3512 1615 3606 quaerit,
1640 3526 1718 3582 utra
1737 3515 1793 3583 via
1809 3515 1845 3582 iu
1863 3515 1997 3586 artibus
2013 3520 2179 3588 utendum

175 3656 254 3717 ,ant
269 3634 436 3709 omnibus
450 3622 637 3706 creaturis,
659 3633 699 3690 ut
714 3641 783 3687 vor
800 3612 987 3706 Evangelii
1002 3616 1045 3685 de
1060 3610 1154 3684 Filio
1207 3620 1271 3701 sit,
1311 3632 1429 3688 tamen
1458 3613 1640 3684 sciendum
1664 3628 1733 3700 est,
1762 3617 1945 3709 utriusque
1977 3619 2057 3688 viae
2086 3640 2179 3689 usun

174 3745 261 3829 Det,
285 3735 441 3810 Domino
468 3741 589 3798 nostro
607 3721 686 3792 lesu
700 3713 863 3798 Christo,
887 3719 932 3787 de
948 3716 1156 3787 reconcilia·
1209 3744 1292 3790 esse.
1327 3718 1399 3788 Nec
1416 3715 1558 3785 difficile
1574 3728 1625 3785 est
1643 3715 1817 3798 iudicare,
1843 3742 1932 3810 quae
1947 3720 2178 3792 doctrinarum

176 3849 290 3927 tione,
317 3843 360 3910 de
378 3831 542 3928 praemiis
560 3842 595 3898 et
611 3822 733 3919 poenis
753 3821 921 3892 aeternis:
946 3817 1021 3908 Qui
1044 3819 1156 3888 credit
1208 3834 1325 3916 partes
1342 3843 1361 3889 a
1381 3818 1513 3909 priori,
1538 3841 1662 3908 quaes
1682 3819 1868 3909 posteriori
1886 3834 2104 3893 extruantur.

178 3953 216 4018 3„
234 3945 380 4024 Filium,
407 3932 512 4005 habet
528 3931 635 4001 vitam
651 3939 840 4006 aeternam,
865 3919 938 4008 Qui
952 3934 1068 3988 autem
1084 3944 1157 3990 non
1409 3992 1416 4008 ,
1975 3913 1977 3916 ’
2031 3990 2035 3996 .

179 4041 417 4124 credam,
442 4056 516 4104 non
533 4028 667 4099 videbit
688 4027 816 4108 vitam,
842 4024 903 4091 ‘ed
926 4021 976 4090 im
992 4017 1059 4090 Dei
1083 4046 1158 4091 ma„
1363 3991 1437 4060 Deo
1462 3984 1721 4086 definitionem
1744 3993 2041 4066 Aristotelicum.

180 4166 241 4223 net
263 4149 429 4219 adversus
451 4157 549 4217 eum,
573 4128 668 4198 Vivo
692 4149 774 4216 ego,
801 4122 886 4193 nolo
906 4136 1055 4192 mortem
1081 4145 1159 4213 pet·
1312 4119 1577 4194 Demonstratio
1609 4137 1659 4195 est
1686 4125 1910 4217 syllogismus
1936 4131 2130 4217 procedens
2150 4148 2182 4195 er

102 4265 104 4267 ’
182 4251 327 4335 catoris,
351 4246 409 4316 sed
434 4252 475 4310 ut
497 4242 722 4315 convertatur
742 4240 777 4297 ct
792 4225 906 4310 vivat,
932 4223 1078 4294 Credito
1094 4223 1160 4294 tibi
1213 4226 1325 4306 veris,
1357 4225 1481 4317 primis
1505 4240 1541 4296 et
1562 4225 1791 4310 immediatis,
1819 4229 2020 4299 notioribus
2043 4244 2077 4300 et
2098 4231 2184 4323 prio·

182 4357 250 4449 ipsi
282 4362 376 4422 certo
409 4336 543 4414 remitti
578 4342 717 4425 peccata
751 4340 894 4420 propter
925 4326 1060 4397 Filium
1083 4323 1163 4412 Dei,
1214 4329 1333 4408 ribus,
1358 4340 1545 4419 quaesunt
1562 4350 1684 4397 causac
1708 4330 1960 4401 conclusionis.
2013 4329 2112 4401 Haec
2131 4333 2187 4399 de-

184 4459 298 4530 Crede
315 4462 456 4542 propter
472 4440 606 4513 Filium
620 4419 689 4503 Ilei
707 4444 786 4502 tuos
803 4427 970 4520 gemitus,
989 4441 1066 4500 tuas
1082 4451 1162 4521 pre·
1214 4430 1329 4501 linitio
1344 4452 1417 4498 non
1434 4429 1618 4519 pueriliter
1634 4432 1678 4499 de
1699 4430 1804 4501 unico
1828 4433 2033 4525 syllogismo
2058 4432 2189 4503 intelli·

59 4584 64 4603 .
185 4582 240 4632 c„
264 4551 383 4644 recipi,
432 4543 530 4616 Haec
562 4540 662 4609 firma
691 4532 890 4603 assensione
921 4530 1162 4620 amplectenda
1211 4544 1336 4621 gatur,
1370 4532 1430 4601 sed
1458 4531 1502 4599 de
1527 4545 1601 4601 toto
1633 4555 1796 4624 processu
1821 4534 1861 4600 in
1883 4535 2195 4612 demonstratione,

184 4673 278 4742 sunt,
305 4669 339 4724 et
355 4644 563 4721 assensionis
577 4660 679 4712 causa
693 4633 740 4706 sit
753 4632 923 4704 autoritas
937 4631 1071 4714 divina,
1094 4654 1163 4725 qua
1189 4670 1192 4681 =
1216 4647 1292 4703 tum
1308 4633 1346 4700 in
1363 4631 1629 4723 compositione,
1644 4646 1719 4704 tum
1737 4634 1775 4702 in
1792 4635 2018 4710 resolutione.
2053 4635 2197 4706 Necesse

184 4762 252 4834 hae
268 4751 460 4828 sententiae
476 4745 578 4817 nobis
593 4737 741 4812 traditae
758 4747 860 4818 sunt,
887 4748 920 4805 et
941 4733 1164 4804 confirmatae
1218 4747 1270 4806 est
1287 4733 1382 4804 enim
1398 4734 1455 4802 vel
1468 4733 1579 4804 ordiri
1594 4758 1613 4803 a
1628 4735 1752 4824 primis
1773 4749 1807 4805 et
1829 4738 2043 4809 immediatis
2060 4738 2202 4828 princi*

186 4860 385 4933 illustribus
403 4845 631 4928 testimoniis,
656 4855 696 4912 ut
717 4835 984 4908 resuscitatione
1005 4848 1165 4906 mortuo·
1218 4837 1304 4928 piis,
1329 4835 1387 4904 vel
1403 4836 1446 4904 ad
1463 4858 1502 4903 ea
1517 4835 1677 4925 regredi,
1703 4849 1743 4907 ut
1763 4860 1863 4907 mens
1889 4851 2035 4930 propter
2055 4841 2201 4913 eviden-

188 4989 266 5037 rum
284 4972 317 5048 et
331 4955 421 5026 aliis.
468 4945 573 5018 Mens
590 4943 699 5035 igitur
716 4939 889 5032 cogitans,
909 4958 972 5008 cur
994 4931 1060 5006 bae
1084 4959 1165 5006 sen·
1219 4939 1305 5009 tiam
1319 4936 1565 5018 convincatur,
1592 4949 1626 5007 et
1641 4949 1758 5008 teneat
1773 4940 1991 5030 perspicuam
2014 4954 2050 5011 et
2074 4943 2204 5011 immo

188 5065 318 5137 tentiae
340 5059 506 5126 lr'umotae
529 5047 621 5132 sint,
653 5044 834 5113 intueatur
857 5052 1015 5110 autorem
1041 5035 1168 5123 Deum,
1219 5054 1291 5111 tam
1309 5038 1501 5108 veritatem.
1557 5036 1668 5108 Vocat
1682 5040 1778 5109 enim
1794 5041 1997 5112 immediata
2013 5043 2202 5136 principia,

189 5168 250 5264 qui
268 5186 304 5234 se
322 5160 372 5230 sic
386 5149 530 5246 agnosci
543 5160 578 5219 et
598 5143 758 5217 invocari
778 5141 873 5224 vult,
898 5140 989 5210 sicut
1013 5162 1048 5208 se
1071 5153 1169 5233 pate·
1220 5165 1310 5234 quae
1340 5162 1401 5232 per
1424 5161 1497 5207 sese
1513 5155 1606 5208 'nota
1630 5153 1731 5224 sunt,
1765 5166 1829 5210 nec
1851 5144 2096 5215 confirmanda
2122 5158 2203 5216 sunt

188 5267 283 5340 fecit.
338 5259 412 5331 Nec
427 5253 502 5325 vult
517 5271 583 5320 nos
598 5243 753 5318 humana
776 5243 921 5314 audacia
943 5239 1065 5312 ludere
1091 5242 1169 5333 opi·
1221 5243 1300 5313 aliis
1315 5239 1458 5323 mediis,
1485 5253 1539 5311 ut:
1565 5239 1763 5330 Quodlibet
1778 5256 1828 5317 est
1844 5245 1903 5313 vel
1926 5270 2001 5314 non
2024 5261 2097 5332 est,
2130 5246 2204 5317 To-

188 5368 360 5445 niouibus
374 5362 418 5432 dc
440 5380 498 5443 se,
522 5367 561 5427 ut
582 5351 745 5421 luserunt
762 5340 908 5418 Ethnici
929 5357 991 5418 aut
1006 5339 1171 5419 Philoso·
1194 5422 1200 5435 ³
1222 5359 1300 5418 tum
1326 5355 1377 5415 est
1395 5339 1510 5416 maius
1532 5343 1689 5438 qualibet
1716 5367 1778 5417 sua
1808 5359 1931 5438 parte·
1969 5346 2069 5418 ldem
2099 5349 2203 5421 sentit
