4538 5754
104 250 190 345 ass
287 322 290 327 .
385 240 598 326 ausura
623 245 701 326 ru
723 241 841 322 uun
866 245 936 322 au
960 245 1091 327 utar.
1115 243 1261 325 anor.
1285 243 1354 322 uu
1379 216 1573 331 rursus
1593 251 1914 341 sruornnrta

118 432 169 506 tio
184 421 441 500 solvet‘multas
454 419 695 517 quaestiones,
717 430 759 493 nt
773 415 952 490 Gordium
967 420 1104 491 nodum
1155 420 1242 489 dum
1264 433 1334 503 est,
1358 419 1541 514 videlicet,
1563 453 1655 524 quae
1677 433 1825 507 fuerunt
1843 436 1950 522 tales,
1975 458 2007 508 ss

119 524 323 606 Alexander
345 547 420 594 non
443 523 552 612 longo
575 523 698 593 labore
718 520 870 603 evolvit,
903 522 964 590 sed
986 523 1105 594 subito
1156 543 1276 592 versae
1306 536 1390 594 sunt
1416 528 1463 596 ad
1485 524 1620 617 Deum,
1651 547 1686 605 et
1709 559 1828 607 mores
1852 539 2007 610 emenda*

119 627 296 706 dissecuit.
345 620 401 697 Ex
422 622 648 717 plenitudine
669 622 745 695 eius
758 644 883 693 omnes
897 623 1107 716 accepimus,
1155 618 1258 692 Hanc
1278 629 1651 704 commonefactiouem
1674 636 1720 706 de
1741 637 1803 707 illa
1828 638 1994 711 varietate

120 729 297 808 exclusive
316 725 452 798 dictum
476 737 541 797 est.
591 719 826 801 Contrahitur
847 723 942 793 enim
959 725 1105 796 univer·
1155 745 1235 792 rum
1257 722 1481 814 significandi
1500 733 1658 805 sufficere
1676 731 1892 827 hiciudico,
1917 752 1953 812 et
1969 744 2007 813 ao*

31 841 33 845 ’
120 835 204 909 salis
232 832 279 901 ad
300 841 432 901 certam
453 825 624 919 speciem,
656 838 690 897 et
710 825 928 917 significatur
951 825 1104 897 aliorum
1155 824 1352 914 studiosos,
1376 841 1416 902 ut
1438 855 1563 905 omnes
1577 833 1791 911 Dialecticae
1813 853 1929 931 partes
1953 843 2007 914 dil

119 932 289 1009 exclusio:
328 927 516 1021 Quotquot
544 927 742 1020 accepimus
770 926 939 1018 gratiam,
977 950 998 998 a
1028 928 1104 998 solo
1156 944 1357 1015 exerceant,
1381 928 1421 1001 in
1443 932 1645 1008 iudicandis
1666 941 1836 1012 omnibus
1853 944 2007 1016 materiis

118 1035 262 1119 Christo
282 1051 407 1103 omnes
427 1029 636 1122 accepimus.
687 1025 818 1101 Matth.
839 1030 892 1103 a:
926 1026 986 1102 Sic
1006 1031 1106 1100 decet
1156 1027 1299 1100 discunt
1318 1042 1354 1101 et
1372 1032 1412 1102 in
1428 1035 1637 1125 scribendo,
1663 1054 1697 1113 et
1712 1041 1753 1112 in
1768 1043 2006 1118 familiaribus

119 1165 187 1213 nos
205 1133 356 1227 implere
377 1154 521 1202 omnem
536 1129 735 1217 iusticiam,
760 1130 987 1202 distributive
1000 1131 1107 1204 intel·
1156 1128 1365 1205 tationihus.
1432 1134 1536 1209 Plato
1567 1138 1705 1236 inquit,
1747 1158 1857 1217 artem
1886 1146 2007 1218 lacilet

118 1242 261 1334 ligitur,
293 1234 428 1319 idest,
459 1246 495 1306 te
517 1244 635 1319 tuam,
668 1255 726 1303 me
746 1255 881 1318 meam,
914 1231 1046 1315 idest,
1071 1247 1106 1305 te
1155 1252 1259 1302 usum
1282 1256 1368 1303 vero
1389 1235 1590 1328 difficilem,
1616 1247 1713 1338 quod
1737 1269 1779 1317 eo
1802 1245 1937 1317 dictum
1956 1271 2007 1321 esa

119 1347 220 1416 decet
240 1359 363 1431 parcre
382 1347 465 1407 tuae
483 1333 680 1420 vocationi,
706 1357 887 1409 mameae
937 1330 1021 1406 Non
1037 1330 1107 1407 hoc
1156 1344 1251 1425 tror,
1277 1334 1361 1428 quia
1383 1339 1488 1412 multi
1505 1343 1611 1414 etiam
1628 1369 1710 1418 cum
1726 1348 1930 1420 didicerunt
1945 1375 2007 1442 pra

119 1445 217 1529 volt,
242 1437 349 1511 Meus
364 1436 561 1530 baptismus
576 1450 628 1510 est
644 1435 762 1508 omnis
775 1434 927 1511 iusticia.
967 1434 1106 1508 Viden.
1155 1446 1275 1504 tamen
1296 1458 1359 1506 sua
1379 1442 1534 1533 quadam
1555 1446 1770 1538 negligentia
1788 1449 1857 1520 sibi
1872 1449 2007 1542 indolgr

121 1562 180 1620 tur
198 1545 238 1614 in
249 1533 438 1634 Prophetis
452 1537 584 1612 multae
597 1552 793 1633 pugnantes
807 1535 1004 1610 sententiae
1021 1561 1105 1610 esse.
1157 1533 1196 1603 in
1225 1534 1378 1610 dicendo
1407 1541 1587 1633 feruntur,
1617 1573 1690 1641 qno
1719 1561 1845 1622 ventus
1874 1552 2007 1645 impelli

120 1647 231 1721 lsrael
263 1640 480 1726 servabitur,
512 1653 548 1711 et
577 1637 688 1712 Israel
717 1639 912 1727 delebitur,
943 1640 1005 1712 sed
1036 1639 1107 1734 ipsi
1156 1636 1343 1728 intuentur
1363 1664 1527 1715 normam
1552 1663 1587 1720 et
1606 1663 1717 1723 metas
1732 1652 1837 1740 artis,
1857 1676 1924 1725 nec
1937 1678 2007 1725 mer

73 1824 80 1836 ,
117 1743 317 1842 Prophetae
337 1744 635 1834 interpretantur,
661 1750 771 1813 utrun
821 1740 998 1814 edictum
1020 1765 1107 1838 syn-
1157 1739 1335 1826 dextram,
1359 1756 1399 1814 ut
1424 1744 1473 1817 ita
1497 1747 1633 1837 dicam,
1658 1755 1703 1823 ad
1724 1776 1781 1825 res
1796 1754 1909 1846 ipsas,
1935 1778 2004 1850 qua

121 1844 413 1931 ecdochenesse,
437 1845 569 1931 idest,
593 1764 959 1935 mgnumielebitur:
993 1856 1029 1915 et
1050 1856 1106 1915 ta·
1156 1853 1257 1926 rant,
1283 1841 1483 1918 intendunt.
1535 1848 1596 1923 Fit
1615 1875 1701 1924 usus
1725 1855 1840 1926 facilis
1864 1855 2007 1953 istis,q

119 1977 203 2026 men
223 1970 371 2039 magnae
392 1945 564 2041 reliquiae
579 1969 621 2018 ex
637 1945 807 2018 omnibus
820 1945 987 2018 tribubus
1002 1957 1107 2018 erunt
1155 1941 1270 2012 diocri
1293 1946 1542 2021 exercitatione
1566 1976 1602 2022 se
1624 1957 1880 2044 assuefaciunt,
1911 1971 1953 2029 ut
1975 1984 2007 2030 m

120 2050 325 2149 superstites
361 2062 397 2120 et
432 2048 685 2134 servabuntur,
733 2061 770 2119 et
800 2061 908 2120 erunt
936 2042 1107 2120 haeredes
1154 2043 1241 2114 artis
1262 2044 1301 2114 in
1323 2046 1476 2120 dicendo
1497 2069 1703 2148 sequantur.
1766 2056 1856 2131 Cum
1881 2072 1998 2132 autem

64 2180 74 2197 ·
119 2171 283 2230 aeternae
305 2149 441 2226 salutis.
492 2147 573 2222 Hoc
591 2150 698 2221 modo
715 2147 827 2220 multa
843 2148 1049 2221 iudicantur
1063 2173 1106 2220 er
1155 2145 1244 2217 ctica
1274 2149 1462 2243 praecipue
1489 2158 1684 2227 neccssaria
1715 2159 1761 2230 sit
1784 2156 1979 2248 Ecclesiae,

118 2257 243 2352 figuris
264 2253 520 2346 grammaticis,
542 2251 738 2346 dequibus
760 2250 904 2342 regulae
929 2250 969 2320 in
985 2250 1105 2342 parvis
1153 2248 1315 2319 docendo
1336 2251 1490 2322 maxime
1510 2258 1660 2330 amanda
1683 2271 1719 2330 et
1741 2262 2007 2334 custodiendae

118 2358 328 2453 logicalibus
359 2353 583 2425 obscuriores
611 2353 762 2425 traditae
783 2366 878 2425 suut.
942 2347 1106 2424 Afferant
1155 2348 1294 2443 prietas.
1353 2346 1432 2424 Oro
1459 2352 1575 2427 Deum
1608 2374 1791 2432 aeternum
1820 2360 2007 2438 Patrem]

119 2464 229 2555 igitur
246 2455 393 2530 studiosi
409 2454 648 2551 cognitionem
661 2453 854 2547 figurarum
870 2454 916 2526 ad
931 2452 1104 2527 Dialecti-
1154 2451 1269 2543 nostri
1288 2453 1368 2525 Iesu
1387 2451 1545 2540 Christi,
1574 2462 1795 2535 conditorem
1818 2465 1957 2554 generis
1980 2462 2005 2536 h

120 2588 204 2649 cen,
230 2573 265 2631 et
288 2557 485 2647 adiungant
505 2550 702 2641 rhetorica,
724 2554 813 2630 etin
828 2556 987 2628 obscuris
1001 2556 1106 2629 dietis
1154 2576 1226 2625 una
1249 2577 1330 2624 cum
1352 2555 1428 2627 lilio
1451 2581 1517 2630 suo
1530 2557 1688 2633 Domino
1706 2576 1829 2636 nostro
1848 2564 1927 2637 lesu
1944 2562 2007 2639 Chi

121 2673 294 2760 quaerant
325 2681 401 2729 non
428 2656 649 2752 prodigiosas
679 2658 1005 2750 interpretationes,
1043 2659 1104 2729 sed
1154 2652 1294 2746 Spiritu
1314 2670 1455 2745 saneto,
1480 2672 1521 2731 ut
1545 2686 1626 2734 cum
1651 2660 1745 2736 hanc
1766 2666 1880 2758 ipsam
1900 2667 2007 2739 lucem

120 2788 233 2853 veras,
258 2760 450 2835 concinnas
466 2773 747 2852 etcongruentes
763 2758 809 2832 iis
823 2759 992 2847 materiis,
1016 2783 1105 2854 qua-
1154 2755 1250 2827 tibus
1272 2752 1461 2831 hominurn
1485 2762 1672 2847 inseverit,
1698 2778 1739 2837 ut
1761 2766 1877 2858 ipsum
1899 2793 2007 2861 agnos

116 2892 200 2942 rum
240 2861 511 2957 explicationem
546 2861 750 2939 instituunt.
820 2859 970 2936 Collatis
1009 2862 1104 2933 euim
1154 2870 1188 2929 et
1216 2857 1458 2932 discernamus
1487 2888 1507 2934 a
1538 2867 1727 2955 creaturis,
1760 2881 1797 2939 et
1818 2893 1917 2941 snam
1941 2873 2008 2944 doc

118 2967 289 3043 membris
304 2978 339 3040 et
353 2964 626 3037 circumstantiis
642 2964 790 3037 inrecte
805 2963 964 3058 scriptis,
989 2964 1106 3035 scien·
1153 2961 1425 3052 amplectamur,
1448 2976 1483 3036 et
1503 2967 1749 3040 doctrinarum
1775 2970 1982 3044 discrimina

118 3074 169 3145 tia
191 3069 322 3143 nativa·
335 3069 382 3140 ab
402 3067 465 3153 iis,
498 3065 561 3161 qui
583 3089 659 3139 non
681 3079 766 3140 sunt
785 3089 931 3159 prorsus
950 3060 1106 3151 hebetes,
1153 3083 1296 3154 gamus,
1326 3058 1414 3134 haec
1436 3067 1540 3138 utilia
1563 3069 1678 3140 studia
1703 3069 1913 3143 Dialectices
1933 3088 1969 3145 et
1988 3098 2007 3146 a

119 3188 155 3247 et
182 3186 268 3246 sunt
292 3180 386 3241 recte
408 3167 596 3241 eruditior
621 3180 779 3240 amantes
801 3167 979 3253 veritatis,
1009 3181 1044 3239 et
1064 3166 1103 3238 in
1154 3163 1298 3234 utilium
1320 3164 1451 3237 artium
1474 3172 1641 3241 accendat
1662 3171 1700 3240 in
1718 3173 1842 3252 multis
1856 3188 2004 3267 propter

119 3273 312 3348 iudicando
348 3270 591 3343 dexteritatem
627 3281 663 3341 et
694 3270 884 3341 candorem
919 3263 1104 3351 adhibent,
1154 3263 1261 3349 siam,
1294 3288 1405 3359 eaque
1425 3282 1541 3358 regat,
1572 3260 1647 3341 nec'
1659 3272 1815 3364 extingui
1840 3274 1950 3362 sinat,
1981 3300 2007 3347 st

19 3404 24 3410 ·
119 3370 341 3469 deprehendi
364 3383 481 3463 potest
504 3384 539 3442 et
561 3370 680 3456 cerni,
702 3393 792 3464 quae
806 3369 984 3455 ,vocabola
1002 3369 1104 3464 quasi
1155 3389 1224 3460 que
1248 3380 1362 3438 servet
1385 3391 1507 3440 semen
1528 3373 1675 3462 aliquod
1699 3389 1859 3446 sanctum
1882 3378 2007 3448 interi

119 3476 276 3551 laxanda
296 3471 368 3543 sint
391 3471 590 3558 dilatanda,
616 3494 707 3567 quae
727 3470 991 3565 restringenda,
1013 3494 1104 3566 quae
1154 3492 1226 3562 quo
1249 3491 1330 3538 vere
1351 3469 1536 3542 invocetur
1551 3487 1587 3544 et
1599 3475 1814 3562 celebretur,
1836 3479 1879 3546 ad
1895 3502 2007 3570 quae:

120 3600 203 3672 pars
214 3572 368 3670 propriis
382 3572 516 3658 verbis,
541 3573 900 3667 quasliguratedicta
914 3574 972 3649 sit.
1023 3570 1104 3644 Me·
1154 3565 1342 3640 hominum
1369 3595 1476 3663 opero
1501 3588 1554 3647 est
1576 3578 1769 3648 necessaria
1791 3579 1985 3653 multarum
2006 3635 2007 3644 κ

92 3679 264 3754 ·retrices
280 3675 489 3771 praecedent
506 3697 568 3747 vos
582 3672 622 3774 in
636 3697 748 3769 regno
761 3674 955 3759 coelorum,
980 3673 1105 3747 lasau·
1156 3671 1339 3752 doctrina,
1365 3670 1493 3747 Amen.
