4538 5754
74 212 123 293 57

70 491 128 573 de,
152 511 243 560 cum
258 486 381 581 postea
399 488 535 560 cerebri
549 487 585 556 vi
601 498 862 578 temperantur,
885 485 976 555 frunt
998 482 1057 553 in·

69 602 269 662 strumenta
284 588 447 681 proxima
459 587 641 660 actionum
655 588 694 657 iu
709 587 855 659 cerebro
870 600 904 659 ει
919 587 959 656 in
973 607 1056 655 ncr-

68 693 140 778 vis,
173 703 213 761 et
239 690 337 762 cient
368 690 634 780 cogitationem,
674 712 817 759 sensum
841 702 876 761 et
906 700 1056 758 motum.

66 789 162 865 Corn
186 804 309 864 antem
328 790 401 862 vita
424 791 499 861 sine
516 790 755 881 cogitatione,
780 812 884 861 seusu
908 802 942 861 et
957 800 1056 858 motu

67 891 196 964 similis
209 890 323 963 marti
337 903 445 978 esset,
474 891 625 982 intelligi
648 904 780 983 potest,
803 913 967 982 maguam
983 910 1056 958 esse

68 994 185 1065 cordis
196 992 413 1077 utilitatem,
431 1016 512 1063 cum
528 993 608 1063 funs
623 995 668 1064 sit
681 993 889 1084 spirituum,
910 989 975 1085 qui
990 983 1057 1059 ha-

67 1117 145 1165 rom
174 1116 400 1175 mmmmm
431 1093 613 1167 actionum
649 1094 812 1185 proxima
839 1091 1054 1165 iustrumen-

66 1209 97 1266 ta
117 1207 223 1271 sunt.

166 1312 298 1385 Tertia
319 1311 457 1385 utilitas
482 1326 552 1398 est,
576 1316 673 1407 quod
697 1338 759 1384 cor
779 1336 853 1384 non
867 1311 982 1383 solum
1000 1332 1055 1379 se·

65 1415 124 1486 des
137 1428 194 1487 est
205 1415 424 1500 adfectuum,
447 1417 508 1484 sed
524 1415 605 1485 fons
620 1414 725 1485 etiam
737 1427 769 1485 et
784 1413 927 1507 propria
942 1433 1056 1481 causa.

65 1513 168 1589 Talis
185 1529 242 1587 est
261 1527 379 1587 autem
396 1528 522 1586 natura
539 1508 716 1600 hominis,
740 1529 781 1586 ut
797 1515 868 1586 vita
893 1514 938 1584 sit
952 1510 1055 1581 laeti-

63 1617 117 1688 cia
131 1618 324 1711 quaedam.
364 1613 551 1687 Moesticia
568 1641 652 1688 vero
670 1616 872 1688 destructio.
921 1612 969 1686 Ut
987 1612 1053 1702 igi·

61 1731 121 1789 tur
137 1720 236 1788 vitae
251 1714 396 1787 initium
412 1740 474 1786 cor
488 1730 560 1802 est,
584 1718 632 1787 ita
647 1718 746 1788 sedes
759 1730 811 1788 est
825 1714 968 1808 propria
982 1714 1055 1782 lae-

60 1817 169 1890 ticiae
185 1831 226 1890 et
237 1815 450 1889 moesticiae.
501 1814 555 1887 Ac
567 1816 669 1908 Deus,
686 1812 772 1888 hacc
788 1817 952 1886 mirando
967 1837 1053 1885 con·

61 1920 163 2004 silio,
187 1930 367 2010 utpostea
384 1918 519 2003 dicam,
545 1914 613 1987 hoc
638 1920 745 1988 modo
768 1916 946 2001 condidit,
970 1915 1051 2008 quia

62 2021 138 2092 urit
151 2020 192 2088 in
210 2018 319 2089 corde
340 2018 465 2090 sentiri
486 2019 657 2110 gaudium
685 2019 799 2090 bonae
820 2017 1053 2088 conscientiae

61 2118 442 2214 etpoenasacelerum.

161 2236 384 2331 Quanquam
400 2247 519 2307 autem
533 2261 595 2307 cor
616 2238 725 2308 sentit
741 2259 865 2307 suaves
881 2248 916 2307 ει
929 2235 1051 2306 insua-

62 2362 120 2411 res
134 2338 318 2409 motiones
341 2360 406 2428 per
428 2360 577 2424 nervos,
601 2336 664 2430 qui
684 2361 704 2409 a
719 2351 815 2409 sexto
831 2338 908 2429 pari
922 2360 1051 2406 nervo-

62 2465 141 2512 rum
157 2437 298 2510 cerebri
314 2437 355 2507 iu
372 2461 434 2508 cor
447 2437 589 2508 deducti
608 2451 703 2525 sont,
729 2452 846 2510 tamen
864 2462 924 2508 sua
942 2461 1051 2532 quae·

62 2545 144 2612 dam
156 2552 210 2610 est
223 2552 354 2609 natura
368 2539 504 2623 cordis,
529 2562 599 2631 qua
622 2539 690 2611 ciet
711 2542 888 2626 adfectus,
912 2538 1049 2611 laeticia

61 2643 217 2726 fruitur,
241 2652 278 2710 et
293 2639 509 2710 contabescit
523 2640 660 2714 dolore.

159 2742 258 2814 Sunt
273 2752 393 2811 autem
408 2736 495 2809 baec
510 2739 549 2808 in
571 2740 644 2810 vita
663 2739 867 2832 praecipua:
905 2739 1050 2827 Sensus,

62 2842 259 2937 Cogitatio,
285 2839 431 2926 Motus,
462 2841 588 2910 laetari
611 2841 718 2913 rebus
744 2843 1049 2928 convenientibus,

60 2963 118 3020 sut
131 2945 260 3015 dolere
275 2942 444 3016 adversis.
494 2938 635 3012 Horum
659 2942 785 3014 ultima
803 2944 945 3035 propria
968 2968 1048 3013 cor·

61 3052 116 3121 dis
126 3068 204 3118 ease
219 3046 386 3115 fatemur.
438 3039 563 3135 ltiquc
577 3044 622 3113 ad
637 3037 734 3113 hunc
748 3066 851 3114 usum
868 3043 1047 3138 principa·

60 3152 138 3222 liter
147 3144 343 3220 conditum
362 3156 418 3214 est
438 3167 517 3229 cor,
540 3156 582 3214 ut
596 3143 819 3215 domicilium
833 3141 902 3216 Dei
922 3144 986 3229 sit,
1011 3157 1049 3217 ct

61 3251 180 3323 divina
197 3243 340 3317 laeticia
356 3245 525 3316 refertum
544 3259 713 3334 perpetuo
730 3244 835 3316 vivat.

153 3348 265 3420 Hanc
287 3344 474 3417 mirificam
504 3346 623 3438 operis
645 3346 869 3430 varietatem,
903 3338 1047 3416 ethaeo

58 3447 124 3522 liei
142 3447 319 3528 consilia,
343 3445 433 3517 foris
456 3459 491 3518 et
513 3468 579 3537 per
591 3448 737 3517 densam
752 3447 935 3538 caliginem
951 3446 1045 3540 aspi·

57 3552 207 3631 cientes,
231 3548 536 3639 obstupescimus,
560 3570 601 3619 ac
614 3545 789 3632 dolemus,
814 3571 968 3618 noanon
984 3573 1046 3641 pe·

57 3654 151 3725 nitus
164 3649 403 3740 introspicere
415 3662 592 3733 naturam,
616 3661 653 3720 et
667 3648 916 3725 causasvidere
931 3673 1044 3742 posse.

56 3754 123 3828 seo
137 3768 228 3826 tuuc
247 3752 415 3836 demum,
439 3773 521 3819 cum
541 3749 679 3821 idaeam
700 3762 846 3821 naturae
869 3751 907 3820 in
926 3766 1044 3824 mente

56 3854 175 3929 divina
191 3872 401 3936 cernemus,
424 3863 534 3923 totam
551 3844 646 3922 hanc
659 3845 859 3923 machinam
875 3849 972 3925 velut
986 3853 1043 3931 ixx·

57 3970 111 4029 us
148 3954 385 4048 aspiciemus,
424 3962 460 4021 et
494 3948 632 4041 opificia
667 3952 815 4024 consilia
843 3965 888 4025 ἐι
922 3974 1043 4027 εευεεε

56 4057 216 4128 omnium
232 4077 385 4146 operum
407 4051 614 4123 divinornm
638 4052 887 4144 intelligemus.
937 4053 1043 4128 Nunc

56 4154 223 4230 inchoata
254 4150 323 4227 hac
348 4152 633 4225 consideratione
666 4151 781 4224 Deum
811 4151 1040 4229 architectum

52 4279 306 4351 moremus,
330 4269 367 4326 et
382 4254 483 4327 illius
497 4254 670 4347 perfectae
696 4254 887 4347 sapientiae
903 4258 1042 4331 deside-

51 4362 102 4434 rio
121 4359 378 4435 accendamur.

344 4569 407 4643 Dc
429 4562 591 4649 notum
614 4564 750 4642 cordis.

139 4716 364 4793 Brevissima
377 4717 525 4797 recitari
540 4716 722 4804 utilitates,
738 4740 887 4812 quarum
900 4717 1040 4809 magui-

651 266 690 275 -«
800 208 848 292 11.
897 204 1357 287 conmortuus

167 358 503 472 &mansuum
527 384 625 481 quoa
641 382 787 477 utum
798 382 910 475 gutta
924 382 963 453 tn
978 403 1059 452 ..ε-

2039 212 2089 287 58

1107 402 1187 452 mor
1217 392 1368 452 nonest
1392 373 1576 479 ἐνέργεια,
1601 391 1636 450 ει
1658 400 1802 470 prorsus
1822 381 2001 455 violentus
2027 398 2090 466 est,

1106 481 1269 553 incussus
1302 481 1464 565 aliunde,
1504 506 1569 553 nec
1603 481 1793 555 adiuvatur
1828 485 1945 559 cordis
1984 486 2090 556 incli-

1106 582 1264 655 natione.

1205 697 1271 772 Est
1292 714 1409 773 antem
1434 697 1563 772 Pulsus
1589 714 1707 772 motus
1735 702 1871 788 cordis,
1896 728 1966 798 quo
1992 706 2088 776 dila-

1106 813 1228 873 tantur
1241 815 1275 874 et
1289 797 1548 874 contrahuntur
1563 802 1750 873 ventriculi
1767 805 1901 890 cordis,
1925 820 1966 876 ut
1980 819 2089 877 attra-

1106 896 1190 973 here
1205 918 1321 977 aerem
1337 915 1372 974 et
1388 899 1550 974 exhalare
1565 903 1694 994 possit,
1720 905 1804 975 item
1827 918 1868 976 ut
1882 919 2025 994 generet
2048 930 2090 977 ac

1106 1005 1320 1077 transmittat
1351 1005 1507 1096 spiritus.
1566 1002 1657 1074 Nam
1691 1006 1791 1076 cordi
1822 1007 2089 1098 refrigeratione

1106 1127 1196 1196 opus
1218 1119 1279 1177 est.
1327 1101 1378 1177 Et
1397 1107 1487 1176 mira
1514 1106 1692 1197 copulatio
1716 1120 1769 1177 est
1791 1108 1882 1179 airis
1910 1134 1989 1180 cum
2020 1135 2088 1179 no·

1106 1207 1187 1277 stris
1208 1207 1428 1298 corporibus.
1480 1204 1528 1279 Ut
1551 1206 1647 1277 enim
1670 1207 1850 1279 nutrimur
1871 1211 1977 1291 rebus
1994 1211 2087 1280 natis

1104 1331 1146 1377 ex
1162 1320 1315 1400 quatuor
1335 1307 1536 1388 elementis,
1562 1308 1646 1402 quia
1670 1332 1711 1378 ex
1735 1304 1792 1379 his
1811 1324 1846 1380 et
1870 1326 1988 1383 nostra
2006 1336 2087 1382 cor-

1105 1431 1191 1499 pora
1204 1409 1354 1479 conflata
1372 1421 1466 1495 sunt,
1488 1408 1538 1479 ita
1555 1433 1636 1480 curn
1651 1409 1691 1477 in
1705 1411 1786 1481 ae're
1798 1434 1990 1498 versemur,
2005 1414 2088 1502 plu-

1104 1509 1234 1581 rimum
1255 1503 1440 1581 haurimus
1461 1508 1570 1596 aeris,
1597 1522 1632 1580 et
1647 1504 1706 1580 hic
1726 1526 1896 1603 temperat
1910 1513 2088 1586 lucidissi-

1105 1633 1197 1679 mam
1211 1610 1410 1697 flammam,
1436 1634 1526 1705 quae
1541 1624 1592 1682 est
1607 1611 1753 1703 spiritus
1768 1612 1897 1686 vitalis.

1205 1726 1392 1800 Praeterea
1415 1753 1480 1800 nec
1510 1729 1681 1823 percoqui
1709 1730 1855 1823 spiritus
1880 1733 1957 1803 sine
1986 1746 2087 1803 motu

1104 1841 1234 1919 potest,
1260 1831 1378 1901 necin
1394 1831 1541 1903 arterias
1555 1830 1695 1923 expelli.

1205 1960 1263 2034 Fit
1280 1975 1394 2033 autem
1409 1957 1496 2032 baec
1512 1962 1672 2035 dilatatio
1688 1978 1723 2035 et
1736 1963 2086 2040 εοιιιεεειίοὸιαστο-Ι

1104 2059 1147 2156 td
1166 2059 1229 2134 καὶ
1248 2057 1425 2156 vverolti,
1452 2087 1515 2135 sua
1538 2066 1690 2158 quadam
1714 2068 1831 2135 cordis
1852 2082 1997 2156 natura,
2020 2093 2086 2139 uec

1103 2166 1236 2254 regitur
1257 2189 1275 2233 a
1298 2168 1442 2235 cerebro
1464 2179 1526 2236 aut
1549 2165 1679 2236 nervis.
1730 2165 1801 2237 Sed
1821 2171 1985 2260 propriae
2002 2184 2086 2263 suut

1102 2265 1219 2336 cordis
1244 2265 1369 2350 fibrae,
1403 2261 1509 2337 huius
1529 2280 1649 2337 motus
1666 2267 1840 2341 rectrices.
1891 2269 1963 2340 Nec
1979 2272 2083 2361 plura

1101 2361 1160 2436 hic
1177 2367 1306 2435 addam
1322 2368 1365 2436 de
1383 2367 1612 2451 differentiis,
1639 2379 1777 2439 tantum
1793 2368 1999 2440 brevissime
2019 2373 2084 2440 ad·

1101 2489 1229 2536 murteo
1246 2467 1422 2554 iuniores,
1444 2482 1484 2538 ut
1506 2468 1679 2558 cogitent,
1704 2470 1921 2541 necessitatis
1943 2495 2004 2543 seu
2028 2472 2084 2542 vi-

1100 2582 1156 2639 tae
1179 2590 1300 2654 causa,
1332 2570 1377 2639 ad
1400 2564 1466 2640 hos
1496 2592 1581 2641 usus
1602 2570 1744 2662 pulsum
1773 2571 1973 2644 institutum
1997 2597 2083 2653 csse,

1100 2670 1184 2762 quia
1201 2664 1269 2739 hoc
1285 2683 1386 2741 motu
1403 2665 1593 2742 attrahitur
1611 2684 1646 2741 et
1665 2670 1852 2761 expellitur
1865 2676 1945 2759 ae'r,
1972 2690 2005 2746 et
2019 2676 2085 2745 ad-

1100 2771 1243 2841 iuvatur
1259 2771 1438 2861 generatio
1455 2784 1488 2841 et
1506 2771 1724 2842 transmissio
1745 2774 1948 2864 spirituum.
2022 2772 2025 2777 ’

1200 2888 1302 2960 Alter
1310 2903 1428 2962 motus
1445 2890 1483 2959 io
1496 2891 1602 2959 corde
1612 2890 2005 2981 nominaturAdfectus,
2019 2894 2082 2988 qui

1098 2988 1349 3078 cogitationem
1364 2993 1533 3091 sequitur,
1556 3003 1591 3060 et
1605 2992 1809 3061 accenditur
1823 2994 1984 3089 noticiis,
2010 3009 2082 3066 est-

1099 3113 1168 3183 que
1184 3089 1293 3163 totius
1309 3091 1426 3161 cordis
1441 3091 1497 3160 vel
1513 3090 1693 3173 dilatatio,
1717 3104 1757 3163 ut
1773 3092 1812 3162 in
1826 3094 1982 3183 laeticia,
2010 3120 2082 3190 qua

1097 3214 1161 3263 cor
1182 3192 1289 3263 sentit
1309 3191 1525 3286 voluptatem
1548 3214 1612 3262 scu
1639 3190 1865 3280 suavitatem,
1896 3198 1953 3267 vel
1982 3220 2081 3267 com·

1097 3293 1254 3383 pressio,
1278 3306 1320 3365 ut
1334 3293 1373 3364 in
1396 3291 1592 3380 moesticia,
1617 3315 1686 3389 qua
1708 3317 1857 3365 cornon
1880 3297 2081 3369 sentitsua·

1096 3392 1261 3479 vitatem,
1289 3396 1350 3465 sed
1382 3394 1561 3480 dolorem,
1593 3407 1629 3465 et
1651 3395 1785 3467 torrelit
1813 3420 1853 3467 ac
1873 3399 2080 3470 destruitur.

1095 3488 1174 3565 Etsi
1195 3508 1312 3567 autem
1334 3497 1380 3566 ad
1401 3490 1497 3567 hunc
1518 3516 1660 3569 sensum
1675 3495 1867 3589 voluptatis
1889 3513 1924 3571 et
1942 3502 2078 3570 doloris

1096 3597 1198 3666 nervi
1218 3610 1455 3678 concurrunt,
1487 3609 1608 3668 umen
1634 3610 1760 3669 natura
1789 3598 1906 3671 cordis
1933 3604 2078 3698 proprie

1094 3699 1296 3769 adfectuum
1311 3722 1412 3769 causa
1429 3711 1492 3771 est.

1193 3812 1311 3885 Multa
1327 3827 1411 3885 sunt
1424 3828 1540 3886 autern
1556 3813 1725 3887 miracula
1740 3815 1778 3886 in
1794 3810 1859 3888 hac
1874 3842 1923 3893 re.
1974 3819 2077 3909 Quo-

1093 3916 1201 3985 modo
1231 3916 1327 3984 euim
1354 3914 1453 3985 feriri
1481 3915 1587 3985 corda
1613 3915 1754 3987 noticiis
1781 3919 1952 4009 possunt?
2001 3916 2077 3991 Aut

1094 4039 1184 4110 quae
1198 4015 1252 4085 vis
1267 4030 1318 4088 est
1335 4016 1469 4089 cerebri
1486 4027 1520 4086 et
1533 4014 1723 4106 spirituum
1739 4019 1944 4093 ferientium
1957 4024 2076 4105 corda,

1092 4130 1132 4188 ut
1148 4131 1220 4189 tam
1236 4118 1325 4187 varii
1341 4131 1458 4188 motus
1474 4116 1655 4188 cicantur?
1683 4117 1754 4191 Hie
1766 4123 1952 4194 ostendere
1967 4123 2073 4190 aliam

1092 4240 1232 4288 causam
1261 4242 1334 4288 non
1358 4241 1561 4308 possumus,
1592 4219 1663 4289 nisi
1687 4222 1771 4317 quia
1794 4221 1844 4294 sic
1862 4222 2003 4293 condita
2020 4236 2090 4321 est,

1092 4332 1236 4400 natura,
1261 4333 1302 4390 ut
1321 4320 1402 4391 talia
1420 4319 1467 4391 sit
1486 4320 1623 4391 cerebri
1643 4334 1680 4394 ει
1692 4324 1809 4394 cordis
1828 4344 2020 4394 consensus
2032 4345 2074 4394 ac

1092 4411 1323 4513 συμπάθεια.
1372 4418 1499 4493 Voluit
1517 4416 1616 4494 Deua
1637 4424 1754 4493 lucere
1775 4444 1859 4493 suae
1879 4425 2073 4515 sapientiae

1090 4521 1210 4592 radios
1226 4521 1264 4592 in
1281 4523 1425 4594 cerebro
1440 4537 1575 4598 nostro.
1625 4520 1717 4593 Cum
1734 4518 1840 4596 biset
1860 4527 1966 4597 corda
1984 4548 2073 4597 con·

1089 4642 1214 4712 gruere
1228 4625 1360 4705 voluit,
1385 4624 1552 4696 laetantia
1566 4622 1745 4712 agnitione
1760 4622 1844 4714 Dei,
1869 4627 1991 4719 etipse
2006 4630 2072 4698 ad·

1089 4745 1163 4794 esse
1178 4723 1216 4793 in
1233 4726 1401 4797 cordibus
1417 4724 1566 4813 nostris,
1591 4737 1759 4821 tanquam
1775 4727 1815 4796 in
1830 4730 1911 4799 sede
1925 4751 1987 4800 sua
2004 4754 2071 4800 vo-

50 4824 134 4897 tudo
166 4833 316 4912 superat
351 4819 515 4890 omnium
546 4812 735 4890 hominum
764 4820 972 4910 sapientiam
1004 4835 1037 4894 et
1087 4823 1168 4915 luit,
1195 4840 1228 4899 ει
1243 4827 1455 4918 perfundere
1471 4849 1537 4896 nos
1552 4846 1615 4895 sua
1630 4826 1709 4897 luce
1724 4841 1758 4899 et
1772 4829 1921 4906 laeticia.
1970 4825 2071 4901 llaec

49 4923 304 5022 eloquentiam.
363 4919 481 4992 Pauca
510 4919 615 4992 etiarn
646 4924 691 4992 de
717 4920 874 4999 motibus
902 4923 1037 4992 adden-

50 5029 91 5100 da
108 5037 209 5099 sont.

1087 4924 1207 4997 minus
1230 4927 1478 5019 intelligimus,
1506 4926 1588 5021 quia
1612 4928 1727 5020 prima
1752 4932 1886 5002 cerebri
1903 4944 1937 5003 et
1951 4933 2069 5003 cordis

1087 5019 1291 5116 harmonia,
1329 5053 1434 5123 quam
1472 5024 1568 5099 Deua
1607 5030 1787 5116 condidit,
1824 5036 1965 5105 turbata
2003 5047 2068 5107 est.

144 5124 236 5200 lluo
259 5135 344 5196 sunt
365 5133 483 5192 autem
500 5141 630 5211 genera
652 5133 834 5202 motuum,
856 5119 917 5216 qui
936 5120 1035 5193 cordi
1085 5124 1190 5199 Nunc
1204 5128 1313 5221 igitur
1327 5131 1375 5201 ita
1390 5129 1583 5222 disputant,
1609 5133 1765 5203 adfectus
1781 5135 1988 5208 comitantes
2000 5158 2068 5207 no·

49 5229 243 5302 seuxndum
261 5232 428 5299 natum
442 5234 661 5314 competunt,
686 5245 748 5293 sen
765 5222 922 5316 quisunt
935 5222 1034 5319 iusp-
1085 5227 1226 5319 liciam,
1254 5245 1293 5303 ut
1326 5232 1436 5316 iram,
1467 5231 1632 5302 incendia
1666 5256 1843 5323 amorum,
1874 5237 2069 5317 laeticiam,

48 5326 151 5427 roim.
202 5325 336 5402 Pulsus
356 5323 525 5399 videlicet
531 5375 545 5412 ,
567 5336 604 5396 et
616 5325 798 5400 Adfectus.
849 5322 940 5401 Nam
960 5339 1032 5398 trc-
1083 5352 1201 5423 spem,
1232 5345 1374 5420 metus,
1391 5326 1460 5404 hoe
1482 5336 1590 5405 modo
1613 5335 1775 5424 excitari,
1800 5339 1884 5432 qnia
1907 5339 2067 5410 estferi-
