4538 5754
104 225 211 311 ‚uas
711 205 835 285 rura.
864 205 981 281 nau
1006 204 1217 282 scarras
1244 169 1544 308 axaosuc'a
2051 207 2143 282 isso

113 400 151 467 in
175 390 391 473 ministerio,
426 388 484 456 sed
510 404 633 454 omnes
655 382 754 450 uncti
777 395 811 451 et
833 381 946 450 vocati
963 393 1046 451 sunt
1063 381 1108 449 ad
1159 380 1404 472 significabant
1417 381 1515 450 aliud
1535 381 1663 450 melius
1685 381 1918 466 sacrificium,
1947 404 2024 474 quo
2041 374 2150 450 homi.

114 496 395 572 confessionem,
421 487 705 562 invocationem,
732 484 832 553 etad
858 481 1109 553 sanctificatio·
1161 506 1225 552 nes
1243 482 1559 556 sanctificarentur.

63 586 70 593 ⁸
115 625 215 683 nem,
247 608 388 684 accepto
422 592 538 660 fructu
562 584 724 656 sacrificii
753 585 884 654 summi
907 584 1111 667 sacerdotis,
1261 578 1470 653 Secundum
1490 578 1674 653 'ordinem
1704 575 2002 657 Malchizadacls,
2064 579 2150 651 Hm

117 715 151 772 tl
174 702 219 769 ad
243 697 424 766 offerenda
449 688 617 762 sacrificis
640 686 772 755 laudis:
806 687 855 756 ita
884 711 958 755 non
980 689 1108 754 obscu-
1160 685 1362 754 differentia
1379 687 1548 757 discernit
1566 684 1717 755 Messias
1743 687 1984 756 sacerdotium
2013 684 2152 754 aberi-

118 827 197 874 rum
214 799 404 881 discrimen
422 806 474 864 est
490 793 584 861 iuter
606 789 822 858 sacerdotem
843 803 878 857 et
896 789 1111 859 ministrum.
1160 787 1253 871 tico,
1278 787 1380 880 quasi
1404 788 1517 871 dicat,
1543 786 1694 857 Messias
1717 788 1784 858 erit
1806 791 1974 857 sacerdo,
1997 810 2072 857 „on
2091 783 2151 854 [Λ.

224 901 297 970 lam
322 903 366 968 de
386 896 547 988 partibus
569 888 790 960 delinitionis
807 889 1007 958 testimonia
1025 910 1112 956 con·
1162 888 1306 967 viticus,
1334 912 1408 957 non
1424 890 1584 982 typicus,
1609 913 1684 957 non
1706 904 1863 959 mactans
1884 890 2062 979 pecudes,
2086 911 2151 956 non

120 1007 270 1087 fidem,
306 1023 396 1093 quae
428 995 652 1067 dultsssim‘
679 991 943 1060 ⁶⁰¹¹Solsll⁰nes
979 1012 1113 1080 propt)⁴
1162 990 1380 1060 ceremonias
1396 990 1484 1080 legis
1499 1005 1533 1061 et
1549 990 1881 1061 condemnationem
1905 1013 2063 1072 sonans,
2087 1013 2152 1057 nou

120 1120 224 1176 nunt.
277 1102 330 1170 De
353 1100 524 1171 unctione
548 1094 725 1166 diciturss.
744 1089 827 1166 Cor.
856 1097 903 1160 l.:
938 1091 1036 1160 Deus
1050 1088 1113 1183 qui
1162 1091 1342 1176 inefficax,
1368 1091 1677 1164 sicutLeviticiet
1699 1093 1808 1185 typici
1833 1090 2072 1175 Sacerdotes,
2101 1091 2151 1159 sed

121 1208 306 1280 ⁰⁰¹¹fifm³l
328 1225 395 1270 ¹¹⁰³
412 1199 595 1271 V⁰bl⁸⁰⁰ffl
613 1195 650 1263 5¹¹
671 1190 835 1277 Chfi⁸l⁰s
862 1207 894 1264 el
918 1193 1021 1263 until
1037 1215 1115 1272 ¹¹08,
1163 1193 1231 1263 erit
1245 1194 1408 1264 sacerdos
1424 1194 1555 1264 sonans
1569 1194 1866 1278 benedictionem,
1891 1194 1988 1264 sicut
2006 1186 2151 1264 Melchi-

122 1325 156 1382 et
179 1310 342 1396 obsignat
365 1307 456 1373 dans
476 1295 713 1371 arrhabonem
737 1294 911 1386 Spiritum
940 1295 976 1362 iu
996 1294 1114 1363 cordi·
1164 1288 1292 1364 zedech
1309 1294 1490 1366 benedicit
1504 1289 1682 1366 Abrahae.
1732 1291 2008 1366 Considersuda
2030 1292 2152 1381 estigi-

122 1413 190 1482 bus
206 1409 346 1478 nostris.
398 1402 467 1473 Hic
485 1401 592 1472 simul
609 1400 713 1469 docet
727 1397 933 1468 unctionem
951 1420 1025 1467 esse
1050 1395 1115 1464 do·
1164 1410 1223 1466 tur
1253 1392 1461 1467 antithesis:
1493 1395 1673 1468 Leviticus
1703 1400 1866 1467 sacerdos
1894 1411 1977 1468 erat
2015 1396 2154 1490 typicus,

123 1513 304 1584 nationem
327 1507 482 1597 Spiritus
500 1500 625 1573 sancti.
1167 1497 1386 1589 praecipiens
1405 1497 1517 1588 legem
1546 1512 1582 1568 et
1602 1496 1841 1581 ceremonias,
1868 1511 1903 1569 et
1928 1497 2087 1569 offerens
2106 1511 2153 1590 ty·

225 1612 390 1684 Secundo
413 1604 570 1675 ordinati
596 1602 639 1671 ad
673 1599 952 1682 confessionem,
990 1611 1024 1668 et
1051 1621 1115 1687 pro
1167 1598 1244 1690 pica
1265 1598 1456 1683 sacrificia,
1489 1611 1522 1668 et
1546 1623 1676 1670 sonans
1702 1600 2065 1680 condemnationem,
2089 1621 2153 1668 non

124 1730 284 1807 ternpore
310 1713 353 1781 ad
378 1705 635 1787 ministerium,
669 1714 704 1771 et
727 1702 770 1770 ad
788 1700 956 1769 sacrificia
989 1698 1117 1768 laudis.
1167 1701 1309 1791 placans
1332 1700 1422 1769 iram
1442 1697 1531 1785 Dei,
1564 1725 1638 1769 non
1662 1701 1791 1771 tollens
1812 1715 2000 1793 peccatum
2018 1714 2154 1773 etmor·

128 1821 161 1888 1.
176 1817 252 1889 Pet.
266 1817 316 1884 ΞΑ
346 1809 393 1883 Ut
409 1806 635 1878 annuncietis
654 1803 802 1872 virtutes
824 1802 920 1887 eius,
945 1803 1006 1894 qui
1025 1800 1118 1868 libe-
1167 1817 1257 1880 tem,
1287 1824 1362 1870 non
1386 1802 1539 1871 reddens
1566 1802 1742 1872 iusticiam
1767 1818 1802 1873 ct
1826 1803 1936 1872 vitam
1968 1817 2156 1874 aeternam.

126 1920 220 1992 ravit
236 1939 352 1986 voses
370 1911 538 1984 tenebris.
590 1902 707 1977 Oscae
726 1901 801 1977 14.:
833 1900 1042 1975 Reddemus
1063 1901 1117 1970 vi.
1167 1902 1216 1973 Αι
1241 1900 1390 1971 Meuia,
1413 1901 1519 1973 offe„
1542 1927 1665 1973 ,emm
1693 1903 1905 1975 sacrificium
1935 1916 1973 1975 e,
1998 1905 2156 1996 seipsum,

125 2022 220 2095 l⁰l⁰⁸
233 2019 423 2089 ltblffluffl·
1169 2004 1284 2096 placat
1299 2003 1391 2073 iram
1406 1999 1495 2084 Dei,
1519 2004 1697 2075 benedicit
1713 2007 1836 2092 nobis,
1863 2006 1900 2073 id
1917 2017 1991 2089 est,
2020 2029 2157 2075 annun.

229 2118 376 2201 Tertio,
409 2115 506 2209 quod
532 2130 656 2181 omnes
685 2131 758 2178 uno
790 2102 960 2176 sacrificio
988 2103 1116 2173 summi
1168 2104 1236 2176 ciat
1259 2117 1295 2174 et
1317 2107 1427 2176 donat
1451 2106 1555 2174 nobis
1577 2106 1820 2176 remissionem
1851 2119 2100 2198 peccatorum,
2128 2119 2158 2176 et

127 2223 318 2296 sacerdotis
335 2216 609 2296 sanctificentur,
634 2232 795 2301 expresse
808 2209 944 2278 dictum
962 2219 1025 2291 est,
1044 2229 1119 2275 uno
1169 2206 1370 2278 benedictio
1393 2219 1447 2277 est
1468 2207 1605 2292 efficax,
1631 2209 1786 2278 restituit
1800 2206 1838 2276 in
1857 2209 1963 2279 nobis
1985 2208 2158 2279 iusticiam

128 2325 298 2400 sacrificio
318 2315 577 2392 consummavit
593 2311 755 2384 Sanctus.
1169 2324 1204 2380 et
1232 2306 1342 2378 vitam
1371 2320 1570 2394 aeternam,
1602 2309 1755 2399 colligit,
1790 2310 1946 2380 custodit
1976 2323 2014 2381 ει
2039 2310 2174 2380 libent,

231 2425 393 2515 Quarto,
426 2421 523 2513 quod
550 2413 821 2506 promissionem
848 2405 1042 2479 habeamus
1066 2408 1118 2476 al·
1171 2405 1384 2494 Ecclesiam,
1409 2423 1449 2479 ut
1463 2410 1502 2478 in
1517 2410 1617 2481 omui
1633 2410 1840 2482 aeternitate
1857 2436 1938 2482 cum
1951 2411 2035 2503 ipso
2049 2408 2156 2482 Deum

129 2531 330 2600 firmantem
361 2545 428 2592 uos
452 2516 613 2591 exaudiri
646 2527 792 2605 propter
814 2507 911 2580 hunc
941 2531 1118 2579 summum
1171 2511 1336 2584 celebret,

131 2632 369 2710 sacerdotem,
396 2622 581 2693 manifeste
595 2629 741 2687 testatur
757 2637 825 2682 vox
839 2607 993 2695 Christi,
1018 2608 1118 2680 loan.
1275 2611 1323 2683 Ut
1354 2612 1450 2681 enim
1482 2613 1723 2703 intelligamus
1758 2612 1939 2685 psalmum
1973 2616 2022 2685 de
2060 2613 2157 2684 boni,

136 2735 212 2807 ts:
245 2724 430 2821 Quicquid
453 2718 624 2815 petieritis
647 2730 783 2809 patrem
802 2715 842 2781 in
865 2713 1012 2784 nomine
1029 2734 1121 2792 meo,
1171 2712 1325 2784 aeternis
1341 2713 1461 2807 loqui,
1492 2739 1651 2805 expresse
1672 2715 1791 2785 addita
1815 2731 1867 2788 est
1882 2716 2077 2809 particula:
2102 2708 2155 2782 Tu

132 2833 235 2905 dabit
256 2829 369 2904 vobis.
426 2823 494 2896 His
516 2817 821 2893 consolationibus
843 2837 909 2884 nos
932 2814 1122 2884 confirme-
1171 2836 1209 2884 cs
1230 2809 1401 2884 sacerdos
1422 2812 1465 2882 'in
1486 2824 1694 2902 aeternum,
1726 2817 1826 2910 quasi
1850 2818 1965 2904 dicat,
2000 2815 2155 2888 Ministe-

133 2959 231 3020 mus,
254 2932 406 3002 sciamus
423 2951 489 2998 nos
503 2949 584 2995 vere
597 2921 754 2991 membra
772 2939 846 2989 esse
869 2913 976 2987 huius
991 2913 1120 2986 summi
1173 2917 1265 2988 rium
1281 2915 1482 2997 Leviticum
1506 2942 1586 2987 cum
1612 2918 1736 3010 politia
1765 2916 1873 2991 lana}
1907 2920 2066 2990 aetem„
2097 2917 2152 2985 „a

135 3034 345 3118 sacerdotis,
377 3045 412 3101 et
442 3030 650 3098 mandatum
671 3018 738 3092 Dei
764 3042 857 3104 esse,
891 3032 931 3089 ut
953 3017 1122 3087 beneficia
1173 3018 1411 3089 ministerium
1447 3043 1618 3110 personae
1646 3018 1799 3089 Messias
1829 3022 1936 3090 durat
1967 3022 2017 3090 ab
2052 3017 2154 3101 initio,

134 3137 244 3211 huius
257 3134 387 3207 summi
402 3130 594 3202 sacerdotis
607 3123 838 3216 accipiamus,
866 3133 900 3190 et
915 3118 1121 3211 promissio·
1174 3122 1383 3212 deprecatur
1404 3145 1470 3212 pro
1495 3143 1622 3210 genere
1648 3115 1807 3191 humano
1831 3122 1950 3191 statim
1978 3136 2059 3212 post
2086 3120 2153 3210 lap-

135 3267 198 3314 nes
214 3240 283 3332 ipsi
297 3252 332 3309 et
347 3236 451 3306 nobis
469 3231 618 3304 traditas
633 3249 724 3306 esse,
752 3238 786 3296 et
808 3246 890 3293 vere
914 3244 980 3292 nos
995 3218 1125 3312 recipi,
1174 3245 1250 3292 sum
1266 3234 1302 3292 et
1317 3222 1434 3312 lapsos
1448 3223 1621 3307 restituit,
1647 3235 1724 3292 orat
1742 3248 1805 3313 pro
1823 3223 1892 3309 eis,
1919 3237 1954 3294 et
1969 3221 2154 3294 annunciat

136 3340 314 3423 exaudiri,
343 3333 573 3413 sanctificari,
608 3341 642 3400 et
663 3326 807 3396 liberari
835 3324 880 3394 ab
905 3323 959 3393 ira
981 3335 1123 3394 aeterna
1174 3324 1225 3395 eis
1246 3323 1518 3414 promissionem
1543 3325 1587 3393 de
1612 3325 1764 3408 semine,
1792 3338 1826 3393 et
1849 3325 1992 3395 assidue
2014 3321 2153 3395 custodis

136 3456 282 3538 Pf⁰Pl⁰f
303 3437 400 3508 hunc
421 3459 600 3506 mmmm
627 3430 854 3499 ⁸³⁶⁰td0lem·
906 3420 953 3494 El
976 3426 1124 3493 manda·
1174 3423 1377 3495 Ecclesiam.
1404 3423 1530 3495 Postea
1547 3450 1611 3495 suo
1628 3438 1787 3516 tempore
1803 3426 1906 3497 offert
1921 3450 2009 3512 sese,
2033 3429 2153 3496 interea

136 3562 214 3618 turn
244 3554 278 3612 et
307 3539 495 3631 promissio
526 3525 840 3624 comprehenditur
868 3526 907 3594 in
932 3522 988 3595 his
1009 3524 1125 3610 dictis,
1174 3549 1313 3619 semper
1339 3551 1404 3618 pro
1430 3540 1502 3598 tota
1524 3524 1681 3597 Ecclesia
1713 3527 1919 3612 intercedit,
1953 3544 1996 3600 ut
2020 3531 2065 3597 ad
2088 3523 2153 3595 He·

139 3645 304 3719 loan.6.:
335 3638 432 3710 Haec
454 3651 506 3710 est
530 3638 695 3708 voluntas
718 3631 847 3723 patris,
873 3642 915 3699 ut
928 3628 1044 3697 omnis
1062 3627 1126 3721 qui
1175 3630 1300 3699 braeos
1322 3628 1468 3700 dicitur:
1503 3627 1649 3720 Semper
1670 3630 1793 3698 vivens
1823 3645 1863 3700 ut
1884 3629 2079 3701 intercedat
2098 3649 2152 3718 pro

138 3748 250 3821 credit
282 3746 320 3812 in
352 3738 449 3812 huuc
474 3737 607 3809 Filium
639 3731 767 3805 habeat
797 3732 905 3801 vitam
934 3743 1126 3801 aeternam.
1175 3731 1245 3815 eis,
1270 3753 1408 3821 semper
1425 3730 1560 3821 colligit
1583 3726 1779 3801 Ecclesiam
1805 3729 2005 3820 Evangelio
2030 3748 2063 3805 et
2082 3728 2152 3822 Spi-

138 3849 245 3921 Hunc
276 3869 453 3915 summum
486 3842 700 3912 sacerdotem
728 3855 957 3925 agnoscamus
989 3853 1127 3922 semper
1175 3833 1248 3902 ritu
1272 3845 1411 3917 sancto,
1438 3845 1472 3901 et
1494 3827 1580 3903 haec
1603 3844 1723 3924 postea
1738 3856 1819 3902 cum
1834 3857 1876 3902 eo
1895 3835 1993 3905 vivet
2013 3829 2152 3903 inomni

139 3967 231 4024 stare
248 3951 286 4018 in
302 3945 433 4018 Sancto
447 3958 670 4025 sanctornm,
696 3939 732 4008 id
748 3952 817 4022 est,
843 3937 882 4004 iu
896 3958 1024 4004 arcano
1040 3955 1126 4003 con·
1175 3934 1399 4017 aeternitate,
1424 3957 1507 4001 nam
1526 3958 1607 4004 cum
1624 3935 1670 4004 sit
1686 3949 1877 4027 perpetuus
1892 3939 2075 4020 sacerdos,
2097 3957 2152 4004 nc·

139 4054 220 4127 silio
243 4048 458 4131 divinitatis,
491 4058 525 4115 et
555 4038 781 4121 interpellare
812 4062 878 4129 pro
903 4036 1028 4120 nobis,
1059 4057 1126 4103 nos
1176 4057 1269 4107 cesse
1290 4048 1344 4105 est
1366 4058 1446 4104 eum
1474 4030 1606 4106 habere
1636 4051 1774 4107 coetum
1799 4037 1900 4106 tutu,
1922 4037 2153 4107 ⁸51³„qu

138 4154 250 4249 ipsius
267 4165 406 4223 coetum
422 4170 513 4227 esse,
540 4170 605 4236 pro
629 4167 699 4238 quo
716 4141 791 4233 ipse
808 4142 878 4211 fuit
899 4137 1065 4231 supplex,
1091 4149 1127 4206 et
1175 4134 1222 4208 Et
1237 4139 1543 4209 adducet'coetum
1559 4162 1664 4231 quem
1681 4137 1822 4228 collegit
1838 4140 1883 4207 ad
1902 4153 2153 4230 aeteruumpa·

139 4250 247 4330 iacuit
268 4277 387 4326 coram
407 4248 483 4321 Deo
499 4261 696 4342 prostratus
710 4245 747 4312 in
765 4266 828 4315 suo
843 4264 973 4333 agone,
1000 4255 1034 4310 et
1049 4239 1126 4329 pls-
1176 4254 1286 4325 trem,
1312 4253 1345 4308 et
1367 4262 1485 4309 coram
1509 4264 1551 4310 eo
1567 4240 1674 4310 stabit
1695 4264 1775 4309 cum
1792 4263 1856 4310 suo
1873 4253 1996 4333 coetu,
2025 4241 2154 4312 eritiu-

139 4361 232 4432 cavit
245 4359 335 4427 iram
350 4352 416 4422 Dei
434 4375 546 4444 poena
561 4351 601 4420 in
614 4371 688 4420 sese
703 4344 878 4430 derivata,
905 4366 969 4412 nec
985 4342 1127 4412 dubite-
1176 4354 1297 4413 coator
1310 4354 1343 4411 et
1360 4336 1510 4436 ἕξαρχὸς
1523 4341 1715 4431 gratiarum
1733 4341 1881 4411 actionis
1893 4354 1928 4410 et
1941 4342 2102 4428 laudum,
2123 4356 2155 4414 et

110 4523 113 4532 .
139 4486 220 4533 mus
236 4457 347 4553 ipsius
362 4455 526 4526 lacrimas
549 4466 584 4525 et
606 4448 758 4544 gemitus
773 4470 838 4539 pro
859 4444 965 4516 nobis
981 4443 1128 4514 exaudi·
1175 4439 1332 4514 Ecclesia
1356 4466 1478 4512 vocem
1501 4445 1576 4513 eius
1606 4457 1790 4537 sequetur,
1822 4457 1858 4515 et
1883 4444 1994 4516 discet
2023 4448 2070 4518 ab
2096 4440 2155 4516 hoc

139 4577 194 4636 ¹⁰⁸
217 4585 302 4633 ²⁸⁸²·
1176 4549 1320 4616 doctore
1338 4544 1545 4635 sapientiam
1564 4546 1734 4616 divinam.

241 4662 413 4736 Sacerdos
433 4661 572 4753 typicus
593 4669 644 4726 est
668 4668 783 4730 certus
801 4643 963 4719 minister
979 4647 1127 4717 ordina·
1273 4645 1371 4718 Sunt
1392 4647 1502 4737 igitur
1515 4648 1666 4717 illustria
1688 4645 1894 4717 discrimina
1910 4650 2093 4742 proposita
2108 4672 2156 4719 n.

140 4782 197 4839 tus
220 4769 264 4836 ad
288 4765 482 4833 docendam
506 4762 635 4849 legem,
660 4769 696 4826 ct
719 4757 763 4824 ad
780 4751 949 4823 sacrificia
969 4773 1127 4820 ceremo·
1175 4749 1324 4818 cerdotii
1347 4749 1474 4842 typici,
1500 4763 1534 4820 et
1559 4745 1667 4820 huius
1686 4749 1761 4818 veri
1784 4751 1971 4820 sacerdotii
1999 4749 2157 4835 Messiae,

139 4869 268 4953 nialia,
302 4866 365 4959 qui
397 4878 515 4937 tamen
542 4859 650 4930 simul
679 4853 805 4928 habuit
827 4855 1054 4934 mandatum,
1086 4865 1127 4922 ut
1175 4873 1257 4920 cum
1281 4843 1444 4922 nominat
1464 4876 1546 4922 eum
1569 4853 1783 4921 sacerdotem
1815 4853 1854 4920 iu
1891 4866 2096 4941 aeternum,
2127 4865 2158 4923 ct

139 4976 251 5062 legem
274 4985 306 5041 et
330 4965 548 5038 ceremonias
570 4962 880 5052 interpretaretur,
905 4968 939 5025 et
962 4953 1127 5024 ostende-
1176 4955 1371 5023 secundum
1389 4955 1552 5024 ordinem
1576 4947 1853 5025 Melchisedech.
1907 4952 2085 5048 Typicnm
2102 4957 2157 5026 de.

140 5090 195 5148 ret
210 5074 309 5165 sigua
326 5094 399 5141 esse
416 5065 557 5136 venturi
572 5062 735 5147 Messiae,
761 5060 856 5155 qnod
874 5058 935 5152 qui
952 5055 1128 5125 iaciebant
1176 5054 1279 5141 sinit,
1306 5079 1380 5125 uon
1405 5057 1500 5128 tollit
1521 5070 1699 5150 peecatum
1717 5070 1751 5126 et
1770 5068 1940 5140 mortem,
1968 5081 2046 5127 non
2064 5059 2159 5129 offert

138 5203 214 5250 uon
250 5187 388 5245 tantum
423 5167 551 5263 typici,
594 5166 654 5234 sed
683 5165 788 5234 etiam
815 5183 903 5255 ¹vere
931 5159 1126 5240 sacerdotes
1177 5179 1296 5226 veram
1321 5157 1519 5244 victimam,
1552 5182 1626 5227 non
1652 5157 1771 5228 reddit
1791 5157 1968 5227 iusticiam
1992 5173 2030 5230 et
2058 5159 2159 5230 vitam

138 5292 256 5357 erant,
284 5276 346 5345 sed
370 5285 543 5366 quatenus
569 5269 680 5357 legem
703 5277 738 5335 et
759 5262 978 5334 ceremonias
994 5282 1125 5351 propo·
1176 5271 1364 5343 aeternam,
1390 5283 1467 5329 non
1484 5261 1652 5346 vivificat,
1674 5284 1748 5328 non
1772 5260 1980 5330 sanctificat:
2007 5274 2047 5333 at
2069 5261 2160 5333 Mes·

136 5384 286 5465 nebant,
318 5388 456 5448 tautum
490 5383 590 5460 erant
615 5366 725 5462 typici
748 5367 964 5450 sacerdotes,
998 5361 1036 5431 id
1061 5375 1125 5444 est,
1176 5360 1247 5432 siae
1263 5362 1499 5434 sacerdotium
1514 5363 1790 5449 critaeteruum,
1815 5361 2053 5435 offertveram
2065 5364 2161 5438 victi-
