4538 5754
502 289 546 363 V.
607 286 659 360 tet
684 280 949 361 ululabant
972 277 1291 359 PROPHETAM
1315 268 1734 351 COMMENTARIUS.

100 290 180 366 829
2061 265 2136 339 880

98 459 229 535 Erech.
245 464 322 537 db:
360 461 454 532 Vivo
478 484 563 550 ego,
607 461 693 530 nolo
717 474 865 530 mortem
890 459 1095 551 peccatoris.

99 562 146 636 Et
170 561 229 635 hic
250 565 440 657 prudentia
462 586 552 654 opus
568 575 638 646 est,
666 563 816 631 sciamus
831 559 946 631 Deum
965 563 1095 650 guber·

98 680 268 737 naturum
305 689 379 737 esse
421 679 589 746 eventus,
631 688 738 754 supra
775 678 895 734 nostra
934 664 1095 747 consilia,

99 768 179 838 ideo
197 768 336 840 etiamsi
352 769 518 839 differtur
532 766 714 852 liberatio,
742 790 815 835 non
834 765 1043 835 dibciamus.
1119 752 1122 773 '
1249 772 1331 845 Huc
1351 775 1532 868 pertinent
1552 787 1736 866 praecepta
1754 774 1799 842 de
1814 771 2016 855 clementia,
2044 786 2134 860 quae

201 902 280 975 Hoc
303 907 405 974 dotet
421 902 555 973 paulu,
572 927 653 972 cum
674 902 792 996 5anst
807 904 849 972 ,d
866 897 1016 995 Ephesfl,
1048 897 1093 970 Ep
1119 910 1122 987 ξ
1146 891 1197 945 est
1223 877 1429 950 benefacere
1458 877 1583 960 bonis,
1617 876 1816 945 discernere
1837 876 1993 946 bonose
2020 870 2136 952 malis,

98 1008 160 1102 qui
187 1020 312 1098 potens
337 1021 388 1076 est
405 1007 520 1076 facere
536 1029 641 1096 supra
660 1029 765 1108 quam
785 1006 938 1097 petimus
953 1018 1014 1074 aut
1034 1004 1092 1071 in·
1118 1000 1123 1153 Ι
1146 980 1323 1097 ¹¹1⁰d²ffli
1348 1002 1479 1098 d⁰³l¹³⁸
1501 979 1645 1098 ill⁰l¹¹¹¹¹
1670 978 1732 1070 (inl
1749 992 1831 1096 ΨΜ
1848 974 2039 1058 ⁸³¹¹²bl¹⁰⁸2
2065 973 2135 1040 im*

97 1108 309 1197 telligimus,
335 1111 380 1177 sit
404 1108 517 1199 gloria
536 1121 601 1180 etc.
658 1106 707 1175 lta
732 1103 791 1175 hic
812 1108 966 1197 populus
980 1107 1092 1174 maio·
1119 1156 1122 1165 f
1145 1104 1223 1171 1¹¹0ss
1256 1107 1339 1150 V⁰f⁰
1367 1098 1398 1150 ⁰¹
1419 1082 1638 1199 J¹¹⁸³¹¹³b¹l⁰³
1662 1104 1680 1148 θ
1703 1083 1822 1199 meslffl
1846 1079 1988 1197 [Ollffle
2045 1073 2135 1144 Pf0·

96 1229 171 1279 tem
198 1209 346 1298 gloriam
372 1211 409 1278 5„
434 1211 540 1278 „5150
559 1204 704 1286 habui„
732 1233 839 1300 quam
854 1208 963 1280 pomp·
1016 1204 1091 1276 fl,-
1145 1184 1242 1253 verb.
1260 1184 1337 1255 eo:
1373 1183 1620 1252 Misericordia
1644 1195 1832 1265 etrerrtas
1853 1183 2058 1261 custodiunt
2078 1199 2136 1246 re-

96 1310 178 1381 buit
203 1306 398 1400 Prophetas
428 1312 577 1400 multos,
616 1311 823 1400 Danielem,
856 1306 1091 1394 Ezechielem,
1144 1306 1241 1372 gem,
1267 1301 1301 1354 ²²
1317 1286 1503 1354 (lefflessllfl
1521 1286 1667 1355 fulcitur
1684 1279 1835 1354 lhr⁰¹¹¹¹⁸
1851 1285 1935 1353 elus·

97 1407 327 1497 Zachariam,
351 1411 566 1501 Haggaeum.
619 1410 716 1501 Deus
740 1413 920 1482 miraculis
936 1411 1089 1501 ingenti·
1246 1400 1450 1488 Praeterea,
1480 1408 1572 1497 quod
1598 1405 1800 1497 principum
1826 1402 1981 1472 officium
2007 1403 2052 1470 sit
2074 1426 2136 1470 cu-

96 1516 165 1582 bus
189 1526 335 1583 testatus
360 1528 431 1597 est,
464 1510 560 1583 hunc
586 1516 758 1605 populum
786 1509 915 1582 habere
941 1514 1087 1582 verbum
1143 1527 1243 1589 rare,
1269 1521 1309 1576 ut
1331 1507 1423 1574 cives
1446 1507 1585 1577 discant
1605 1506 1753 1576 verbum
1772 1503 1862 1587 Dei,
1887 1521 1921 1575 et
1937 1500 2026 1574 alias*
2041 1518 2133 1572 artes

96 1613 178 1705 Dei,
201 1638 302 1683 veros
318 1616 447 1697 cultus,
469 1606 786 1705 etpromissionem
798 1616 934 1684 salutis.
974 1615 1089 1703 Quale
1144 1606 1237 1677 vitae
1255 1597 1489 1692 necessarias,
1515 1621 1662 1677 testatur
1679 1620 1902 1699 praeceptum
1923 1604 2135 1685 nearest..

96 1716 165 1786 fuit
197 1717 408 1785 miraculum
441 1718 670 1787 liberatorum
703 1742 744 1785 ex
775 1717 927 1786 camino,
1003 1714 1088 1784 ltem
1143 1709 1205 1775 ubi
1232 1709 1331 1779 lubet
1355 1732 1469 1797 regem
1494 1724 1613 1778 tenere
1637 1711 1673 1778 ln
1696 1710 1862 1779 manibus
1881 1710 2017 1778 librum
2035 1706 2133 1796 legis,

97 1817 229 1887 summi
255 1840 353 1907 reges
376 1819 536 1887 conversi
555 1832 638 1888 sunt
655 1822 697 1887 ad
718 1842 840 1887 verum
857 1819 990 1887 cultum
1008 1817 1090 1899 Dei,
1142 1812 1296 1898 allegat
1320 1812 1496 1884 etdiscat.
1539 1809 1634 1901 Ergo
1659 1835 1797 1882 necesse
1812 1826 1863 1881 est
1886 1834 1983 1900 reges
2001 1834 2136 1890 curare,

97 1916 340 1988 Conservatur
361 1937 394 1988 ct
414 1921 508 2007 regia
527 1920 650 2011 stirps,
676 1935 708 1990 et
727 1919 891 2008 regaliter
910 1932 1089 1989 tractatur.
1143 1923 1182 1980 ul
1200 1906 1355 1983 habeant
1371 1936 1390 1984 a
1408 1913 1540 2007 quibus
1558 1916 1706 1988 discant.
2124 1912 2129 1945 ²

1149 474 1240 544 opus
1259 465 1328 537 est,
1361 463 1395 522 et
1416 450 1575 520 saniores
1594 444 1763 517 'servandi
1785 458 1880 515 sunt.
1938 440 2041 513 Sicut
2062 437 2135 510 Na-

1146 556 1377 646 bugdonosor
1398 553 1552 623 servavit
1569 548 1753 618 Ieremiam
1775 561 1809 619 et
1831 568 1968 637 regem,
2000 557 2037 614 et
2059 565 2136 613 ma

1145 658 1277 727 ximam
1294 651 1712 743 multitudinempopuli.

96 2018 182 2088 Non
209 2020 320 2108 igitur
342 2034 415 2088 erat
444 2022 542 2090 irrita
567 2021 777 2113 promissio,
810 2044 883 2088 non
910 2022 1089 2089 censeretur

96 2134 276 2211 sceptrum
292 2134 356 2192 etc.
398 2121 466 2193 Sed
479 2119 573 2191 Deus
590 2122 669 2190 aliis
685 2123 800 2191 modis
814 2123 989 2213 praestitit
1006 2146 1088 2211 pro-

96 2222 301 2306 missiones,
326 2218 431 2315 q‘uam
446 2218 780 2315 pseudoprophetae
795 2225 1049 2310 cogitaverunt.

198 2352 386 2428 Discamus
397 2358 515 2444 ,igitur
536 2370 571 2427 et
588 2380 653 2425 nos
669 2358 707 2423 iu
727 2357 920 2425 afflictione
936 2357 1088 2426 retinere

96 2460 224 2542 tidem,
257 2459 423 2528 invocare
454 2471 489 2526 et
519 2472 701 2548 expectare
725 2459 918 2542 auxilium,
951 2460 1087 2527 etiamsi

95 2572 246 2630 eventus
266 2583 340 2627 non
364 2560 578 2648 contingunt
600 2560 695 2629 iuxta
719 2574 837 2628 nostra
862 2561 1087 2649 imaginatio-

95 2682 181 2746 nes,
206 2685 273 2729 nec
295 2662 581 2750 languescamus,
607 2663 669 2729 sed
692 2676 911 2750 expectemus
933 2686 1012 2738 eos,
1039 2663 1087 2729 si-

96 2777 154 2831 cut
168 2760 235 2831 Dei
252 2763 402 2831 consilio
419 2764 677 2850 gubernantur.
733 2760 816 2831 ldeo
831 2763 1087 2852 scriptumest:

96 2862 138 2932 lu
162 2863 325 2933 oratione
348 2864 532 2933 instantes.
585 2859 713 2932 Oratio
730 2855 909 2932 humiliati
925 2889 998 2935 non
1014 2865 1087 2933 dis-

96 2961 337 3033 cedetaDeo.

199 3082 357 3170 Q'uidam
382 3079 441 3175 hic
468 3084 610 3172 litigant
631 3086 676 3151 de
699 3083 930 3153 annotatione
947 3095 1087 3172 tempo-

96 3206 194 3268 rum,
219 3185 364 3275 quando
379 3182 508 3254 Daniel
528 3187 567 3253 in
585 3185 822 3275 captivitatem
839 3185 1011 3255 abductus
1028 3184 1085 3253 sit.

96 3284 164 3361 Sed
190 3285 304 3353 facilis
327 3299 378 3356 est
392 3286 589 3376 explicatio.
642 3285 776 3355 Textus
794 3288 868 3376 ipse
887 3301 1008 3356 narrat
1022 3287 1086 3354 ab·

96 3388 242 3457 ductum
272 3410 346 3455 esse
375 3410 470 3456 anno
498 3388 602 3457 tertio
630 3384 801 3470 loiakim,
842 3387 1006 3457 videlicet
1030 3410 1085 3456 se-

96 3486 244 3577 ptennio
274 3502 355 3556 ante
386 3489 633 3577 migrationem
657 3502 888 3578 spontaneam
911 3487 1085 3562 leconiae.

96 3587 186 3659 Nam
210 3585 361 3658 loiakim
391 3591 551 3677 regnavit
581 3603 662 3660 ante
682 3587 870 3658 letaniam.
930 3588 1086 3658 Venerat

96 3705 211 3761 sutem
229 3687 512 3778 Nabogdonosor
526 3691 778 3782 lerosolymam
794 3693 898 3760 etiam
914 3705 1085 3780 regnante

96 3778 271 3875 loiakim',
304 3807 424 3861 exacto
458 3794 561 3861 tertio
593 3816 688 3861 anno
717 3793 816 3880 regni
839 3791 1010 3878 loiakim,
1045 3816 1084 3861 ac

96 3894 262 3982 praedam
299 3895 463 3977 abstulit,
506 3910 539 3964 et
570 3894 727 3983 captivos
759 3895 898 3986 aliquos
927 3894 1085 3966 abduxit.

96 3991 184 4081 Regi
208 4017 294 4064 vero
321 3993 468 4063 loiakim
491 4018 564 4064 non
589 3994 720 4082 eripuit
743 4018 910 4083 regnum,
942 3999 1001 4064 sed
1026 4019 1084 4065 so-

96 4096 186 4167 cium
204 4118 278 4164 esse
298 4097 417 4179 iussit,
441 4097 597 4187 quicum
615 4109 696 4186 post
712 4120 825 4165 annos
841 4121 898 4167 sex
917 4099 1083 4167 rebellas-

96 4211 142 4268 set
174 4198 408 4267 redeuntibus
432 4194 638 4279 Chaldaeis,
673 4197 711 4266 in
743 4198 855 4286 patria
880 4200 1084 4269 interfectus

96 4311 161 4377 est,
190 4310 225 4368 et
246 4300 396 4368 cadaver
417 4300 510 4368 iuter
525 4298 622 4387 vulgi
638 4300 806 4367 cadavera
822 4298 1018 4380 abiectum,
1046 4314 1085 4369 ut

96 4396 260 4469 leremias
275 4401 306 4469 ei
322 4401 505 4492 praedixit,
531 4398 687 4491 CapM.
705 4402 748 4469 de
764 4401 943 4493 sepultura
954 4402 1055 4474 asini.

193 4534 307 4627 Saepe
343 4537 563 4607 rebellabant
594 4560 691 4624 reges
723 4518 953 4620 ludaeorum,
1003 4538 1082 4609 ideo

96 4662 194 4730 saepe
214 4638 380 4708 redibant
397 4633 579 4709 Chaldaei.
633 4637 728 4708 lllnd
752 4652 867 4709 autem
891 4653 942 4707 est
965 4642 1083 4708 consi·

96 4740 303 4825 derandum,
330 4739 436 4828 Quod
448 4738 544 4810 Deus
556 4740 618 4810 diu
635 4740 769 4810 distulit
789 4755 979 4809 extremam
997 4766 1082 4832 poe-

96 4865 185 4927 nam,
213 4855 252 4911 nt
268 4865 327 4910 eos
343 4844 385 4910 ad
405 4841 657 4930 poenitentiam
675 4840 851 4914 invitaret.
877 4839 978 4912 Sicut
994 4867 1081 4911 con·

96 4943 255 5015 cionatur
268 4941 521 5036 leremias26.:
558 4943 628 5014 Sed
647 4968 727 5012 cum
745 4956 910 5033 putarent
927 4942 1027 5032 impii
1045 4968 1082 5012 se

96 5047 296 5135 perfunctos
313 5069 386 5114 esse
403 5046 538 5136 poenis,
566 5045 696 5114 fiebant
710 5045 992 5119 contumaciores
1005 5059 1068 5115 etc.

550 5220 620 5288 m.
735 5254 738 5259 ·

1245 2026 1292 2100 Et
1314 2027 1384 2100 hue
1406 2031 1559 2123 pertinet
1576 2034 1712 2103 dictum
1728 2030 1871 2114 Esaiae,
1897 2031 2013 2120 Reges
2029 2014 2135 2099 erunt

1144 2131 1339 2202 nutritores
1362 2135 1435 2216 tui,
1462 2134 1498 2202 id
1524 2147 1595 2213 est,
1624 2133 1815 2226 Praecipue
1832 2136 1973 2225 regibus
1988 2130 2134 2201 mandat

1143 2231 1262 2316 Deus,
1288 2248 1327 2304 ut
1343 2236 1504 2304 doctores
1522 2232 1699 2306 Ecclesiae
1714 2239 1856 2308 foveant
1873 2252 1906 2307 et
1920 2246 2097 2307 tueantur.

1244 2356 1280 2425 2.
1298 2351 1411 2421 Paral.
1432 2353 1492 2424 31.
1520 2352 1704 2425 Laudatur
1726 2351 1914 2441 Ezechias,
1941 2344 2034 2448 qrrod
2057 2365 2133 2420 stu·

1142 2452 1201 2520 dia
1229 2456 1450 2525 sacerdotum
1483 2458 1647 2531 restituit.
1717 2456 1836 2547 Quare
1867 2456 2019 2527 docendi
2041 2466 2134 2539 ¹sunt

1144 2554 1340 2646 principes,
1375 2573 1414 2625 ut
1438 2558 1548 2626 sciant
1572 2555 1688 2629 Deum
1711 2563 1755 2629 ab
1779 2560 1863 2650 ipsis
1886 2554 2132 2637 hocoslieium

1142 2654 1303 2748 poscere,
1332 2672 1370 2727 ut
1388 2661 1504 2727 studia
1522 2663 1715 2729 necessaria
1731 2658 1909 2731 Ecclesiae
1924 2662 2074 2729 loveaut'.

1246 2774 1367 2843 ludaei
1383 2779 1555 2864 persecuti
1573 2777 1933 2869 inerantProphetas,
1959 2802 2055 2848 nrrnc
2070 2777 2133 2845 alit

1142 2900 1202 2944 eos
1224 2898 1283 2944 rex
1300 2871 1482 2965 ethnicus,
1509 2893 1544 2948 ct
1565 2902 1688 2967 magna
1712 2882 1756 2949 ab
1782 2883 1832 2948 eis
1855 2881 2023 2949 beneficia
2040 2879 2132 2947 acei-

1142 2979 1225 3067 piet.
1286 2976 1521 3048 Convertetur
1543 2982 1592 3053 ad,
1611 2982 1796 3068 pietatem,
1830 2978 1976 3051 habebit
1999 2982 2131 3050 florens

1141 3068 1289 3167 regnum
1308 3096 1453 3170 propter
1469 3077 1533 3148 lios
1550 3082 1818 3167 gubernatores,
1847 3083 1941 3172 Quia
1952 3080 2048 3150 Dens
2064 3078 2131 3150 hoc

1140 3202 1251 3267 genus
1276 3182 1383 3250 olficii
1399 3184 1543 3271 largiter
1558 3200 1779 3275 compensat,
1806 3187 1900 3253 iuxta
1920 3185 2026 3254 illud:
2056 3183 2130 3269 Qui

1140 3283 1279 3352 dederit
1293 3298 1416 3374 potum
1430 3309 1560 3379 aquae,
1587 3303 1731 3378 propter
1743 3288 1940 3375 doctrinam
1955 3301 2038 3367 eto,
2065 3279 2130 3351 ha-

1141 3384 1238 3453 bebit
1252 3387 1461 3459 mercedem.
1507 3382 1662 3455 Econtra
1679 3391 1840 3482 tyranni,
1868 3388 1928 3482 qui
1946 3389 2130 3477 negligunt

1139 3499 1200 3555 aut
1221 3502 1484 3579 persequuntur
1507 3490 1621 3559 studia
1645 3486 1839 3573 Ecclesiae,
1863 3492 1935 3562 aut'
1948 3487 2128 3559 ministros

1140 3588 1235 3677 pios,
1263 3590 1463 3658 allicientur
1479 3586 1712 3660 horribilibus
1730 3594 1863 3683 poenis.

1240 3706 1381 3775 Deinde
1401 3712 1496 3799 quod
1516 3711 1682 3798 privatim
1699 3712 1828 3800 singuli
1847 3715 1980 3782 discere
1999 3714 2127 3783 debea-

1138 3833 1235 3893 mus,
1278 3811 1448 3900 praecipit
1490 3808 1630 3878 Petrus:
1679 3809 1796 3882 Parati
1835 3819 1879 3882 ad
1920 3812 2128 3885 satisfactio-

1137 3934 1218 3978 nem
1238 3926 1302 3982 etc.
1355 3909 1442 3979 ltem
1466 3912 1509 3979 de
1531 3916 1674 3982 caeteris
1697 3916 1834 3984 artibus
1855 3917 1972 4011 inquit
1995 3908 2126 3985 Paulus

1137 4016 1180 4081 ad
1199 4011 1321 4081 Titum
1339 4014 1389 4084 3.:
1417 4011 1564 4083 Discaut
1586 4019 1696 4086 nostri
1719 4020 1822 4088 bonis
1839 4021 2005 4108 operibus
2024 4042 2124 4108 prae-

1137 4138 1210 4183 esse
1226 4117 1269 4182 ad
1286 4140 1368 4183 usus
1385 4116 1616 4201 necessarios,
1643 4134 1684 4190 ut
1702 4146 1774 4189 non
1791 4122 1862 4191 siut
1877 4121 2098 4191 infructuosi.

1604 4292 1665 4363 Vr.

1239 4402 1293 4472 De
1322 4417 1499 4493 postremo
1529 4408 1605 4478 loco
1636 4408 1880 4500 principaliter
1912 4404 2122 4479 hicobser·
2176 4429 2179 4437 '

1138 4506 1292 4575 vantium
1324 4521 1392 4584 est.
1427 4504 1587 4579 Danielis
1610 4510 1877 4598 temperantiam
1901 4513 2007 4579 foisse
2032 4535 2121 4598 opus

1136 4609 1388 4692 confessionis,
1414 4623 1446 4679 et
1470 4611 1610 4697 quidem
1636 4607 1726 4681 hauc
1748 4613 1997 4682 abstinentiam
2010 4614 2121 4682 ‚luisse

1137 4726 1354 4799 praeceptam
1380 4712 1452 4798 lege
1468 4708 1552 4794 Dei,
1579 4736 1652 4782 non
1674 4708 1840 4782 humanis
1856 4717 2120 4788 traditionibus.

1135 4807 1229 4898 Ergo
1248 4811 1445 4880 abstinebat
1462 4810 1609 4898 Daniel,
1634 4829 1672 4884 ut
1690 4829 1876 4886 testaretur
1888 4843 1923 4886 se
1939 4843 2012 4887 non
2029 4820 2120 4888 abii-

1135 4936 1211 4980 cere
1235 4914 1453 4996 doctrinam,
1480 4915 1516 4981 in
1539 4941 1607 5008 qua
1633 4919 1705 4986 sola
1725 4920 1864 5017 extabat
1880 4923 2025 4990 verbum
2041 4919 2121 5004 Dei,

1134 5028 1168 5082 et
1181 5009 1374 5083 abhorrere
1391 5016 1436 5083 ab
1452 5016 1602 5087 aliarum
1619 5021 1777 5109 gentium
1793 5022 2037 5110 religionibus.

1236 5130 1315 5202 Hoc
1333 5135 1532 5223 exemplum
1550 5160 1615 5205 nos
1632 5162 1772 5231 qnoque
1790 5141 1836 5208 ad
1852 5142 2120 5231 confessionem,

1026 5268 1029 5275 ·
1133 5237 1428 5322 perseverentiam
1452 5249 1486 5304 et
1508 5241 1775 5328 temperantiam
1800 5236 1972 5314 hortetur.
2024 5242 2120 5334 Quia
2178 5253 2180 5258 ’

188 5331 303 5405 tinia.
316 5333 483 5404 victoriae
506 5332 612 5403 debet
633 5355 706 5402 esse
728 5356 800 5402 non
824 5336 985 5417 vastitas,
1020 5335 1078 5403 sed
1131 5331 1228 5405 Dens
1249 5331 1334 5404 haec
1360 5339 1474 5407 officia
1498 5341 1666 5433 requirit,
1691 5355 1725 5411 et
1747 5358 1850 5413 ornat
1865 5347 2001 5434 magnis
2017 5371 2118 5435 prae-

96 5435 296 5506 constitutio
334 5435 493 5505 melioris
528 5447 650 5509 status.
719 5433 806 5504 ldeo
836 5437 1080 5508 moderatione
1131 5438 1224 5512 miis.
