4538 5754
247 1249 322 1338 vr.
376 1243 817 1339 anuunmrun
845 1240 1203 1335 conmonuit
1230 1240 1592 1331 rnornnran
1621 1235 1907 1329 uacuam.
1973 1210 1975 1214 ’

141 1525 276 1670 (Editpps
298 1532 465 1674 gprmpoiclp
486 1546 541 1608 per
552 1526 705 1695 5S²tpp)bon
727 1526 892 1606 Agricolam
920 1527 951 1586 in
972 1542 1042 1606 epp.
1063 1523 1189 1584 Luthcri
1211 1506 1383 1607 germanicii
1404 1526 1442 1585 Τ.
1464 1523 1544 1584 Vlll.
1566 1542 1605 1602 ps
1621 1519 1694 1585 559.
1737 1522 1843 1585 latine
1865 1525 1895 1583 in
1916 1544 1986 1604 opp.
2009 1525 2081 1588 Mel.

269 1627 353 1674 rtte.
403 1655 412 1673 .
467 1633 530 1693 .p.
617 1655 625 1672 .

926 1799 1201 1815 m

56 2021 191 2156 saepe
203 2062 427 2156 multumque
442 2062 671 2155 cogitandum
683 2075 747 2142 est,
765 2059 1050 2156 quomodoDeus
1100 2059 1251 2152 pientia,
1283 2059 1433 2151 opibus,
1466 2058 1593 2145 armis,
1618 2060 1770 2146 divitiis,
1804 2065 1967 2140 videlicet
1987 2070 2082 2145 iuter

56 2169 144 2241 inde
159 2188 271 2259 usque
285 2165 330 2236 ab
345 2165 450 2235 initio
466 2164 648 2254 collegerit
658 2160 851 2235 Ecclesiam
868 2189 909 2235 es
923 2167 1059 2254 genere'
1099 2161 1331 2257 Aegyptium,
1363 2159 1639 2255 Babylonicum,
1677 2164 1923 2260 Assyriaeum,
1959 2170 2082 2267 Syria-

58 2265 240 2351 burosno,
263 2267 492 2337 interrarias
515 2281 550 2337 et
571 2288 691 2337 saevas
711 2262 938 2338 confusiones
962 2289 1049 2356 geo·
1098 2289 1199 2348 cum,
1232 2276 1267 2334 et
1294 2277 1334 2334 ut
1355 2287 1423 2332 vox
1446 2264 1568 2335 divina
1590 2265 1814 2340 exaudiretur
1836 2271 1941 2341 etiam
1964 2272 2003 2342 in
2025 2271 2081 2345 bis

57 2371 201 2443 tiones
217 2369 468 2461 imperiorum,
488 2381 524 2439 et
536 2368 732 2441 ostenderit
747 2368 948 2439 testimonia
966 2390 1049 2439 suse
1098 2365 1235 2454 regnis,
1266 2377 1301 2434 ct
1319 2360 1606 2456 conspicerentur
1634 2368 1834 2440 testimonia
1864 2378 2081 2464 praesentiae

57 2471 278 2564 praescntiae
296 2471 337 2540 in
353 2494 395 2540 eo
412 2478 514 2541 coetu
533 2495 639 2564 quem
661 2471 833 2562 excerpsit
855 2495 897 2542 ex
910 2470 1048 2565 reliqua
1098 2463 1165 2538 Dei
1181 2467 1220 2535 in
1236 2462 1304 2536 boc
1320 2467 1473 2558 populo,
1498 2469 1637 2538 assidua
1653 2493 1733 2540 curn
1751 2473 1878 2544 vicinis
1895 2476 1985 2547 bella
2003 2480 2081 2550 loe-

56 2562 310 2655 multitudioe,
342 2587 376 2642 et
402 2596 483 2642 eum
506 2575 675 2643 adversus
699 2572 925 2643 diabolorum
948 2573 1049 2643 foro-
1098 2583 1195 2641 runt.
1251 2566 1292 2637 lu
1308 2564 1363 2638 bis
1379 2582 1496 2639 tamen
1513 2568 1610 2641 Deus
1624 2566 1721 2641 bunc
1742 2574 1868 2646 nidum
1892 2578 1948 2648 sui
1970 2583 2082 2670 agmi-

58 2686 136 2759 res,
167 2687 201 2745 et
225 2676 396 2757 adversus
420 2688 591 2768 tyrannos
622 2687 657 2743 et
685 2674 857 2753 fanaticos
885 2669 1050 2744 homines
1098 2672 1155 2740 nis
1172 2672 1256 2741 texit
1270 2693 1308 2738 ac
1324 2671 1476 2741 restituit
1495 2694 1598 2765 saepe
1613 2680 1835 2765 qrrasmtum,
1860 2679 2082 2754 donecMes-
2208 2742 2209 2745 ,

59 2776 275 2848 defenderit.
327 2774 677 2864 Confirmaturenim
703 2777 741 2845 in
767 2776 899 2848 animis
921 2778 1049 2847 adsen-
1098 2775 1223 2847 siasex
1239 2771 1375 2860 virgine
1391 2787 1579 2859 natusest,
1607 2788 1641 2845 et
1662 2775 1775 2848 lactus
1798 2795 1849 2850 est
1870 2780 1921 2851 ibi
1938 2786 2081 2858 victima
2193 2856 2198 2868 ,

57 2880 132 2964 sio,
157 2902 240 2949 cum
259 2891 315 2950 tot
335 2879 490 2950 illustria
514 2877 717 2949 testimonia
740 2878 958 2968 praesentiae
980 2876 1049 2947 Dei
1099 2898 1163 2967 pro
1186 2896 1312 2962 genere
1336 2868 1513 2960 bumano,
1538 2877 1639 2946 etde
1663 2872 1857 2970 Evangelio
1880 2884 2084 2987 testimonia

52 2982 261 3064 intuemur,
277 2995 319 3051 ut
333 2979 371 3049 in
386 2980 525 3051 diluvio
540 2993 711 3050 servatam
725 2980 897 3050 familiam
912 2973 1049 3064 Nubae,
1097 2977 1262 3047 ostendit.
1314 2975 1408 3048 Sunt
1427 2989 1543 3047 autem
1565 2978 1653 3047 anni
1674 2979 1720 3049 ab
1742 2983 1837 3053 exitu
1863 3008 1903 3055 ex
1919 2982 2081 3086 Aegypto

57 3083 99 3155 in
116 3081 306 3153 eductione
328 3106 370 3151 ex
392 3079 556 3176 Aegypto
582 3094 740 3152 servatos
765 3079 964 3161 israelitas,
990 3083 1047 3151 in·
1097 3082 1142 3149 ad
1158 3092 1282 3148 natum
1297 3077 1465 3149 Messiam
1484 3103 1525 3149 es
1539 3078 1675 3170 virgine
1695 3078 1804 3159 1509.

10 3212 12 3217 ·
38 3199 115 3255 ter
135 3184 252 3255 undas
282 3183 392 3254 maris
419 3185 540 3265 rubri,
571 3199 605 3255 et
635 3185 783 3255 obrutos
804 3184 907 3278 aquis
930 3179 1048 3277 Aegy·
1198 3182 1272 3249 Iam
1295 3181 1408 3270 cogita
1431 3194 1603 3276 qnantum
1627 3184 1763 3262 bouum
1785 3187 1912 3275 fuerit,
1935 3189 1974 3260 in
1998 3197 2080 3267 sede
2111 3193 2116 3203 '
2193 3251 2198 3260 .

57 3285 176 3378 ptios,
202 3297 238 3354 et
251 3285 321 3354 alia
337 3286 451 3355 multa
467 3285 569 3356 iacta.
621 3283 719 3355 Haec
742 3300 777 3357 et
791 3279 920 3356 similia
935 3287 1047 3355 multa
1097 3298 1190 3354 certa
1199 3280 1391 3354 Ecclesiam
1406 3282 1580 3363 divinitus
1593 3287 1725 3362 servari
1740 3301 1792 3360 tot
1808 3291 1933 3377 annis,
1958 3294 1996 3364 in
2011 3321 2081 3390 qua

59 3412 142 3458 cum
160 3409 215 3457 res
231 3387 307 3476 ipsa
323 3389 505 3472 ostendat,
525 3410 599 3456 non
621 3387 778 3479 potuisse
801 3388 876 3456 lieri
899 3401 963 3459 sut
983 3410 1047 3456 na·
1097 3383 1162 3454 etsi
1189 3385 1294 3457 multi
1321 3386 1467 3456 fuerunt
1490 3389 1686 3458 sacerdotes
1708 3389 1864 3483 indocti,
1890 3397 1993 3466 multi
2016 3400 2081 3491 qui

58 3503 162 3559 turae
185 3488 331 3579 ordine,
366 3503 428 3559 aut
460 3485 628 3558 bumanis
661 3490 837 3572 consiliis,
864 3493 1048 3559 credamus
1097 3487 1294 3556 doctrinam
1310 3489 1568 3578 depravarunt,
1596 3503 1712 3560 tamen
1728 3498 1987 3591 semperaliqui
2004 3503 2080 3572 lue-

57 3587 177 3662 Deum
213 3591 333 3660 adesse
358 3587 553 3675 Ecclesiae,
587 3593 648 3684 qui
679 3591 742 3660 illo
772 3590 923 3661 faciebat
951 3603 1048 3662 extra
1098 3605 1182 3671 rum
1206 3587 1640 3671 elecllreclesfflllffllss⁸s
1664 3592 1988 3688 ulluqttllsssalas:
2013 3602 2080 3673 Nl-

57 3705 209 3763 nsturac
229 3692 416 3775 ordinem,
449 3706 483 3761 et
503 3694 668 3785 deinceps
697 3706 813 3764 servat
842 3693 1048 3765 invocantes
1097 3691 1128 3759 si
1158 3687 1334 3760 Dominus
1365 3690 1566 3783 reliquisset
1596 3693 1700 3763 nobis
1729 3719 1848 3767 semen
1877 3716 1943 3777 etc.
2001 3702 2079 3777 imo

57 3793 195 3885 ipsum,
224 3792 327 3862 etiarn
351 3785 432 3863 cu'm
457 3809 581 3863 natura
601 3797 816 3889 opitulatur,
837 3808 873 3866 et
895 3807 936 3866 ut
953 3793 1048 3866 Psu-
1098 3792 1251 3861 subinde
1264 3791 1402 3862 excitati
1419 3793 1671 3885 suntinsignes
1686 3798 1860 3886 doctores,
1875 3805 2010 3875 divinis
2026 3821 2079 3879 te·

57 3896 114 3966 lus
131 3894 311 3987 loquitur,
334 3919 414 3964 cum
430 3897 645 3986 sperandum
667 3911 718 3967 est
740 3912 862 3968 contra
888 3921 987 3990 spem
1010 3897 1048 3966 in
1098 3892 1276 3964 stimoniis
1291 3894 1499 3975 confirmati,
1509 3893 1661 3979 Samuel,
1675 3894 1828 3986 Nathan,
1840 3902 2076 3991 David,Salo-

57 4018 172 4089 μω.
227 4070 230 4076 .
471 4036 475 4043 .
548 4060 552 4066 ,
1099 3991 1326 4081 mon,Ahias‚
1338 3991 2078 4094 Elias‚Elisaeus,lonas,lisaias,leremias,

1098 4095 1245 4181 Daniel,
1262 4094 1463 4187 Haggaeus,
1487 4097 1692 4188 Zacharias,
1720 4102 1924 4193 Malachias,
1948 4107 2078 4201 Onias,

1099 4197 1295 4284 Macabaei,
1312 4199 1470 4285 Simeon,
1483 4196 1684 4290 Zacharias,
1701 4201 1888 4295 lohannes,
1903 4208 2077 4301 Christus,

1097 4295 1275 4391 Apostoli.
1323 4299 1377 4371 Ac
1409 4304 1606 4400 superiores
1629 4306 1683 4374 illi
1706 4308 1803 4378 velut
1831 4314 2006 4403 manipuli
2038 4319 2074 4388 in

1096 4403 1171 4472 acie
1194 4403 1358 4488 collocati
1378 4404 1547 4476 continua
1570 4408 1790 4478 successione
1805 4413 1986 4487 doctrinae
2009 4443 2076 4510 pu-

1096 4503 1238 4577 ritatem
1257 4522 1531 4591 conservarunt,
1556 4522 1590 4577 et
1609 4509 1780 4599 populum
1805 4518 1958 4589 consilio
1977 4544 2076 4593 rere·
2144 4589 2147 4592 ⁴

1097 4619 1199 4691 runt,
1225 4619 1259 4676 et
1273 4607 1412 4677 addidit
1423 4603 1520 4678 Deus
1538 4609 1624 4699 ipsis
1635 4613 1855 4698 testimonia,
1880 4634 1920 4690 ut
1941 4641 2074 4695 certum
2100 4672 2103 4679 f

1096 4721 1184 4779 esset
1200 4732 1320 4778 vocem
1336 4710 1518 4781 doctrinae
1531 4710 1773 4806 incorruptam
1786 4741 1870 4789 esse.
1904 4708 2073 4800 Tamdiu

1096 4810 1134 4879 in
1159 4813 1280 4880 eadem
1304 4813 1386 4881 sede
1409 4835 1526 4882 veram
1546 4809 1731 4900 Scholam,
1755 4819 1794 4889 in
1816 4845 1885 4913 qua
1909 4849 1990 4895 vera
2007 4824 2075 4899 Dei

164 4896 333 4992 inprimis
350 4925 433 4972 vero
449 4904 563 4974 dulcis
580 4918 634 4976 est
654 4905 891 4978 consideratio
912 4921 1047 4980 etcon·
1095 4913 1230 5001 agnitio
1270 4926 1304 4982 et
1341 4914 1474 5004 optima
1513 4916 1673 4986 doctrina
1713 4915 1856 5018 physica
1899 4925 2076 5017 lucebant,
2135 4976 2137 4979 -

59 5000 134 5073 silii
151 5015 186 5071 et
203 5001 366 5072 beneficii
383 5004 518 5084 divini,
542 5030 623 5078 curn
638 5005 817 5079 Ecclesiae
837 5024 971 5082 certum
987 5011 1046 5081 ni·
1095 5015 1245 5098 servari,
1268 5039 1373 5107 quam
1401 5016 1523 5092 multis.
1548 5019 1698 5090 salutare
1721 5023 1799 5093 fuit.
1850 5024 1987 5098 Horum
2011 5057 2077 5104 nos

60 5107 149 5175 dum
167 5104 332 5174 attribuit
347 5109 391 5174 ad
407 5104 619 5194 Iordanem,
643 5124 677 5182 et
691 5112 881 5183 eamvelut
903 5113 942 5182 in
964 5136 1046 5205 spe·
1094 5115 1164 5183 iarn
1189 5116 1372 5187 erudimur
1399 5107 1661 5207 m'onumentis,
1692 5136 1726 5194 et
1755 5128 2008 5204 confirmamur
2033 5135 2078 5207 iis

59 5205 141 5278 cula
156 5204 306 5275 collocat
323 5205 416 5276 iuter
431 5233 538 5301 regna
555 5234 645 5302 quae
660 5225 746 5283 tunc
767 5215 806 5282 in
828 5237 954 5304 genere
976 5211 1046 5286 bu·
1094 5217 1195 5289 factis
1212 5217 1364 5303 divinis,
1391 5244 1480 5312 quae
1498 5235 1582 5292 tunc
1596 5223 1696 5296 Deus
1717 5227 1829 5300 voluit
1852 5255 1925 5303 esse
1943 5236 2076 5306 doctri·

57 5331 167 5378 mano
188 5320 223 5376 et
250 5308 466 5400 amplissima
494 5323 616 5398 erant,
644 5327 680 5386 et
702 5316 959 5390 antecellebant
989 5339 1045 5389 sa·
1094 5341 1161 5390 nae
1179 5319 1388 5397 testimonis.

1525 5403 1606 5494 oe*

59 4156 66 4164 '
158 4139 407 4237 Expavescant
455 4145 563 4236 igitur
619 4144 731 4216 animi
786 4146 1050 4219 considerantes

57 4240 219 4336 exempla
246 4246 319 4316 irae
342 4246 410 4318 Dei
432 4246 470 4318 in
493 4247 618 4339 poenis
642 4262 675 4319 et
697 4248 890 4341 impiorum
915 4264 951 4320 et
976 4250 1048 4321 ele-

57 4362 213 4420 ctorum.
264 4345 354 4417 Nam
387 4361 420 4419 et
449 4352 599 4419 adomo
623 4349 690 4421 Dei
718 4350 889 4420 iodicium
913 4351 1049 4443 incipit,

10 4447 25 4529 ,’
58 4462 99 4521 ‘ut
120 4448 248 4519 Petrus
271 4448 409 4543 iuquit,
436 4455 532 4522 etad
555 4452 673 4522 Deum
696 4453 801 4523 erecti
815 4453 943 4524 fiducia
964 4477 1048 4546 pro-

57 4546 272 4621 missionum
291 4551 527 4639 'divinarum,
559 4554 788 4645 confugiant,
820 4569 855 4626 et
885 4578 946 4647 spe
972 4580 1046 4625 non

59 4653 171 4723 dubia
202 4665 323 4744 petant
351 4667 385 4723 et
406 4668 587 4744 expectent
610 4680 674 4728 seu
705 4656 952 4747 liberationem
985 4681 1047 4729 seu

56 4756 318 4846 mitigationem
332 4755 590 4844 calamitatum.¹
