4538 5754
72 249 151 329 sos
499 238 503 243 ’
611 258 615 275 ·
708 256 773 336 ιν.
824 256 1103 339 pransura
1127 253 1478 347 nfluromcus..
1940 222 1943 227 ’
2025 261 2108 343 sos·

176 420 326 496 Humile
340 447 452 517 genus
475 449 552 500 non
572 428 726 520 assurgit
751 454 860 527 snpra
883 433 1064 530 quotidia-
1115 447 1254 516 secutus
1269 449 1321 509 est
1337 433 1475 507 Livius.
1525 430 1575 508 Et
1590 434 1716 512 Cicero
1740 441 1853 515 utitur
1873 468 1915 516 eo
1940 446 1981 515 in
2000 447 2094 574 plqv

72 524 348 645 namloquendi
372 528 966 652 consuetudinem,·proprietstem
988 561 1064 610 ser·
1113 537 1233 632 risque
1254 537 1495 623 orationibus,
1526 540 1626 610 utin
1650 540 1829 673 Verriniq.
1861 561 1897 621 ⁶¹.
1911 547 1949 571 *¹
1972 531 2000 575 υ
2023 507 2098 625 υἷ’

70 649 191 697 monis
204 651 296 699 mira
311 627 553 704 sollicitudine
567 635 734 718 custodat,
747 650 782 712 et
795 641 914 712 studet
928 640 1064 732 signate
1113 664 1217 720 nam,
1244 638 1282 708 in
1296 637 1484 724 Pisonem,
1510 662 1576 732 pro
1591 639 1737 712 Mi¹⁶··‘'
1772 621 1806 674 ¹¹⁴
1837 604 1980 723 ‘iidem
1997 608 2097 678 “id'‘

70 751 128 797 res
150 728 277 799 efferre
300 729 418 800 verbis
445 755 554 825 ςιιιιιι
578 734 734 809 maxime
761 742 928 835 propriis.
979 742 1062 814 Non
1112 754 1310 813 accuratam
1341 726 1646 809 comw³‘””⁸m³
1677 727 1768 797 ‘lua‘
1792 728 1944 778 “imme
1966 706 2005 775 5¹¹
2028 703 2096 779 ¹¹0⁶

68 844 168 902 amat
182 831 323 900 crebras
344 830 490 922 figuras,
515 833 671 908 libenter
693 841 809 914 utitur
830 838 1060 918 metaplmts,
1109 855 1238 924 genere
1263 817 1465 924 ruffini·
1523 802 1648 898 Neque
1672 830 1757 877 “²⁸⁰
1779 806 1914 902 ¹¹1³quss
1937 830 2022 924 ¹¹⁸⁰}
2043 824 2096 881 ²⁸¹

68 932 134 1000 sed
149 953 226 1000 non
241 932 369 1023 procul
385 930 579 1013 accersitis,
600 960 724 993 cue-u
738 923 888 1015 sumptis
901 949 944 997 ex
966 952 1068 1023 quo.-
1106 927 1173 986 'sac
1186 923 1302 982 torma
1318 905 1461 992 Cicero,
1484 907 1545 977 sed
1558 906 1782 997 gravioribus
1796 910 1909 982 causis
1924 912 2025 982 addit
2038 933 2095 980 so-

69 1031 209 1102 gdiano
224 1042 397 1102 ..amona
435 1023 972 1116 Njhuaatuodnmnplifim,
994 1022 1058 1101 ,ed
1107 1037 1195 1086 num
1216 1010 1400 1083 maiorem.
1459 1006 1503 1079 ln
1524 1009 1605 1079 aliis
1628 1009 1822 1082 levioribus
1842 1013 2000 1102 negociis
2021 1017 2116 1082 me?

69 1146 145 1197 tote
167 1119 342 1196 orationis
362 1119 496 1212 species
518 1118 717 1187 verecunda
733 1112 802 1204 est,
828 1129 864 1190 et
882 1122 928 1188 ad
941 1123 1059 1191 ·otni-
1107 1110 1208 1188 dium
1229 1107 1375 1184 adhibet
1393 1108 1522 1201 genus,
1557 1112 1737 1183 interdum
1760 1114 1801 1183 in
1823 1115 1985 1187 docendo
2008 1139 2096 1185 con-

67 1225 305 1298 mulationem
322 1220 536 1314 composita,
560 1231 595 1289 et
613 1218 715 1313 quasi
737 1221 781 1290 de
804 1218 981 1292 industria
999 1219 1059 1290 iu·
1110 1228 1228 1289 tentus
1249 1227 1302 1285 est
1322 1209 1453 1284 humili
1474 1236 1615 1303 genere.
1674 1213 1794 1286 Facile
1814 1231 1933 1291 autem
1954 1216 2098 1307 agnosci

68 1329 189 1420 gitans
205 1336 383 1397 ornatum.
408 1320 465 1392 De
480 1345 520 1391 re
535 1322 781 1413 prudenteret
794 1322 1059 1415 ordinedispu·
1109 1318 1244 1409 grume
1256 1337 1368 1408 genus
1385 1328 1510 1406 potest.
1561 1311 1684 1387 Utitur
1706 1318 1802 1389 enim
1825 1318 1943 1391 verbis
1965 1319 2097 1410 atrocif

67 1444 141 1509 sat,
166 1451 232 1498 nec
246 1427 321 1496 fere
336 1449 357 1495 a
370 1423 553 1519 proposito
569 1421 738 1509 discedit,
761 1423 895 1516 etipsa
920 1422 1059 1516 simpli·
1111 1422 1176 1492 bus
1198 1443 1240 1491 ac
1262 1417 1421 1510 tragicis,
1447 1416 1623 1491 terribiles
1643 1433 1758 1508 gestus
1780 1420 1915 1513 pingit,
1941 1435 1982 1494 ut
2003 1418 2099 1514 apud

68 1530 189 1602 citatis
205 1526 322 1621 specie
341 1526 533 1597 insidiatur
553 1523 726 1597 auditori.
775 1521 1060 1599 Circumductio-
1109 1519 1303 1611 Virgilium
1319 1543 1416 1590 mors
1430 1517 1585 1593 Didonis
1596 1521 1820 1599 describitur.
1864 1522 1998 1596 Viciosi
2016 1537 2099 1596 sunt

69 1654 134 1702 nes
165 1626 272 1701 babet
298 1627 546 1721 paucissimas,
588 1627 698 1698 refert
730 1626 828 1696 enim
858 1626 1059 1724 quotidiani
1110 1623 1148 1692 in
1165 1618 1234 1694 hoc
1248 1644 1394 1713 genere,
1419 1621 1548 1693 tumidi
1563 1623 1747 1712 etinflati,
1774 1626 1837 1718 qui
1860 1626 1969 1697 nimis
1992 1649 2099 1718 gran-

69 1732 247 1805 sermonis
268 1729 521 1826 negligentiam
545 1728 584 1798 in
600 1727 834 1799 collocatione
856 1729 1058 1802 verborum.
1109 1726 1173 1797 des
1186 1723 1300 1795 videri
1313 1725 1474 1815 cupiunt,
1498 1724 1560 1818 qui
1576 1720 1669 1796 nihil
1685 1727 1831 1821 proprie
1846 1729 2011 1816 efferunt,
2036 1730 2097 1799 sed

69 1835 212 1909 Artifex
225 1829 334 1904 huius
350 1853 461 1922 genus
477 1830 670 1903 Terentius
686 1843 738 1902 est
753 1832 849 1922 apud
871 1853 949 1906 nos
989 1829 1060 1902 Hie
1109 1840 1297 1921 perpetuas
1310 1820 1445 1898 babent
1461 1820 1701 1921 periphrases‚
1728 1845 1763 1902 et
1779 1831 1998 1922 prodigiosas
2022 1853 2100 1900 me-

70 1934 255 2011 character
272 1934 511 2025 estorationis
526 1927 561 2007 et
576 1932 616 2002 in
631 1928 772 2004 Erasmi
788 1931 987 2028 colloquiis.
1013 1927 1060 2004 Et
1109 1925 1289 2021 taphorss.
1342 1925 1392 2014 Hi
1410 1929 1628 2002 vocabantur
1653 1932 1739 2002 olim
1754 1930 1915 2009 Asiatici.
1949 1931 2040 2006 Nam
2059 1932 2098 2001 in

71 2037 198 2111 Cicero
220 2037 260 2108 in
281 2030 539 2128 philosophicis
553 2034 858 2128 disputationibus
870 2048 905 2109 et
919 2057 1061 2128 praeee-
1111 2028 1196 2102 Asia
1213 2052 1295 2102 cum
1311 2030 1485 2102 sermonis
1505 2053 1616 2123 genus
1637 2027 1811 2106 haberent
1832 2029 2041 2128 corruptum
2065 2049 2100 2107 et

70 2142 145 2233 ptis
166 2140 240 2211 l'ere
260 2138 421 2231 sequitur
438 2131 507 2207 hoc
538 2157 659 2228 genus.
718 2131 785 2208 Est
806 2137 903 2208 enim
924 2138 970 2210 sd
994 2139 1061 2208 do-
1111 2131 1366 2226 improprium‚
1399 2146 1518 2204 tamen
1539 2133 1752 2211 affectabant
1770 2138 1995 2234 eloquentiae
2021 2139 2100 2209 lau·

71 2242 226 2314 cendum
245 2240 397 2310 maxime
411 2240 727 2310 accommodatum.
776 2235 976 2332 Scriptores
995 2264 1057 2310 vo·
1110 2238 1190 2306 dem
1204 2235 1439 2307 ostentatione
1455 2234 1639 2307 immodici
1658 2254 1816 2314 ornatus.
1867 2236 1927 2313 Ab
1947 2234 2014 2311 hoc
2038 2265 2099 2330 ge-

70 2357 154 2415 cant
168 2339 342 2426 Atticum,
368 2354 402 2412 et
420 2339 451 2410 si
461 2339 585 2412 Cicero
605 2341 789 2413 contendit
802 2334 939 2415 Atticos
955 2341 1061 2413 etism
1110 2360 1193 2407 nere
1210 2359 1351 2429 semper
1367 2337 1405 2405 in
1421 2338 1546 2431 primis
1563 2334 1828 2414 abhorruerunt
1842 2365 1928 2415 sana
1942 2342 2097 2432 ingenia.

70 2443 281 2538 grandiores
296 2466 368 2513 esse
383 2466 489 2536 quam
506 2441 552 2512 sit
565 2435 680 2513 oratio
697 2443 735 2511 in
752 2443 957 2515 comoediis.
989 2442 1061 2514 Ne-
1111 2436 1274 2508 Medium
1290 2462 1402 2529 genus
1415 2439 1507 2509 vira
1529 2442 1656 2529 grandi
1670 2443 1824 2514 discerni
1840 2457 1966 2538 potest.
2015 2442 2098 2515 Non

69 2571 142 2643 qne
162 2547 200 2615 id
227 2544 446 2614 dissimulari
469 2557 604 2636 potest,
638 2568 723 2613 nam
744 2540 1004 2617 Demosthenes
1026 2559 1062 2616 et
1109 2539 1203 2610 enim
1219 2539 1372 2615 multum
1390 2541 1435 2612 ab
1449 2540 1513 2612 illo
1529 2542 1655 2629 distat,
1681 2546 1865 2639 copiosum
1887 2564 1956 2628 ests
1982 2558 2017 2617 el
2034 2547 2098 2616 ab·

68 2643 272 2724 Aeschines
292 2660 376 2718 sunt
392 2645 615 2735 grandiores.
665 2643 715 2716 Et
737 2647 833 2739 apud
853 2642 1062 2720 uosCaesar
1108 2642 1222 2714 undat
1246 2642 1386 2733 liguris,
1411 2644 1473 2714 sed
1496 2643 1535 2714 in
1556 2647 1807 2737 amplificando
1833 2647 2098 2744 aliquantulum

71 2749 265 2822 sublimior
281 2759 353 2828 est,
380 2747 444 2840 qui
461 2747 607 2840 quidem
630 2769 713 2817 vere
731 2746 874 2821 Atticus
898 2749 1062 2820 iudican·
1109 2744 1241 2816 resistit
1255 2744 1349 2815 inira
1365 2747 1498 2835 grande
1513 2768 1635 2835 genus.
1681 2743 1837 2823 Ovidius
1851 2755 1924 2824 lere
1941 2750 2021 2824 talis
2035 2765 2098 2822 est.

70 2856 142 2924 dus
157 2863 224 2926 est.
248 2846 326 2920 Etsi
338 2864 457 2920 autem
473 2849 653 2919 interdum
669 2849 837 2941 pleniore
845 2874 934 2921 sono
948 2863 1060 2923 utun·
1108 2842 1157 2918 Et
1173 2846 1361 2939 pleraeque
1369 2844 1551 2919 Ciceronis
1561 2845 1744 2941 Epistulae
1761 2867 1796 2925 et
1811 2855 2001 2940 orationes,
2017 2854 2098 2947 qui-

69 2970 132 3026 tur
150 2948 291 3037 Attici,
318 2963 437 3021 tamen
460 2944 548 3019 haec
568 2951 682 3041 prima
698 2953 812 3021 forma
826 2946 954 3023 horum
977 2975 1062 3044 pro·
1109 2949 1191 3018 dam
1207 2945 1313 3020 etiam
1328 2948 1413 3019 libri
1429 2944 1669 3044 philosophici
1683 2954 1728 3023 ad
1744 2949 2000 3028 hanciormam
2016 2979 2098 3047 per-

71 3057 150 3150 pria
173 3054 261 3139 luit,
286 3051 368 3146 quia
395 3052 637 3144 propriissime
658 3050 916 3145 loquebantur,
939 3068 975 3125 et
998 3077 1061 3124 ve-
1110 3049 1239 3124 tinent.
1265 3049 1452 3123 Pertinent
1465 3054 1510 3123 ad
1527 3077 1605 3124 eam
1622 3067 1657 3126 et
1671 3049 1813 3127 Erasmi
1829 3059 2016 3151 pleraeque
2032 3059 2096 3125 de·

71 3155 303 3228 recundiores
324 3167 425 3224 erant
451 3153 489 3221 in
516 3156 680 3223 ornando
708 3154 856 3248 reliquis
884 3155 1061 3247 gentibus,
1110 3151 1354 3225 clamationes.
1416 3151 1573 3226 Maxime
1603 3180 1686 3228 vero
1713 3161 1857 3250 prodest
1888 3181 2098 3249 cognoscere

72 3274 108 3332 et
127 3256 305 3353 quidquid
320 3258 401 3327 'erat
422 3256 582 3346 ineptum
608 3267 643 3324 et
659 3253 947 3347 intempestivum
965 3280 1064 3328 surn-
1110 3256 1183 3325 duo
1199 3266 1351 3325 extrema
1367 3278 1494 3346 genera
1510 3258 1549 3327 in
1565 3258 1760 3346 imitando,
1783 3276 1824 3333 ut
1849 3261 1997 3337 virtutes
2023 3260 2100 3331 dis-

72 3385 129 3432 ma
143 3358 328 3449 diligentia
343 3358 514 3430 vitabant.
566 3355 701 3427 Viciosi
717 3372 800 3429 sunt
816 3360 855 3427 in
873 3359 988 3452 primo
1004 3382 1063 3451 gc·
1110 3356 1283 3428 similium
1297 3370 1484 3447 autorum,
1507 3383 1597 3453 quos
1618 3359 1788 3452 legimus,
1810 3363 1938 3435 melius
1960 3364 2097 3456 perspi-

73 3487 156 3535 nere
168 3463 295 3532 breves
311 3460 456 3553 quidam
473 3483 513 3529 ac
529 3458 662 3540 ieiuni,
688 3454 828 3530 horridi
848 3475 882 3532 et
907 3462 1062 3544 obscuri,
1110 3458 1256 3545 ciamus,
1274 3472 1309 3530 et
1327 3474 1367 3532 ut
1381 3463 1626 3558 unusquisque
1639 3466 1802 3538 observet
1815 3467 1860 3537 ad
1875 3466 1970 3560 quod
1988 3487 2099 3556 genus

74 3564 188 3660 qualis
206 3561 313 3633 estin
327 3561 550 3632 orationibus
564 3561 697 3632 alicubi
712 3561 900 3634 Salustius.
1111 3572 1237 3631 natura
1253 3562 1366 3652 magis
1384 3564 1566 3658 appositus
1583 3564 1763 3648 videatur,
1788 3581 1830 3639 ut
1846 3568 1939 3638 aridi
1954 3568 2099 3642 uberio-

174 3660 325 3735 Grande
347 3686 477 3753 genus,
509 3664 587 3733 etsi
602 3686 729 3754 magna
745 3688 787 3733 er
802 3677 901 3755 parte
916 3663 1062 3756 proprio
1111 3685 1150 3732 ra
1169 3661 1296 3754 scripta
1316 3664 1490 3753 legentes,
1517 3666 1686 3741 adiiciant
1707 3668 1845 3765 aliquid
1859 3660 1996 3741 viribus
2017 3669 2092 3740 suis
2112 3676 2116 3685 '

76 3789 238 3859 sermone
256 3776 417 3835 constare
435 3767 552 3850 debet,
580 3778 698 3835 tamen
715 3760 939 3856 metaphoras
954 3758 1063 3838 habet
1111 3758 1241 3833 tumidi
1270 3789 1354 3836 vero
1379 3788 1420 3838 ac
1450 3765 1570 3860 supini
1597 3772 1826 3843 moderentur
1848 3786 2033 3858 naturam,
2064 3787 2099 3843 ct

76 3867 288 3949 crebriores,
312 3888 352 3935 ac
374 3866 515 3956 longius
535 3866 681 3958 petitas,
706 3867 847 3959 copiose
872 3867 1063 3961 amplificat
1111 3865 1343 3941 assuefaciant
1362 3892 1400 3940 se
1422 3872 1465 3939 ad
1491 3869 1740 3964 proprietatem
1764 3875 1916 3947 lectione
1937 3876 2099 3957 istorum,

76 3963 245 4039 adhibitis
264 3967 445 4038 omnibus
466 3968 608 4057 liguris,
640 3982 674 4039 et
696 3969 798 4062 quasi
819 3971 864 4040 de
885 3968 1062 4040 industria
1111 3966 1175 4062 qui
1189 3968 1300 4041 Attici
1317 3985 1507 4059 vocamur,
1541 3997 1694 4067 quorum
1717 3978 1869 4052 malime
1885 3977 2029 4070 propria
2046 3990 2108 4048 est·

76 4083 225 4146 ostentat
239 4082 420 4145 ornatum.
468 4067 549 4141 Hoc
570 4093 681 4161 genus
702 4093 826 4161 magna
853 4095 933 4142 cum
957 4070 1062 4142 laude
1110 4069 1237 4146 oratio.
1554 4105 1555 4108 ¹
1963 4125 1965 4129 2

1021 4199 1167 4282 Τέλος.
