4538 5754
117 228 191 303 167

354 211 561 294 semera
593 151 679 290 eu(
695 211 813 291 uun.
840 211 908 289 an
930 213 1058 294 ntsr.
1083 214 1228 297 anor.
1255 215 1323 293 ar
1347 213 1543 293 rnaaos.
1570 213 1895 292 seuerauna

2063 214 2138 294 168

120 344 321 468 ebtantnm
349 387 476 473 recito,
504 399 545 457 ut
564 386 722 456 iuniores
747 386 949 458 discernant
971 401 1098 480 poten·
1151 388 1329 479 ingitrem
1346 389 1547 459 insuavem.
1598 386 1642 457 ln
1659 382 1728 458 boc
1742 387 1866 458 dolore
1882 388 1920 459 fit
1934 385 2138 460 torrefactio

122 500 209 569 tiam
233 503 499 583 cognoscentem
521 501 555 558 et
576 486 769 579 potentiam
794 491 1037 581 adpetentem,
1068 503 1102 561 et

122 599 261 671 diversa
278 593 460 682 utriusque
478 589 682 658 accidentia.

223 695 278 763 De
291 692 435 762 noticiis
450 683 785 760 naturalibusetiam
800 691 912 762 sciant
927 686 1102 762 hasaDeo

125 799 249 868 insitas
264 817 337 864 esse
352 793 531 861 mentibus
551 787 737 870 humanis,
760 802 800 860 ut
815 792 886 860 sint
901 795 1101 864 testimonia

124 903 169 968 de
184 900 282 990 ipso,
306 906 341 963 et
357 893 428 962 εἰιιι
444 892 606 961 rectrices
621 892 736 975 vitae,
760 905 795 960 et
810 892 943 962 semina
960 895 1102 979 artium,

126 1007 313 1092 quaesunt
326 994 419 1065 vitae
436 992 662 1063 necessariae.
714 988 766 1061 lta
782 993 828 1062 ab
844 995 982 1063 animae
1001 994 1103 1083 agni-

126 1102 226 1171 tione
239 1108 324 1167 sunt
335 1094 438 1165 initia
452 1094 597 1164 artium.
646 1092 741 1164 Sunt
761 1105 878 1163 autem
902 1096 991 1164 aliae
1007 1096 1102 1165 noti·

123 1195 389 1272 ciae'naturales
401 1189 638 1290 θεωρητικαὶ,
662 1216 753 1286 quae
767 1196 967 1283 gubernant
981 1196 1103 1286 cogni-

95 1324 97 1331 ’
124 1303 278 1384 tionem,
306 1297 404 1366 unde
425 1298 592 1366 oriuntur
613 1290 863 1381 Aritbmetica,
889 1288 1105 1381 Geometria,

127 1415 164 1472 et
183 1401 372 1490 pleraeque
391 1397 480 1466 aliae
497 1396 688 1469 doctrinae.
726 1392 830 1466 Aliae
849 1412 932 1468 sunt
951 1422 1103 1492 πρακτι-

127 1495 208 1580 καὶ,
246 1521 336 1591 quae
369 1498 569 1586 gubernant
599 1497 773 1578 actiones,
813 1499 910 1567 unde
934 1498 1028 1588 leges
1058 1501 1103 1567 de

127 1600 288 1672 moribus
305 1610 341 1668 et
354 1600 399 1667 de
415 1597 670 1687 gubernatione
685 1596 780 1666 civili
798 1599 982 1686 oriuntur,
1005 1614 1047 1672 ut
1061 1600 1105 1668 de

128 1700 318 1794 principiis
333 1698 509 1788 copiosius
524 1699 654 1768 dicitur
671 1699 709 1766 in
723 1698 939 1774 Dialecticis.

228 1798 461 1870 involuntate
476 1821 536 1869 seu
553 1800 709 1891 potentia
719 1801 904 1889 adpetente
921 1814 1004 1869 sunt
1017 1795 1103 1870 hacc

128 1916 296 1997 quatuor:
319 1899 572 1972 inclinationes
596 1900 758 1984 innatae,
791 1901 967 1987 actiones,
999 1897 1104 1972 habi·

129 2018 186 2074 tus
214 2016 248 2073 et
270 2002 438 2075 adiectus.
494 2000 587 2071 Sunt
608 2014 726 2071 autem
744 2000 933 2071 dissimiles
954 2002 1106 2071 inclina-

128 2105 244 2176 tiones
259 2099 419 2187 innatae,
444 2101 618 2192 plucimae
633 2114 716 2171 snut
732 2102 883 2172 viciosae
897 2103 936 2170 in
952 2097 1016 2171 bac
1037 2103 1106 2172 rni-

129 2228 205 2275 sera
219 2216 369 2289 natura,
394 2215 435 2272 nt
451 2202 587 2270 aversio
604 2227 624 2270 a
640 2198 738 2285 Deo,
762 2224 864 2270 amor
877 2203 990 2272 nostri
1005 2203 1106 2274 inor-

129 2307 272 2375 dinatus
293 2316 357 2374 etc.
390 2299 542 2395 Aliquae
565 2314 649 2372 sunt
672 2324 736 2371 suo
757 2324 884 2390 genere
907 2305 1042 2387 bonae,
1066 2316 1107 2374 ut

130 2400 301 2501 στοργαὶ,
327 2397 391 2474 καὶ
416 2397 543 2497 ἀρεταὶ
567 2397 742 2496 φυσικαὶ,
765 2425 855 2494 quae
870 2418 954 2473 snnt.
973 2405 1106 2473 semina

130 2507 300 2574 virtutum
316 2503 495 2587 civilium,
519 2515 559 2571 ut
573 2505 611 2569 in
624 2500 797 2587 Aristide,
820 2501 986 2594 Scipione
1001 2505 1107 2573 incli-

129 2607 229 2675 natio
250 2609 295 2673 ad
316 2603 491 2672 iusticiam
520 2603 659 2672 civilem
691 2616 727 2674 ει
756 2605 802 2672 ad
831 2605 1107 2676 beneficentiam.

129 2702 299 2775 Actiones
324 2703 488 2794 propriae
515 2702 709 2772 voluntatis
740 2716 824 2774 sunt
855 2705 967 2790 velle,
998 2705 1108 2787 nolle,

131 2805 343 2897 suspendere
366 2803 558 2890 actionem,
595 2804 769 2898 imperare
800 2806 979 2896 potentiae
1009 2806 1108 2877 loco-

130 2906 298 2978 motivae.

228 3003 445 3099 Frequentes
468 3005 623 3074 actiones
641 3005 776 3074 similes
788 3006 932 3098 pariunt
952 3000 1110 3097 habitus,

130 3107 168 3176 id
184 3119 253 3187 est,
277 3107 397 3175 firmos
413 3106 581 3196 impetus,
607 3106 736 3197 quibus
750 3109 968 3177 constantius
987 3110 1109 3177 eadem

131 3207 265 3297 adpetit
280 3219 339 3275 aut
352 3208 444 3295 fugit
460 3206 635 3277 voluntas.
685 3203 734 3273 lli
754 3201 897 3277 habitus
919 3208 1111 3276 nominan-

132 3321 191 3377 tur
217 3307 382 3390 virtutes,
408 3317 469 3373 aut
505 3305 608 3372 vicia.
671 3302 811 3374 Horum
842 3309 1108 3397 descriptiones,

133 3406 339 3496 partitiones
374 3419 408 3474 et
437 3404 643 3473 discrimina
673 3421 859 3477 sumantur
882 3432 922 3477 ex
945 3408 1106 3478 doctrina

134 3509 179 3575 de
194 3505 381 3589 Moribus,
407 3526 496 3596 quae
517 3527 560 3572 ex
577 3505 757 3592 agnitione
778 3509 916 3576 animae
939 3522 1107 3602 tunquam

134 3622 175 3675 er
189 3607 287 3676 fonte
301 3604 433 3691 oritur,
458 3607 552 3696 quod
578 3607 802 3675 considerare
825 3608 911 3677 utile
928 3623 989 3680 est.
1039 3606 1108 3677 Hic

92 3697 109 3713 ‘
134 3707 228 3774 enim
256 3706 460 3774 monstratis
489 3705 628 3774 animae
662 3707 838 3797 partibus,
872 3711 1109 3779 ostenduntur

133 3806 311 3877 actionum
329 3829 465 3875 causae.
514 3804 619 3875 Mens
633 3807 791 3877 iudicans
805 3823 840 3878 ει
865 3811 1028 3880 voluntas
1044 3812 1108 3878 eli-

134 3928 237 3997 gens,
260 3930 300 3974 ac
321 3906 496 3996 imperans
512 3910 687 3995 potentiae
708 3909 950 3981 locomotivae.
1000 3908 1049 3981 Et
1069 3912 1109 3979 in

136 4020 253 4076 mente
277 4005 396 4075 lucent
416 4006 581 4075 immotae
604 4009 774 4089 noticiae,
806 4024 999 4102 quaesunt
1022 4036 1108 4081 nor-

136 4133 212 4177 mae
232 4107 432 4190 actionum,
463 4106 700 4177 discernentes
724 4124 816 4179 recta
846 4125 880 4178 et
901 4136 974 4179 non
1004 4127 1108 4183 recta.

135 4205 181 4279 Et
196 4213 284 4279 ordo
298 4208 469 4277 divinitus
484 4208 637 4281 sancitus
652 4223 723 4290 est,
747 4224 787 4279 nt
801 4214 845 4278 ad
869 4207 932 4280 has
954 4235 1110 4296 normas,

135 4301 320 4400 quaesunt
335 4308 426 4378 radii
442 4307 632 4398 sapientiae
646 4310 789 4380 divinae
812 4312 850 4379 in
875 4314 1000 4399 nobis,
1023 4338 1109 4383 con-

134 4424 262 4496 gruant
284 4411 451 4479 actiones.

234 4509 403 4579 Adfectus
417 4509 495 4602 ἤθη
510 4521 544 4579 ει
560 4503 669 4603 πάθη
686 4523 747 4581 aut
760 4526 842 4582 sunt
859 4516 1025 4600 actiones,
1048 4518 1108 4585 sed

1153 491 1269 561 cordis
1282 503 1316 559 et
1330 490 1575 561 incenduntur
1592 490 1751 581 spiritus.
1799 486 1848 559 Et
1863 490 1948 583 quia
1963 490 2003 559 in
2018 487 2073 559 ira
2088 490 2140 560 si-
2180 524 2183 529 -

1152 593 1229 661 mul
1243 604 1295 662 est
1310 605 1456 661 conatus
1471 591 1673 681 depellendi
1689 591 1828 674 obiecti,
1844 603 2047 664 exaestuant
2061 590 2157 682 spi··

1153 694 1243 765 ritus
1257 707 1292 764 et
1305 692 1538 762 effunduntur
1550 693 1589 760 in
1607 692 1780 762 exteriora
1795 692 1965 777 membra,
1979 704 2020 763 ut
2034 692 2139 786 quasi

1153 806 1291 864 arment
1305 816 1344 861 ea
1364 798 1408 862 ad
1424 793 1679 884 depulsionem.
2139 784 2144 795 '

1255 893 1399 963 Timere
1415 906 1465 963 est
1484 895 1522 962 in
1539 896 1722 964 voluntate
1736 893 1835 962 nolle
1845 904 2041 964 -venturum
2056 914 2140 963 ma·

1154 996 1229 1065 lum
1265 1018 1345 1064 cum
1376 995 1500 1065 dolore
1533 995 1666 1087 aliquo.
1726 993 1770 1063 ln
1797 996 1906 1064 corde
1925 1017 2014 1064 vero
2033 994 2140 1080 ictus,

1154 1110 1194 1166 ut
1215 1097 1262 1166 ita
1286 1097 1419 1174 dicam,
1451 1119 1522 1188 quo
1549 1120 1611 1165 cor
1633 1090 1877 1179 contrahitur,
1910 1096 2050 1185 fugiens
2069 1096 2143 1164 ob·

1155 1197 1303 1281 iectum,
1329 1222 1397 1290 qua
1412 1197 1451 1264 in
1471 1196 1713 1266 contractione
1732 1219 1795 1266 cor
1816 1196 1980 1266 adficitur
2000 1194 2140 1278 dolore,

1155 1299 1237 1391 quia
1254 1299 1303 1368 sic
1319 1311 1444 1367 natura
1468 1298 1611 1367 condita
1628 1311 1689 1367 est.
1741 1294 1829 1366 Vult
1848 1297 1945 1365 enim
1961 1293 2058 1366 Deus
2080 1298 2138 1364 vi·

1155 1411 1225 1467 tam
1245 1421 1317 1466 esse
1335 1398 1526 1478 laeticiam,
1554 1420 1685 1489 poenas
1696 1419 1780 1468 vero
1794 1397 1872 1468 vult
1886 1419 1960 1467 esse
1972 1396 2137 1466 dolorem

1156 1513 1191 1569 et
1207 1515 1369 1570 mortem.

1257 1598 1328 1670 Sed
1363 1598 1520 1668 adiectus
1546 1598 1727 1667 durabiles
1756 1611 1838 1668 stant
1868 1597 2002 1667 similes
2033 1591 2155 1667 habi..

1156 1712 1278 1780 tuum,
1304 1701 1365 1770 sed
1380 1700 1439 1780 ita,
1465 1713 1503 1769 ut
1520 1699 1591 1767 sint
1605 1697 1752 1768 admixti
1766 1698 1908 1768 dolores
1922 1713 1956 1769 et
1971 1698 2142 1782 laeticiae,

1156 1801 1241 1894 quia
1258 1797 1469 1869 universalis
1483 1799 1642 1870 definitio
1659 1800 1859 1899 adfectuum
1874 1794 1960 1869 baec
1975 1813 2037 1870 est.

1260 1899 1428 1971 Adfectus
1444 1913 1496 1971 εει
1513 1915 1630 1969 motus
1644 1899 1762 1968 cordis
1776 1912 1838 1970 aut
1854 1899 2061 1983 voluntatis,
2084 1921 2144 1968 se-

1157 2025 1269 2095 quens
1293 2001 1549 2091 cognitionem,
1582 2022 1801 2091 prosequens
1830 2012 1892 2070 ant
1914 2000 2053 2089 fugiens
2074 2000 2145 2069 ob-

1151 2103 1265 2192 iecta,
1294 2126 1382 2195 quac
1412 2126 1491 2171 cum
1527 2114 1587 2171 aut
1618 2101 1758 2171 laedant
1787 2113 1947 2170 naturam
1986 2114 2047 2171 aut
2078 2102 2145 2168 de-

1156 2203 1284 2274 lectent
1293 2255 1305 2287 ,
1332 2226 1470 2294 semper
1487 2201 1703 2271 cosrsitantur
1717 2200 1862 2271 extremi
1878 2214 2005 2281 motos,
2031 2200 2140 2270 dolor

1158 2303 1250 2372 laesa
1266 2317 1412 2383 natura,
1436 2302 1491 2372 vel
1513 2301 1668 2370 suavitas
1690 2323 1753 2370 seu
1774 2300 1912 2371 laeticia
1936 2300 2061 2370 fovens
2075 2323 2143 2369 na-

1157 2416 1287 2474 turam.
1340 2403 1386 2474 Et
1407 2416 1490 2472 saint
1512 2398 1549 2471 hi
1574 2414 1692 2471 motus
1714 2401 1754 2469 in
1780 2403 1906 2485 corde,
1937 2400 2144 2493 constrictio

1158 2518 1219 2574 aut
1234 2503 1383 2587 laxatio,
1409 2505 1498 2573 etin
1514 2503 1637 2571 dolore
1653 2501 1759 2571 simul
1780 2500 1820 2572 fit
1844 2500 2045 2600 torrefactio
2061 2525 2144 2570 cor-

1158 2604 1213 2674 dis
1231 2618 1263 2675 ει
1280 2604 1481 2693 spirituum,
1504 2616 1539 2674 et
1556 2603 1699 2694 spiritus
1712 2603 1906 2692 gignuntur
1926 2601 2143 2692 languidius.

1158 2703 1251 2775 Sunt
1268 2705 1377 2793 igitur
1398 2703 1547 2789 modici,
1573 2703 1658 2787 atri,
1683 2701 1806 2786 amari,
1828 2715 1863 2773 et
1878 2701 2010 2772 similes
2032 2701 2144 2792 piceis

1158 2806 1281 2876 sontis.
1335 2802 1377 2874 ln
1392 2804 1528 2875 laeticia
1544 2816 1660 2875 autem
1679 2804 1718 2873 fit
1733 2803 1885 2889 laxatio,
1910 2814 1944 2873 ει
1968 2803 2065 2873 uelut
2082 2826 2143 2873 ac-

1160 2907 1273 2998 ceptio
1299 2919 1332 2975 et
1352 2905 1513 2976 attractio
1545 2905 1635 2994 grati
1666 2903 1815 2989 obiecti,
1853 2917 1895 2974 ut
1917 2927 1996 2975 cuna
2020 2904 2144 2992 lingua

1160 3021 1296 3095 gratum
1325 3030 1484 3098 saporem
1516 3005 1660 3096 accipit,
1699 3005 1737 3074 lit
1765 3005 1936 3098 quaedam
1969 3004 2143 3076 dilatatio.

1160 3105 1207 3193 Et
1222 3107 1303 3200 quia
1318 3107 1456 3178 laeticia
1471 3121 1522 3178 εει
1540 3108 1611 3175 vita
1629 3105 1757 3188 cordis,
1784 3105 1979 3195 gignuntur
1994 3102 2142 3197 spiritns

1160 3208 1355 3298 copiosius,
1380 3220 1412 3275 et
1429 3221 1511 3275 sunt
1527 3206 1648 3274 dulces
1662 3218 1695 3274 ει
1712 3206 1835 3276 lucidi.

1262 3303 1374 3375 Amor
1389 3308 1427 3374 in
1444 3308 1625 3377 voluntate
1642 3319 1693 3374 est
1711 3305 1802 3374 velle
1823 3306 2019 3388 obiectum,
2043 3304 2143 3398 quod

1160 3420 1211 3476 εει
1227 3420 1287 3476 aut
1305 3409 1444 3476 videtur
1459 3408 1614 3487 bonum,
1638 3430 1717 3475 curn
1739 3408 1891 3499 quadam
1912 3404 2060 3476 laeticia.
2094 3401 2142 3474 Et

1160 3531 1239 3577 cum
1258 3521 1397 3578 nonest
1413 3507 1613 3591 simulatio,
1639 3529 1701 3576 cor
1714 3508 1835 3599 aliquo
1850 3508 1956 3577 modo
1967 3504 2143 3596 congruit,

1159 3609 1244 3678 alias
1273 3611 1400 3698 magis,
1434 3608 1521 3677 alias
1548 3607 1678 3678 minus.
1741 3603 1806 3677 Est
1833 3606 1943 3696 igitur
1970 3629 2071 3676 amor
2102 3605 2144 3675 in

1160 3712 1266 3778 corde
1297 3710 1447 3788 laxatio,
1479 3733 1547 3800 qua
1576 3732 1638 3777 cor
1665 3706 1763 3776 velut
1784 3708 1912 3799 accipit
1934 3720 1970 3778 et
1995 3704 2143 3778 attrahit

1160 3782 1355 3894 obic'ctum,
1381 3811 1516 3898 adpetit
1544 3810 1640 3878 enim
1662 3807 1948 3879 coniunctionem
1971 3831 2052 3877 cum
2075 3809 2143 3877 ob·

1161 3911 1270 3994 iecto,
1296 3923 1336 3979 ut
1356 3912 1454 4002 quasi
1478 3933 1589 3978 unum
1614 3932 1655 3977 er
1673 3908 1813 3978 daaobus
1827 3909 1908 3992 fiat,
1933 3920 1973 3978 ut
1994 3908 2140 3978 dicitur:

1161 4008 1317 4102 σώματα
1340 4006 1411 4102 μὲν
1432 4002 1524 4100 δύο,
1547 4005 1650 4105 ψυχὴ
1671 4003 1713 4080 δὲ
1734 4005 1815 4100 μία.
1874 4004 1921 4078 Et
1946 4010 2030 4101 quia
2053 4033 2143 4080 con-

1161 4126 1310 4182 currunt
1325 4113 1384 4180 illa
1399 4105 1587 4182 vehemens
1610 4111 1771 4182 attractio
1792 4122 1826 4180 et
1843 4109 2000 4194 laeticia,
2021 4134 2084 4181 cor
2106 4123 2140 4181 et

1161 4214 1303 4303 spiritus
1318 4214 1569 4282 incenduntur.
1620 4210 1672 4281 lta
1693 4212 1800 4279 simul
1823 4233 1923 4281 amoc
1944 4224 1995 4280 εει
2015 4209 2141 4280 ἰιιεειι-

1161 4316 1260 4383 dium
1278 4316 1408 4383 cordis.
1465 4310 1593 4383 Oritur
1614 4327 1729 4381 antem
1756 4313 1952 4406 plerunque
1975 4335 1994 4380 a
2013 4312 2143 4381 simili-

1161 4415 1285 4486 tudine
1303 4438 1363 4482 seu
1387 4428 1593 4484 naturarum
1620 4413 1869 4498 congruentia,
1895 4413 1983 4482 sicut
2006 4412 2044 4480 in
2064 4424 2139 4481 tota

1161 4529 1285 4585 natura
1307 4516 1408 4583 facile
1436 4516 1633 4599 iunguntur
1657 4513 1805 4596 similia,
1837 4513 1970 4582 calidae
1988 4513 2045 4582 res
2068 4513 2140 4587 cito

37 4658 44 4670 ,
135 4629 217 4674 cum
250 4607 370 4699 aliquo
398 4611 521 4679 dolore
548 4611 776 4695 coniunctae,
805 4614 863 4680 vel
889 4639 969 4683 cnm
991 4617 1108 4709 aliqua
1161 4619 1314 4686 calorem
1330 4616 1575 4685 advenientem
1591 4615 1784 4703 accipiunt,
1808 4626 1848 4682 ut
1869 4606 2021 4704 sulphur
2035 4613 2141 4683 citius

135 4706 292 4790 laeticia,
329 4722 367 4777 ut
393 4710 493 4779 irasci
519 4726 569 4781 est
590 4713 692 4782 nolle
710 4713 960 4794 offensionem,
987 4731 1021 4803 at
1044 4720 1110 4785 do·
1160 4718 1286 4805 accipit
1305 4712 1502 4797 flammam,
1528 4738 1632 4807 quarn
1655 4714 1757 4803 lapis.
1808 4711 1858 4783 Et
1880 4711 2004 4783 Cicero
2026 4737 2141 4782 venu-

133 4807 206 4876 lere
220 4819 363 4898 propter
384 4809 597 4896 laesionem,
620 4827 653 4882 et
670 4814 759 4884 velle
772 4814 949 4903 depellere
966 4818 1108 4885 laedcn-
1159 4818 1312 4888 stissime
1325 4817 1432 4887 dixit:
1458 4813 1559 4884 Nilail
1576 4816 1735 4904 rapacius
1756 4828 1807 4885 est
1823 4813 2005 4898 similium,
2030 4838 2140 4906 quam

133 4921 216 4976 tem.
264 4905 361 4976 llaec
385 4922 466 4977 sunt
491 4910 530 4978 in
553 4914 746 4983 voluntate.
793 4911 837 4984 In
867 4918 970 4984 seriis
991 4931 1108 4988 autem
1161 4931 1299 4987 natura.
1351 4916 1403 4986 lta
1419 4916 1523 4984 facile
1536 4915 1662 5004 accipit
1678 4937 1739 4983 cor
1754 4915 1884 4985 similia
1899 4939 1960 4985 scu
1976 4928 2138 5002 cognata.
2177 4936 2187 4944 ·

132 5007 291 5076 motibus
313 5009 529 5098 capuanam
554 5036 616 5080 cor
636 5026 670 5084 ει
689 5016 864 5085 voluntas.
932 5016 1022 5085 Nam
1048 5043 1112 5087 cor
1159 5017 1255 5088 Hinc
1271 5019 1361 5086 illnd
1378 5031 1429 5087 est
1450 5013 1581 5108 ὅμοιον
1604 5009 1726 5109 ὁμοίῳ·
1748 5011 1872 5110 φίλον.

133 5107 276 5194 proprie
289 5131 462 5196 organum
477 5123 528 5178 cst
541 5113 762 5198 adfectuum,
786 5119 885 5208 quod
909 5141 988 5185 com
1011 5119 1108 5190 velut
1260 5114 1398 5188 Odium
1434 5118 1473 5186 in
1510 5117 1696 5186 voluntate
1724 5130 1777 5188 εει
1815 5113 1913 5185 nolle
1939 5117 2140 5199 obiectum,

130 5206 240 5276 ictum
254 5228 316 5274 seu
329 5211 549 5278 verberatum
567 5227 616 5281 est
634 5217 681 5279 ab
696 5215 838 5283 insuavi
851 5219 1001 5301 obiecto,
1020 5242 1107 5287 con·
1131 5248 1133 5260 ·
1159 5221 1325 5314 quod'est
1340 5233 1400 5288 aut
1414 5218 1561 5287 videtur
1590 5217 1725 5285 malurn
1757 5216 1836 5286 cum
1858 5216 1985 5285 dolore
2004 5217 2139 5308 aliquo,

128 5302 283 5378 trabitur
297 5320 332 5378 et
346 5308 472 5378 dolore
492 5313 654 5380 adficitur
675 5330 818 5404 propter
840 5319 1051 5404 laesionem,
1074 5334 1108 5392 et
1158 5321 1344 5391 autetiam
1367 5319 1561 5410 cupiditate
1582 5317 1925 5410 depulsionis,‘quia
1949 5332 1999 5387 εει
2024 5321 2140 5388 conti-
