4538 5754
114 226 193 306 soe
702 224 769 340 ¹u.
820 211 1511 302 anorantranntncncns.
2058 221 2137 298 sao
2262 163 2268 171 ⁵

116 400 293 470 eruditam
330 400 589 472 definitionem:
631 395 816 469 Peccatum
848 411 899 468 est
932 393 1103 492 quicquid
1152 391 1239 462 alias
1255 388 1486 481 particulares
1500 389 1608 480 leges,
1635 413 1725 485 quae
1741 403 1859 462 tamen
1881 413 1956 462 non
1979 408 2138 484 pugnent
2236 386 2243 397 “

117 503 337 573 contrarium
354 516 407 573 est
424 503 492 591 legi
506 502 607 572 Dei.‘
623 496 727 570 Hanc
741 502 854 591 legem
871 498 938 571 Dei
956 499 1105 570 intuen·
1153 516 1235 562 cum
1252 491 1432 582 decalogo,
1454 493 1514 561 sed
1531 504 1642 562 certas
1657 493 1939 566 circumstantias
1952 494 2135 580 deliniant,

119 621 188 689 tes,
214 604 339 675 discite
353 627 443 697 quae
461 602 533 673 sint
556 625 638 689 vere
661 615 812 694 peccata.
863 599 961 671 Haec
983 598 1103 669 nativa
1152 617 1233 664 cnm
1256 593 1442 683 decalogus
1464 606 1603 664 tantum
1625 596 1670 663 de
1694 616 1822 683 genere
1845 595 1960 680 dicat,
1993 607 2034 667 ut
2048 619 2134 665 cnm

118 707 294 775 sententia
309 729 381 796 non
399 719 515 798 potest
529 703 682 794 intelligi
700 694 873 774 ex'verbis
894 703 1024 773 latinae
1046 700 1105 768 in·
1152 697 1204 766 ait
1218 696 1419 785 decalogus:
1444 693 1526 765 Non
1538 695 1675 766 lurtum
1695 696 1819 781 iacies,
1843 696 2007 788 exprimit
2031 699 2136 786 legis-

118 807 400 899 tcrpretationis.
450 805 535 875 ldeo
550 820 585 875 et
601 802 729 874 Graeci
750 806 868 876 tontes
891 800 1105 892 inspiciendi
1152 798 1264 887 lator,
1295 798 1382 890 quid
1400 798 1445 865 'in
1472 809 1655 866 contractu
1677 794 1857 867 nominari
1879 797 2016 869 lurtum
2038 798 2136 884 velit,

117 923 224 991 sunt,
248 922 283 978 et
296 903 382 978 baec
397 905 589 978 Dialectica
605 906 841 976 consideratio
857 905 1105 975 definitionum
1152 901 1380 991 etqnomodo
1405 897 1596 988 puniturus
1616 898 1674 973 sit.
1726 895 1863 969 Harum
1882 900 1993 970 etiam
2017 900 2134 991 legum·

119 1007 323 1080 adhibenda
348 1022 409 1078 est.
471 1006 542 1077 lam
565 1010 609 1077 de
628 1006 864 1097 explicatione
888 1004 1106 1077 delinitionis
1153 999 1313 1072 'custodia
1329 1013 1364 1071 et
1379 1000 1536 1070 executio
1552 999 1775 1089 magistratui
1793 999 1958 1073 mandata
1973 1015 2035 1076 est.
2075 1000 2135 1071 ln-

119 1133 212 1203 quae
224 1110 321 1199 apud
336 1104 532 1178 Iohannem
549 1108 728 1188 recitatur,
751 1108 863 1178 multa
880 1109 1018 1178 erudite
1034 1106 1106 1177 dici
1153 1116 1248 1173 terea
1263 1101 1331 1171 alia
1347 1123 1403 1170 res
1421 1113 1472 1171 est
1485 1097 1672 1191 Evangelii
1697 1101 1842 1187 concio,
1865 1125 1955 1194 quac
1975 1104 2137 1173 remissio

116 1225 279 1302 possunt.
330 1209 401 1281 Sed
422 1205 508 1280 haec
522 1210 607 1279 alibi
623 1221 863 1300 exponuntur.
1153 1216 1375 1293 peccatorum
1399 1215 1435 1273 ct
1454 1198 1765 1275 haereditasvitae
1790 1215 1953 1273 aeternae
1975 1205 2135 1276 offerun-

221 1326 391 1399 Delinitio
413 1323 492 1398 κατ’
511 1320 710 1412 ἀντίλεξιν,
736 1328 880 1418 quando
903 1328 973 1398 alio
997 1327 1105 1397 verbo
1154 1318 1231 1388 1111»
1265 1317 1299 1375 ‘l
1319 1328 1359 1373 ⁰¹
1380 1326 1508 1394 8911119
1527 1298 1688 1376 11111113Πο
1710 1320 1854 1377 Mem
1878 1300 2036 1376 1111111111
2059 1303 2135 1377 1110

117 1429 261 1499 notiore
277 1429 423 1517 utimur,
450 1442 490 1499 ut
506 1430 545 1497 in
561 1424 719 1498 Ecclesia
733 1428 900 1500 dicimus:
927 1427 1106 1500 Contritio
1154 1405 1350 1496 1011161111»
1372 1419 1408 1476 11
1422 1408 1663 1478 accenduntur
1677 1406 1716 1475 111
1730 1407 1898 1477 ‘mmm‘
1913 1406 2056 1499 Pl⁰¹¹¹¹¹¹
2075 1410 2135 1477 ¹⁰¹

118 1544 172 1600 est
188 1553 302 1622 pavor
315 1542 349 1600 et
365 1531 471 1599 dolor
487 1528 626 1616 cordis,
650 1541 750 1600 ortus
765 1553 806 1599 cx
831 1530 1014 1621 agnitione
1033 1530 1106 1600 irae
1154 1520 1188 1577 et
1202 1507 1337 1618 18311110
1353 1532 1435 1577 vela
1449 1504 1535 1592 Deis
1557 1507 1719 1594 1118ῑὶ018,
1744 1522 1779 1579 et
1794 1508 1866 1577 ν111
1882 1521 2036 1579 aelerna·
2065 1507 2136 1579 Sed

116 1629 187 1702 Dei
203 1632 371 1701 adversus
386 1643 537 1722 peccata,
563 1673 577 1703 ,
1154 1609 1242 1681 tales
1256 1622 1393 1678 tantum
1409 1610 1513 1700 pauci
1527 1624 1621 1696 sunt,
1646 1611 1709 1703 qui
1719 1606 1904 1699 Evangelii
1921 1610 1999 1678 voci
2014 1624 2139 1702 sponte

1155 1724 1190 1780 et
1212 1710 1294 1781 laeti
1325 1713 1584 1802 obtemperant.
1635 1706 1685 1783 At
1716 1711 1882 1802 politicus
1914 1712 2139 1801 magistratus

1154 1812 1227 1882 suis
1239 1812 1377 1901 legibus
1391 1812 1567 1906 reliquam
1586 1825 1694 1882 totam
1709 1813 1977 1884 multitudinem
1990 1810 2139 1888 colirc'et.

1154 1913 1238 1983 Alio
1262 1914 1372 2003 igitur
1397 1936 1453 1983 res
1475 1927 1527 1985 est
1550 1913 1760 2003 gubernatio
1781 1913 1945 2006 politica,
1985 1914 2052 1983 alia
2084 1938 2139 1984 res
2191 2000 2193 2005 ‚

1155 2040 1221 2084 vox
1256 2011 1464 2104 Evangelii,
1506 2016 1675 2105 colligens
1713 2027 1892 2086 aeternam
1930 2011 2137 2088 Ecclesiam.

1155 2113 1252 2186 Haec
1274 2140 1478 2211 quanquam
1500 2117 1619 2186 brevis
1637 2116 1840 2201 distinctio,
1872 2129 1991 2187 tamen
2016 2119 2137 2187 lumen

1155 2233 1206 2288 est
1227 2241 1348 2288 rerum
1370 2217 1623 2302 maximarum,
1656 2242 1763 2310 quam
1795 2219 1856 2311 qui
1887 2241 1961 2287 non
1992 2233 2139 2299 norunt,

591 2367 686 2415 .·..
1154 2320 1298 2390 suntin
1321 2317 1459 2409 magnis
1481 2320 1648 2392 tenebris.
1709 2317 1788 2390 Hoc
1812 2321 1919 2390 breve
1939 2321 2139 2412 exemplum

446 2393 515 2476 De
544 2393 782 2479 Ι1111810111·
1154 2420 1320 2505 recitavi,
1345 2433 1386 2490 ut
1400 2421 1712 2491 commonefaciam
1734 2421 1926 2506 discentes,
1951 2423 2053 2491 valde
2076 2445 2140 2492 ne-

1154 2523 1340 2595 cessariam
1356 2545 1430 2591 esse
1442 2523 1641 2593 doctrinam
1665 2519 1902 2607 divisionum,
1927 2545 2034 2615 quam
2059 2523 2140 2616 qui-

1153 2628 1237 2695 dam
1258 2623 1491 2694 Andronicus
1513 2624 1673 2715 scripsit,
1697 2647 1837 2716 semper
1858 2624 1897 2691 in
1920 2647 2049 2714 magno
2070 2619 2139 2693 ho-

225 2723 337 2797 Vetus
354 2726 488 2797 dictum
502 2739 569 2796 est:
595 2724 669 2816 Qui
687 2729 777 2799 bene
793 2729 992 2820 distinguit,
1017 2727 1108 2796 bene
1154 2750 1242 2797 nore
1256 2728 1349 2816 apud
1368 2723 1620 2815 Peripateticos
1634 2725 1754 2797 luisse.

121 2829 238 2900 docet.
290 2824 340 2897 Et
359 2829 397 2896 in
414 2825 576 2898 Phaedro
591 2826 752 2900 Platonis
769 2831 873 2921 longa
889 2829 1107 2900 divisionum
1170 2832 1173 2838 ’
2068 2870 2072 2875 -

113 2926 283 3012 ¹laudatio
314 2943 425 3013 extat,
459 2930 520 2998 ubi
547 2933 689 3000 tandem
717 2932 835 3025 inquit
860 2931 1037 3002 Socrates:
1068 2927 1106 2999 Si
1308 2897 1411 2980 1111111
1437 2903 1526 2966 111111
1549 2890 1698 2988 1111111111
1725 2894 1977 2970 mummi
2071 2936 2108 2992 Ὺ·

121 3044 248 3100 nactus
270 3030 378 3099 suerit
400 3032 544 3114 ducem,
578 3033 639 3123 qui
664 3051 757 3102 recte
785 3033 911 3126 partiri
931 3032 1037 3117 sciat,
1071 3053 1107 3099 se
1255 3026 1420 3118 Quatuor
1448 3043 1531 3100 sunt
1559 3029 1693 3100 formae
1721 3033 1953 3102 divisionum.
2018 3030 2140 3102 Prima

123 3131 254 3221 ipsius,
280 3143 449 3225 tanquam
464 3129 530 3201 Dei
545 3133 690 3223 vestigia
705 3147 909 3204 secuturum
924 3156 1010 3204 esse.
1043 3132 1108 3201 In·
1153 3143 1205 3202 est
1219 3130 1400 3202 distinctio
1418 3132 1575 3199 nominis
1591 3133 1702 3203 multa
1717 3134 1947 3222 significantis
1966 3133 2006 3202 in
2027 3134 2138 3222 signi-

122 3246 259 3301 seratur
274 3255 359 3322 ergo
376 3233 506 3302 teneris
522 3235 699 3304 mentibus
714 3230 801 3305 hacc
822 3236 1003 3306 verissima
1026 3258 1107 3326 pcr-
1152 3234 1270 3312 licata,
1297 3245 1338 3303 ut
1361 3233 1400 3300 in
1423 3226 1491 3301 boc
1516 3232 1629 3301 dicto:
1656 3232 1696 3304 Si
1713 3258 1775 3304 vos
1793 3233 1907 3304 Filius
1920 3234 2137 3319 liberaverit,

123 3334 260 3416 suasio,
287 3337 391 3405 valde
412 3336 624 3404 necessarias
647 3359 721 3405 esse
747 3338 940 3407 divisiones
964 3359 1026 3405 seu
1050 3335 1106 3404 di·
1153 3359 1235 3404 vere
1250 3333 1374 3405 liberis
1388 3333 1496 3402 eritis.
1547 3330 1618 3402 Hic
1631 3358 1771 3405 necesse
1791 3349 1843 3406 est
1857 3336 1927 3406 dici
1943 3358 2075 3406 nomen
2091 3336 2137 3403 li-

123 3435 329 3506 stinctiones
344 3436 382 3503 in
400 3436 636 3526 plurimarum
657 3461 777 3509 rerum
799 3439 1047 3530 explicatione,
1072 3450 1107 3507 et
1153 3437 1297 3507 bertatis
1312 3437 1399 3505 alias
1421 3433 1617 3524 significare
1639 3435 1839 3508 libertatem
1865 3437 2026 3522 civilem,
2051 3438 2139 3506 alias

124 3537 166 3605 ad
197 3559 318 3606 curam
349 3537 641 3629 diligentiamque
672 3540 810 3609 erudite
839 3554 874 3610 et
898 3553 990 3609 recte
1012 3539 1106 3608 divi·
1152 3537 1397 3608 liberationem
1413 3561 1433 3606 a
1449 3549 1612 3626 peccato,
1636 3538 1682 3609 ab
1703 3538 1754 3608 ira
1773 3536 1858 3622 Dei,
1883 3552 1917 3608 ct
1932 3540 1977 3610 ab
1996 3551 2137 3609 aeterna

124 3639 230 3707 dendi
248 3639 436 3709 assuefiant
453 3639 621 3711 iuniores.
674 3638 838 3729 Quantae
857 3644 1022 3712 tenebrae
1049 3664 1104 3708 es·
1152 3652 1285 3721 morte,
1298 3643 1457 3729 'prorsus
1472 3632 1564 3707 nibil
1580 3639 1624 3708 ad
1644 3638 1763 3709 civilia
1788 3640 1933 3729 negocia
1955 3640 2137 3732 pertinen-

125 3753 199 3809 sent
216 3741 255 3809 in
269 3737 429 3810 Ecclesia
444 3741 571 3810 amisso
594 3741 799 3813 discrimine
813 3743 918 3836 Legis
935 3755 969 3814 et
981 3738 1105 3815 Evan·
1153 3755 1234 3814 tem.
1285 3739 1326 3811 Si
1356 3739 1436 3832 quis
1459 3751 1576 3810 autem
1602 3733 1694 3810 hanc
1719 3740 1989 3832 explicationem
2015 3743 2137 3836 aequi-

66 3834 70 3857 *
124 3841 215 3930 gelli.
275 3839 428 3930 Quoties
463 3842 666 3913 audivimus
689 3832 862 3916 §amires
889 3869 962 3915 non
1000 3844 1106 3913 rudes
1153 3864 1321 3912 votorum
1345 3865 1419 3913 non
1445 3839 1541 3910 volet
1564 3863 1773 3932 nuncupare
1802 3843 2036 3929 divisionem,
2070 3868 2137 3912 no-

125 3943 305 4034 literarum
333 3942 533 4034 vituperare
562 3945 650 4013 iuris
676 3946 790 4017 civilis
820 3947 1038 4031 doctrinam,
1072 3958 1106 4016 et
1152 3943 1264 4013 minet
1293 3955 1334 4013 ut
1361 3942 1472 4013 volet:
1506 3939 1619 4012 Modo
1650 3938 1718 4013 hoc
1747 3943 1860 4016 sciant
1882 3945 2050 4020 iuniores.
2094 3944 2136 4014 ln

124 4043 322 4135 disputare,
355 4046 526 4135 regendas
540 4069 613 4113 esse
629 4046 788 4119 civitates
803 4063 836 4119 et
849 4048 980 4118 iudicia
1001 4046 1105 4115 dictis
1151 4045 1251 4115 omni
1266 4043 1505 4136 disputatione
1522 4044 1676 4134 primurn
1690 4044 1772 4114 sciri
1797 4062 1960 4138 oportere
1981 4048 2137 4116 vocabu·

124 4144 356 4233 evangelicis?
412 4145 579 4236 Speciosa
606 4148 725 4217 oratio‘
755 4149 915 4230 videtur,
954 4148 1104 4217 sumsit
1153 4147 1269 4216 lorum
1308 4145 1584 4236 significationes
1631 4149 1827 4219 narrationi
1877 4148 2137 4231 convenientes,

124 4238 306 4315 horribilis
330 4247 502 4319 conlusio.
554 4247 736 4320 Differunt
758 4250 852 4319 enirn
874 4250 1020 4342 politica
1039 4271 1104 4338 gu-
1151 4261 1314 4339 oportere
1330 4247 1544 4337 etambigua
1559 4248 1747 4338 explicari,
1776 4261 1809 4318 et
1829 4269 2027 4317 sermonem
2044 4250 2136 4321 inte·

123 4345 282 4417 bernatio
300 4361 333 4415 et
348 4344 594 4437 Evangelium.
647 4348 797 4421 Politica
813 4350 1023 4441 gubernatio
1047 4374 1102 4419 re·
1151 4370 1253 4437 grum
1271 4361 1364 4418 recte
1381 4348 1545 4440 intelligi.
1597 4346 1949 4419 HaecGrammatica
1970 4351 2136 4420 admoni-

66 4524 68 4539 ζ
123 4448 169 4536 git
183 4450 772 4539 externamdisciplinamomnium
783 4449 980 4534 bominum,
996 4451 1116 4546 etiam,
1152 4451 1201 4520 tio
1218 4472 1322 4541 saepe
1335 4448 1374 4517 in
1390 4446 1581 4520 Dialectica
1596 4448 1779 4541 repetitur.

66 4606 68 4612 ,
124 4548 333 4641 impiorum,
357 4564 391 4622 et
405 4565 541 4623 coercet
557 4566 700 4622 externa
725 4557 884 4623 membra
907 4552 1102 4645 corporali·
1240 4560 1243 4565 ’
1397 4586 1402 4594 =

66 4702 68 4747 ᾗ
122 4649 183 4721 bos
203 4653 351 4743 poenis,
385 4652 553 4724 discernit
574 4654 734 4723 dominia
752 4679 891 4740 rerum,
925 4669 959 4726 et
983 4667 1102 4726 tuctur
1397 4624 1880 4717 911111111111111111111111111
2257 4745 2260 4751 .

66 4754 68 4819 f
122 4774 238 4842 pacem
254 4775 479 4822 communem
496 4753 654 4844 legibus,
680 4756 821 4826 iudiciis
836 4770 870 4828 et
887 4757 1004 4830 annis.
1043 4756 1099 4825 Ad
1253 4755 1415 4827 Secunda
1439 4761 1553 4829 forma
1570 4771 1620 4828 est
1634 4756 1763 4827 divisio
1780 4758 1918 4846 generis
1937 4757 1975 4826 in
1993 4763 2167 4853 species,¹

121 4847 201 4924 baec
215 4876 325 4945 opera
339 4854 563 4944 magistratus
581 4857 747 4946 politicus
763 4858 937 4930 divinitus
955 4856 1102 4949 imposi·
1150 4881 1241 4951 quae
1258 4859 1296 4926 in
1312 4859 1479 4929 omuibus
1495 4860 1630 4930 artibus
1649 4859 1936 4945 communissima
1954 4877 2015 4933 est.
2062 4862 2134 4934 Ne·

119 4968 171 5024 tus
191 4968 248 5026 est
271 4954 432 5027 societati
454 4956 570 5042 civili,
597 4959 699 5029 cuius
713 4956 799 5029 baec
812 4962 1000 5051 praecipua
1018 4972 1103 5030 sunt
1150 4984 1243 5028 cesse
1258 4974 1309 5031 est
1325 4974 1442 5031 antem
1464 4961 1596 5050 specics
1614 4961 1789 5051 discerni,
1816 4962 1871 5029 vel
1890 4986 1952 5052 per
1966 4963 2134 5036 differen-

118 5055 247 5127 officia:
279 5054 462 5143 Primum,
496 5070 536 5128 ut
559 5073 662 5130 sonet
682 5061 757 5151 ipse
783 5085 904 5130 vocem
933 5061 1102 5150 decalogi,
1149 5061 1234 5144 tias,
1262 5062 1317 5131 vel
1338 5085 1401 5154 per
1415 5062 1577 5153 propria,
1604 5064 1658 5132 vel
1676 5087 1739 5154 per
1753 5062 1967 5149 accidentia,
1995 5066 2049 5134 vel
2073 5092 2136 5158 per

117 5151 183 5228 hoc
196 5171 268 5244 est,
294 5158 382 5248 legis
398 5173 562 5244 naturae,
588 5175 623 5233 et
637 5161 793 5252 decalogi
817 5176 911 5234 recte
929 5161 1115 5233 intellecti·
1148 5162 1321 5247 subiecta,
1349 5162 1405 5232 vel
1423 5188 1486 5252 per
1500 5165 1658 5245 obiecta,
1685 5166 1739 5260 vel
1758 5189 1821 5255 per
1837 5189 1976 5247 causas,
2000 5169 2056 5236 vel
2072 5193 2135 5260 per

115 5272 230 5330 custos
245 5261 293 5332 sit
309 5261 348 5328 in
368 5262 743 5354 externadisciplina,
768 5277 802 5334 et
826 5265 952 5355 poenis
968 5285 1100 5353 corpo-
1147 5263 1311 5350 effectus,
1343 5278 1512 5355 utsupra
1534 5266 1669 5336 dictum
1696 5278 1747 5336 est
1772 5267 1808 5334 in
1830 5267 2134 5355 praedicamentis,

113 5361 249 5433 ralibns
264 5361 397 5436 afficiat
411 5376 648 5436 contumaees.
691 5362 916 5455 Secundum,
939 5379 979 5438 ut
992 5365 1100 5438 addat
1146 5366 1211 5436 ubi
1229 5367 1360 5440 desunt
1378 5366 1525 5440 nomina
1542 5366 1825 5440 differentiarum
1843 5367 2027 5449 illustria,
2045 5373 2152 5434 suxxx'x

223 1745 362 1819 Multae
378 1747 683 1817 communissimae
699 1747 953 1849 descriptiones
976 1771 1106 1819 vocan-

118 1868 180 1923 tur
196 1842 325 1934 τύποι,
351 1849 386 1919 id
405 1861 475 1929 est,
498 1849 761 1943 qualescunque
776 1849 1041 1931 delineationes‚
1068 1864 1108 1923 ut

119 1952 378 2042 descriptiones
397 1953 654 2035 membrorum,
680 1951 900 2041 plantarum,
926 1948 1108 2022 machina-

118 2049 236 2136 rum,
251 2066 286 2123 et
302 2054 482 2143 pertinent
495 2054 539 2121 ad
555 2050 781 2123 definitiones
801 2076 891 2146 qnae
911 2055 1003 2125 fiunt
1026 2077 1106 2124 coa-

120 2154 272 2225 cervatis
287 2155 528 2226 accidentibus
544 2167 606 2225 aut
620 2153 816 2229 effectibus.

244 2578 351 2661 onae
377 2583 436 2647 est
460 2578 611 2649 utititas
628 2597 741 2649 omae
765 2575 988 2653 divisionis?
