4538 5754
93 233 115 332 t
535 207 538 211 ’
605 242 693 332 'u
745 242 1439 331 moruusrannuncrrcas.
1777 222 1781 227 ’
1841 320 1845 329 ,
1982 204 2059 315 ns

93 452 144 501 :ur
158 424 314 501 Ecclesia
329 452 350 499 a
363 424 455 520 Deo,
480 453 561 501 cum
576 427 674 500 Deus
692 451 843 522 poenam
858 428 907 501 ita
922 425 1021 499 miti.
1071 417 1241 491 antemio
1259 409 1485 510 philosophia
1506 415 1693 510 praecipue
1709 410 1765 484 his
1780 411 1921 484 duobus
1937 411 2057 482 nomi·
2080 478 2094 495 ,
2128 450 2133 461 ·

93 544 170 618 net,
191 545 231 603 ut
246 530 400 624 populu.
417 527 563 603 hahent
577 527 811 623 αὐτονομίαν
830 531 870 600 in
886 528 1020 603 doctri.
1071 523 1179 591 nibus
1203 520 1492 591 distinctionum:
1534 515 1617 588 Alia
1645 532 1696 589 est
1725 514 1908 587 distinctio
1938 512 2056 596 realis,

94 686 105 719 ,
139 634 278 706 etiamsi
317 633 496 726 politicam
535 634 829 724 gubernationem
862 629 1021 707 Romani
1045 680 1048 737 ἰ
1070 623 1140 694 alia
1167 621 1326 694 rationis.
1376 616 1568 691 Distiuctio
1589 621 1694 690 realis
1718 631 1771 690 est
1792 639 1913 688 rerum
1928 615 2055 724 diver-

94 733 214 812 terent,
246 734 355 825 Quod
374 758 459 806 vero
473 735 724 813 obiiciebntur:
751 733 1020 826 larabsslitisprn·
1072 726 1175 810 Ιίιεε,
1202 746 1276 794 non
1292 721 1545 812 imaginalium
1560 734 1699 793 tantum
1721 721 1833 805 lacta,
1859 741 1926 789 nec
1948 742 1967 789 a
1989 741 2056 786 vn·

94 836 181 908 uam
204 860 278 908 esse
299 836 517 923 libertatem,
541 839 633 908 scire
655 839 732 929 pios
753 849 911 927 oportet,
933 858 1021 927 pro-
1071 828 1209 897 luntate
1232 836 1354 895 nostra
1378 836 1515 895 tantum
1540 823 1719 906 instituta,
1744 823 1806 891 scd
1824 843 1975 916 qnamm
1991 842 2057 887 na·

94 940 225 1010 ssiones
264 938 443 1008 bonorum
491 941 728 1031 corporalium
771 937 1021 1028 intelligendas
1072 943 1173 999 turae
1193 940 1277 996 sunt
1298 925 1398 999 aliae.
1448 921 1501 996 Ac
1524 926 1643 1016 regula
1668 936 1763 995 certa
1784 936 1857 1008 est,
1882 919 2057 1012 distingui
2165 996 2169 1000 .

93 1064 133 1121 e,
159 1063 241 1110 cum
258 1040 463 1131 exceptione
479 1040 739 1131 castigationis,
769 1051 809 1110 nt
824 1040 861 1108 in
879 1038 1020 1109 Psalmo
1073 1030 1215 1100 realiter
1236 1026 1357 1098 omnia
1380 1050 1470 1120 qnae
1494 1027 1648 1118 separari
1673 1039 1839 1119 possunt,
1864 1038 1904 1096 ut
1926 1045 2056 1118 aquam

95 1141 186 1212 itur:
217 1138 376 1211 Visitabo
398 1141 436 1210 in
452 1141 550 1234 virga
566 1143 771 1237 iniquitates
790 1163 927 1226 eorum,
951 1139 1021 1208 mi·
1073 1156 1093 1202 a
1116 1130 1248 1222 frigore
1263 1128 1434 1218 distingui
1457 1131 1599 1201 realiter
1618 1142 1753 1201 certum
1769 1141 1839 1208 est,
1865 1126 1948 1220 quia
1966 1146 2057 1218 aqua

93 1242 265 1313 {cordiam
285 1266 371 1312 vero
384 1265 459 1312 non
474 1244 648 1315 amovebo
663 1244 709 1314 ab
726 1243 787 1314 eis·
803 1308 817 1340 Ι
837 1239 889 1316 lta
903 1242 942 1312 in
958 1242 1021 1311 de·
1073 1245 1188 1326 potest
1206 1230 1368 1302 amittere
1381 1230 1502 1320 frigus.
1542 1231 1712 1304 Animam
1728 1228 1899 1318 distingui
1916 1228 2058 1296 realiter

94 1343 311 1414 erationibus
325 1367 427 1436 saepe
443 1345 648 1418 collationes
663 1346 770 1430 finnt,
795 1368 946 1440 quarum
963 1343 1021 1412 di·
1073 1360 1093 1406 a
1111 1334 1259 1418 noticia,
1284 1333 1368 1403 item
1385 1333 1560 1420 avktnte,
1585 1358 1605 1403 a
1622 1332 1708 1403 vitio
1723 1345 1858 1402 certum
1877 1343 1948 1415 est,
1973 1328 2057 1422 quia

94 1445 210 1516 licatio
225 1467 267 1514 ex
281 1445 374 1515 veris
388 1446 548 1518 lontibus
568 1450 741 1519 sumenda
763 1460 833 1534 est,
858 1445 1023 1516 videlicet
1074 1433 1138 1509 has
1153 1459 1209 1506 res
1224 1433 1384 1505 amittere
1400 1446 1523 1526 potest.
1573 1432 1651 1507 Etsi
1674 1449 1790 1505 autern
1807 1433 1938 1505 usitato
1952 1447 2058 1503 natu-

95 1547 169 1616 ἱΙΙὶε
186 1545 272 1637 ipsis
286 1548 444 1631 ortibus,
468 1550 512 1618 ad
528 1571 615 1642 quas
629 1548 775 1620 materia
791 1548 962 1641 pertinet,
988 1558 1022 1618 et
1075 1563 1135 1610 rae
1146 1537 1285 1631 ordine,
1310 1560 1384 1629 nqn
1400 1535 1439 1606 lit
1454 1538 1627 1628 separatio
1643 1536 1805 1608 omnium
1821 1532 2057 1606 accidentium

95 1649 234 1718 ,endum
251 1661 320 1733 est,
345 1672 391 1729 ne
413 1649 560 1720 vitiosae
576 1653 848 1744 consequentiae
861 1650 900 1720 in
913 1648 1023 1745 syllu-
1076 1642 1115 1712 in
1139 1639 1289 1732 singulis
1312 1637 1496 1724 subiectis,
1524 1653 1643 1711 tannn
1659 1638 1758 1710 aliud
1779 1651 1830 1707 est
1851 1634 2059 1717 substantia,
2142 1690 2151 1705 .

95 1749 161 1820 nris
177 1763 361 1835 texantur,
387 1751 488 1821 utin
510 1752 715 1847 syllogismo
729 1752 941 1826 ludaeorum
957 1755 1022 1823 ad·
1075 1742 1174 1814 aliud
1198 1739 1378 1813 accident:
1411 1737 1518 1811 Calor
1540 1765 1614 1812 nou
1631 1754 1815 1834 separatur
1836 1740 1881 1809 ab
1906 1738 1998 1829 igni,
2023 1750 2059 1806 ³⁸

95 1852 257 1924 undum
277 1851 462 1923 Ieremias:
810 1866 819 1879 “
1076 1857 1259 1937 separatur
1282 1842 1328 1912 ab
1349 1864 1452 1937 aqna.
1503 1840 1583 1915 Hoc
1603 1842 1764 1936 exemplo
1789 1836 2059 1914 commonefacti

192 1953 293 2024 Deus
307 1967 422 2025 servat
437 1951 647 2038 Ecclesiam,
1076 1938 1393 2040 deprehendimus,
1432 1942 1532 2037 aliud
1563 1969 1637 2017 esse
1670 1943 1922 2029 substantiam,
1960 1940 2059 2010 alind
2182 2018 2189 2039 Ι

192 2053 267 2125 Νοε
288 2076 410 2126 surnus
423 2050 593 2142 Ecclesia,
1076 2048 1250 2122 accidens.
1300 2042 1365 2116 Est
1390 2060 1424 2116 ει
1453 2046 1562 2118 altera
1585 2048 1706 2138 regula
1733 2058 1919 2138 perpetum
1944 2040 2059 2135 ¹Quae

191 2153 288 2245 Ergo
304 2155 353 2225 sic
373 2156 612 2244 servabimus,
637 2182 683 2229 ne
697 2152 867 2232 Chaldaei
882 2156 1025 2228 deleant
1076 2148 1242 2222 subiectis
1272 2147 1561 2237 distinguuntur,
1597 2149 1740 2222 realiter
1770 2147 2060 2237 distinguuntur,

247 2255 514 2354 lerosolymam.
1076 2265 1139 2338 ut,
1164 2251 1302 2344 opinio,
1329 2261 1364 2343 et
1384 2249 1540 2322 affectus.
1583 2248 1672 2323 Nam
1695 2249 1819 2344 opinio
1840 2272 1904 2323 seu
1927 2243 2060 2319 noticia

140 2357 213 2429 Hic
234 2358 314 2449 plus
336 2374 388 2431 est
409 2361 448 2429 in
472 2361 721 2449 conclusione,
746 2384 852 2457 quarn
868 2360 907 2431 in
922 2382 1024 2452 prae-
1077 2368 1128 2427 εει
1141 2355 1180 2423 in
1195 2366 1295 2445 parte
1308 2366 1556 2442 cognoscente,
1587 2366 1623 2425 at
1644 2352 1790 2425 affectus
1813 2350 1922 2425 estin
1942 2347 2061 2421 corde.

95 2462 167 2533 ssis.
221 2459 318 2530 Haec
332 2463 377 2531 de
392 2463 656 2553 comparatione
673 2464 852 2534 monuisse
867 2463 950 2534 satis
967 2461 1024 2548 sit,
1077 2454 1225 2529 Necesse
1236 2467 1291 2526 est
1314 2452 1422 2549 igitur
1445 2454 1543 2549 alind
1564 2479 1637 2527 esse
1654 2454 1882 2547 opinionem,
1910 2462 1972 2522 sed
1991 2469 2061 2519 no*

95 2564 242 2639 irident
257 2563 417 2649 studiosi,
441 2556 534 2635 hanc
549 2566 708 2637 locorum
725 2565 934 2650 doctrinam,
949 2587 1024 2634 non
1077 2557 1216 2643 ticiam,
1248 2556 1348 2627 aliud
1377 2552 1554 2634 allectum.
1602 2554 1797 2629 Distinctio
1829 2553 1978 2628 rationis
1998 2552 2066 2635 est,

96 2679 179 2738 itum
195 2685 269 2734 esse
283 2687 445 2735 normam
462 2666 647 2739 iudicandi
663 2666 812 2759 scripta,
837 2667 1025 2739 sedetiam
1077 2684 1157 2732 cum
1179 2659 1345 2753 cogitatio
1368 2671 1431 2730 aut
1454 2658 1618 2733 volontas
1639 2659 1726 2732 facit
1746 2658 1938 2731 discrimen
1960 2653 2001 2724 in
2022 2676 2061 2722 re

95 2787 293 2839 enormem
312 2767 493 2838 rectricem
512 2770 618 2846 vitae.
765 2764 769 2778 '
1078 2786 1150 2835 una
1171 2776 1207 2833 et
1228 2762 1369 2846 eadem,
1390 2772 1446 2831 ut:
1480 2758 1577 2831 ldem
1595 2774 1722 2834 aerest
1738 2762 1900 2855 superior
1918 2774 1954 2833 ει
1969 2757 2062 2828 infe-

1078 2865 1163 2946 rior,
1187 2861 1349 2956 superior
1363 2873 1467 2947 terra,
1488 2876 1524 2934 at
1542 2861 1691 2934 inferior
1704 2864 1803 2939 luna.
1833 2861 1933 2936 Idem
1948 2857 2062 2932 Caro·
2173 2908 2189 2929 .

185 3004 254 3089 De
284 3002 523 3091 nominibus
553 3005 862 3095 distinctionum
1078 2968 1134 3038 lus
1157 2978 1209 3036 est
1225 2965 1416 3056 imperator
1440 2978 1476 3035 et
1508 2989 1568 3034 rex
1596 2962 1803 3057 Hispaniae.
1854 2962 1908 3035 lta
1927 2985 2000 3035 una
2025 2971 2061 3030 et

865 3068 874 3089 ‘
1076 3069 1198 3148 eadem
1212 3088 1313 3138 mens
1328 3064 1416 3136 alias
1431 3066 1564 3167 dicitur
1576 3067 1803 3160 speculativa,
1827 3066 1914 3136 alias
1929 3061 2062 3158 practi-

141 3167 229 3239 ldeo
250 3164 348 3239 Deus
370 3169 501 3241 indidit
525 3184 683 3274 naturae⁸
693 3171 905 3263 intelligenti
929 3172 1026 3244 noti·
1077 3193 1138 3255 ca,
1168 3169 1252 3262 quia
1276 3168 1367 3239 circa
1390 3166 1544 3240 diversas
1568 3170 1733 3241 materias
1755 3182 1926 3241 versatur.
1978 3161 2060 3237 Una

97 3295 131 3340 m
155 3292 409 3352 numerorum,
435 3285 475 3344 ut
491 3273 669 3344 discernat
690 3297 758 3345 res.
808 3272 955 3344 Necesse
974 3286 1024 3344 est
1078 3285 1113 3344 et
1134 3273 1256 3343 eadem
1273 3268 1392 3342 anima
1423 3283 1474 3342 est
1497 3271 1695 3343 'substantia
1714 3271 1917 3362 intelligens
1943 3279 1977 3340 el
1996 3288 2062 3356 ap·

96 3374 138 3442 iro
151 3371 359 3442 discrimina
374 3395 492 3442 rerum
507 3375 626 3470 aliqua
641 3375 800 3465 agnosci,
824 3399 889 3446 nec
903 3377 1024 3446 omnia
1079 3389 1210 3469 petens.
1248 3372 1318 3446 Sed
1334 3374 1490 3444 actiones
1505 3373 1600 3466 ipsae
1613 3374 1756 3445 realiter
1767 3373 1950 3457 differunt,
1974 3368 2062 3463 quia

97 3475 309 3555 rinndenda,
343 3486 379 3544 et
401 3472 440 3541 in
464 3499 577 3546 unum
600 3473 706 3548 chaos
729 3478 907 3548 miscenda
931 3491 1025 3549 sunt.
1077 3475 1209 3548 noticia
1234 3474 1381 3547 existere
1399 3477 1611 3567 potestsine
1633 3477 1824 3562 electione,
1848 3487 1908 3545 aut
1927 3483 2060 3542 mutata

97 3597 190 3647 cesse
205 3575 378 3660 cstscire,
403 3576 502 3646 aliud
519 3601 592 3649 esse
608 3575 744 3664 Deum,
769 3578 867 3649 alind
887 3595 1024 3653 creatu·
1077 3578 1258 3652 electione.
1308 3573 1418 3648 Novit
1433 3575 1558 3650 Cicero
1573 3576 1754 3664 Clodium,
1779 3593 1814 3650 et
1831 3576 1918 3648 alias
1933 3572 2062 3664 diligit,

97 3724 114 3763 .‚
146 3677 247 3747 alind
279 3677 512 3760 substantias,
552 3681 648 3750 alind
678 3680 891 3767 accidentia,
925 3684 1023 3753 alind
1076 3680 1163 3751 alias
1185 3678 1272 3750 odit.
1323 3676 1505 3751 Differunt
1531 3681 1641 3770 igitur
1669 3681 1814 3753 realiter
1841 3676 1993 3757 noticia,
2025 3687 2062 3746 ει

97 3795 169 3851 tura
185 3778 434 3867 intelligentes,
454 3781 551 3850 aliud
570 3807 642 3852 non
657 3781 907 3874 intelligentes,
925 3786 1024 3855 aliud
1077 3782 1200 3854 electio
1218 3779 1420 3851 voluntatis
1455 3781 1560 3852 Acin
1576 3782 1754 3854 inlinitum
1770 3793 1918 3874 vagatur
1931 3775 2062 3849 distin-

97 3880 213 3966 licias,
239 3881 336 3949 aliud
353 3881 586 3971 appetitiones
598 3898 663 3959 ete.
712 3882 810 3957 Haec
826 3886 899 3978 ipsa
916 3887 1025 3977 igitur
1076 3887 1146 3958 ctio
1163 3883 1323 3959 rationis.
1373 3880 1508 3954 Eadem
1528 3907 1644 3977 pugna
1658 3880 1807 3956 Davidis
1822 3897 1874 3955 est
1891 3903 1980 3974 opus
1996 3904 2061 3971 po-

97 3982 206 4053 ctrina
221 3981 267 4051 de
286 3981 515 4053 distinctione
540 3999 592 4056 εει
616 3988 716 4080 quasi
731 3989 893 4058 doctrina
908 3991 952 4060 de
966 4014 1023 4059 re-
1077 3988 1232 4073 liticum,
1262 4001 1296 4057 et
1317 3984 1432 4056 cultus
1455 3981 1541 4071 Dei,
1574 3985 1658 4079 quia
1689 3987 1855 4060 voluntas
1877 3985 1983 4055 relert
2013 3982 2059 4050 ad

97 4108 121 4154 n
135 4084 396 4168 numeratione,
420 4098 455 4155 ει
468 4086 623 4157 ostendit
638 4112 728 4180 qnae
742 4088 861 4178 iungi,
883 4104 920 4162 et
933 4116 1024 4186 quae
1077 4089 1317 4162 defensionem
1340 4085 1472 4157 civium
1498 4101 1532 4159 et
1556 4089 1601 4157 ad
1630 4089 1879 4161 illustrandam
1908 4081 2058 4175 gloriam

97 4185 167 4258 elli
180 4196 360 4275 oporteat,
387 4209 511 4279 quam,
533 4204 574 4261 ut
589 4189 637 4260 ita
653 4189 780 4276 dicam,
805 4193 1024 4265 numeratio·
1076 4189 1156 4265 Dei.
1207 4189 1259 4263 lta
1286 4211 1454 4262 vocamus
1481 4188 1747 4270 distinctionem
1778 4185 1945 4269 rationis,
1976 4207 2059 4254 com

97 4311 125 4357 n
147 4310 287 4367 rerum,
314 4289 542 4359 necessariam
567 4313 641 4360 esse
661 4291 739 4360 sani
753 4316 876 4362 omnes
890 4294 1023 4365 intelli·
1076 4309 1195 4365 nostra
1217 4290 1383 4382 cogitatio
1399 4305 1461 4363 aut
1476 4293 1639 4364 voluntas
1654 4295 1780 4363 unicae
1793 4286 1924 4360 actioni
1939 4288 2060 4379 plnres

98 4400 142 4465 ul.
190 4387 313 4478 Quare
328 4401 363 4458 ει
377 4387 594 4462 Aristotelici
618 4392 802 4478 dixerunt,
828 4398 1025 4487 proprieta—
1076 4398 1162 4467 fines
1177 4394 1360 4479 attribuit,
1388 4407 1451 4464 aut
1468 4394 1593 4464 unicae
1609 4396 1660 4463 rei
1678 4392 1777 4487 quasi
1795 4392 1914 4482 plures
1936 4411 2058 4481 perso·

107 4484 214 4561 Entis
237 4512 312 4560 esse
331 4514 445 4561 unnm
467 4506 501 4564 et
517 4494 714 4580 diversum,
745 4496 829 4588 quia
853 4497 892 4567 in
908 4499 1025 4592 quali-
1077 4521 1140 4569 uas
1155 4497 1285 4582 induit,
1308 4508 1365 4566 ut:
1395 4493 1493 4565 ldem
1509 4494 1661 4569 Roscius
1675 4492 1761 4565 alias
1775 4505 1828 4566 cst
1841 4491 2059 4576 Palamedes,

98 4606 104 4663 ι
118 4592 236 4683 specie
250 4589 479 4685 individuum
494 4597 679 4690 quodlibet
696 4596 741 4668 sit
757 4622 891 4685 unum,
909 4601 946 4673 id
963 4616 1025 4688 est,
1076 4600 1163 4673 alias
1180 4597 1334 4695 Ulysses.
1773 4590 1779 4601 ⁴

98 4714 223 4785 egrnm
239 4693 411 4786 quiddam
430 4695 468 4764 in
489 4718 551 4767 sna
568 4696 701 4790 specie,
727 4710 761 4768 ει
778 4702 956 4772 diversum
978 4704 1025 4774 ab
1178 4699 1220 4773 ln
1234 4696 1390 4772 Ecclesia
1402 4724 1486 4771 vero
1503 4701 1647 4772 additur
1662 4701 1705 4772 ad
1720 4694 1807 4771 haec
1822 4700 1894 4770 duo
1910 4696 2057 4768 nomina

98 4793 308 4869 tnibnsaliis
327 4795 511 4887 speciebus
525 4812 560 4871 ει
578 4798 791 4886 individuis,
819 4799 858 4873 ld
878 4803 1025 4875 luctasse
1077 4803 1363 4885 distinctionum,
1386 4816 1422 4873 ει
1436 4802 1534 4872 aliud
1549 4804 1706 4891 tertium,
1730 4802 1860 4872 scilicet
1877 4797 2059 4871 distinctio

98 4897 231 4967 scnrins
247 4895 320 5016 dici
336 4896 496 4986 videtur,
526 4902 587 4973 sed
602 4915 721 4974 tamen
737 4903 874 4976 erudite
889 4905 1023 4977 dictum
1077 4907 1291 4989 essentialis,
1316 4903 1460 4998 quaein
1478 4907 1647 4978 creaturis
1670 4901 1762 4976 nihil
1780 4904 1900 4974 differt
1921 4926 1941 4972 a
1957 4899 2058 4986 reali,

98 5051 105 5076 .
158 4997 306 5069 Planius
320 5011 372 5069 est
391 5013 530 5089 autem,
556 5027 636 5075 cum
651 5005 696 5073 ad
717 5028 883 5077 numeros
907 5030 1024 5099 regre—
1078 5010 1181 5081 Plato
1202 5022 1234 5078 ct
1250 5004 1459 5076 Aristoteles
1484 5010 1760 5098 destingnuntur
1779 5006 1923 5077 realiter
1944 5018 1979 5076 et
2002 5025 2058 5074 es-

98 5125 182 5186 nur,
214 5113 249 5171 et
269 5100 464 5191 cogitamus
486 5128 542 5175 res
561 5107 811 5177 discernendas
833 5133 873 5179 ac
899 5133 1025 5180 nume·
1077 5112 1281 5182 sentialiter.
1332 5106 1404 5180 Sed
1423 5131 1591 5199 personas
1607 5109 1815 5182 Divinitatis
1835 5109 1987 5179 dicimus
2001 5107 2058 5176 di-

98 5207 169 5274 tdas
191 5225 284 5321 esse,
309 5198 401 5275 hanc
425 5205 473 5276 ob
497 5231 636 5279 causam
654 5207 804 5279 inditam
821 5232 894 5282 esse
917 5225 1025 5284 natu·
1076 5213 1208 5303 stingui
1228 5209 1385 5294 realiter,
1411 5234 1487 5281 non
1504 5212 1745 5287 essentialiter.
1797 5211 1857 5285 Sic
1879 5211 1918 5279 in
1933 5205 2058 5280 Eccle-

99 5303 334 5395 :intellrgenti
355 5330 587 5379 numerorum
609 5308 797 5396 noticiam,
821 5326 933 5385 utres
952 5314 1026 5384 dis-
1076 5315 1125 5387 sia
1149 5314 1348 5408 loquimur,
1374 5324 1407 5382 ει
1423 5338 1513 5407 quae
1533 5317 1579 5388 sit
1600 5314 1794 5400 sententia,
1820 5336 1883 5383 suo
1900 5312 1982 5380 loco
1999 5309 2064 5375 ‹tt-

99 5419 256 5495 nantnr,
287 5419 322 5479 et
343 5411 433 5481 ordo
457 5434 578 5484 earum
598 5410 831 5504 intelligatur.
882 5412 1026 5489 Utimur
1074 5416 1228 5490 cendum
1241 5427 1305 5491 est.
1339 5410 1488 5490 Caetera
1501 5417 1660 5493 numina
1670 5402 2096 5488 sustinuissemus-
