4538 5754
62 244 112 319 s}
409 246 413 253 '
471 304 475 309 .
790 230 842 311 11.
894 227 1047 315 amm
1069 225 1139 305 ml
1163 225 1342 307 aalma
2023 237 2076 319 94

153 405 225 481 Hic
250 411 385 483 modus
405 420 458 483 est
483 407 714 491 nutritionis,
746 412 788 480 in
814 430 886 503 quo
912 408 1045 500 grsdm
1095 402 1242 496 poribus
1255 401 1387 475 nostris
1401 402 1557 495 possint,
1582 405 1674 476 aliae
1688 406 1811 498 magis,
1833 408 1928 480 aliae
1942 408 2074 496 minus,

57 512 103 583 sic
115 512 388 587 discernuntur.
437 508 663 602 Digestiones
675 524 748 581 tres
769 533 930 587 numero.
962 506 1046 579 Pri·
1096 518 1135 575 ut
1153 527 1195 575 ex
1210 505 1329 575 tritico
1346 519 1380 577 ct
1397 505 1482 574 vino
1501 506 1707 596 iitsanguis.
1756 505 1812 579 Ex
1829 511 1998 582 arborum
2017 512 2074 581 ro-

57 614 201 684 mamin
221 612 439 685 ventriculo.
491 610 693 683 Secundam
721 612 761 681 in
790 627 903 703 epate.
953 609 1046 681 Ter.
1094 606 1153 678 liis
1174 619 1210 677 et
1230 604 1421 678 corticibus
1440 610 1582 698 sanguis
1603 609 1678 678 beri
1701 632 1776 679 non
1797 623 1924 702 potest.
1974 609 2075 681 Tan,-

58 717 139 787 tiam
155 715 194 783 in
211 714 498 787 extremitatibus
515 736 699 801 venarum,
724 715 788 785 ubi
804 712 948 805 sanguis
963 735 1046 782 ver·
1096 720 1171 779 turn
1188 731 1271 781 vero
1289 710 1416 777 addam
1432 702 1490 779 bic
1507 711 1579 781 duo
1597 710 1690 781 dicta
1714 706 1959 803 Hippocratis,
1984 735 2075 803 quo-

58 817 143 888 titur
162 818 202 885 in
224 817 404 887 secundas
423 812 672 902 humiditate,
697 840 787 909 quse
812 816 1047 888 nominantur
1095 832 1176 878 rum
1191 809 1341 880 alterum
1358 824 1502 896 monet,
1524 825 1566 883 ut
1581 811 1758 899 eligantur
1772 812 1843 883 cibi
1860 813 2075 882 convenien-

59 919 245 989 cambium.
299 915 341 987 ld
366 929 486 1009 postea
511 912 733 989 attrahitura
748 918 908 988 membro
928 916 1048 988 nutri·
1095 924 1146 981 tes
1155 911 1399 1004 suocuiusque
1408 926 1695 1004 temperamento,
1709 912 1771 1006 qui
1781 914 1961 983 velarcere
1977 936 2078 983 mor·

59 1022 164 1104 endo,
196 1034 233 1092 ct
257 1019 298 1089 in
328 1020 405 1089 eius
432 1019 667 1091 substantiam
698 1042 782 1089 vera
813 1020 1043 1111 generatione
1095 1013 1179 1094 bos,
1204 1014 1261 1082 vel
1277 1014 1391 1083 lenire
1406 1014 1563 1106 possint,
1588 1027 1628 1084 ut
1650 1009 1687 1082 bi
1710 1014 1773 1107 qui
1795 1014 1963 1104 trigidum
1987 1038 2077 1084 ven-

59 1122 297 1205 oonvertitur,
330 1134 373 1194 ut
392 1120 526 1192 dictum
548 1133 612 1194 est.
665 1117 744 1193 Etsi
767 1135 885 1193 autern
910 1123 955 1192 de
975 1144 1046 1190 uu-
1096 1114 1264 1185 tricolum
1287 1110 1438 1202 babent,
1471 1139 1544 1185 non
1567 1115 1692 1185 bibant
1712 1137 1861 1207 aquam,
1887 1129 1947 1186 aut
1968 1115 2076 1185 nimis

57 1244 152 1293 mero
176 1220 420 1311 digestionum
443 1221 507 1293 alii
530 1221 634 1293 aliter
655 1223 765 1294 locuti
788 1236 891 1305 sunt,
926 1236 1045 1295 tamen
1096 1229 1239 1287 tenuem
1267 1216 1483 1292 cerevisiam.
1541 1215 1612 1287 Sed
1643 1217 1727 1287 vina
1758 1216 1968 1300 mediocria,
1984 1222 2078 1287 'non

56 1323 270 1414 prolixiores
288 1336 326 1395 et
340 1322 485 1397 inutiles
499 1324 757 1416 disputationes
772 1328 903 1397 addere
919 1323 1034 1399 nolui.
1096 1318 1217 1390 cruda.
1271 1316 1345 1405 Qui
1369 1333 1513 1411 propter
1533 1330 1847 1409 temperamentum
1872 1318 2021 1388 calidius
2043 1329 2079 1388 et
2112 1314 2114 1319 ’

1095 1418 1239 1503 siccius,
1263 1420 1444 1490 autetiam
1461 1432 1605 1512 propter
1618 1420 1835 1491 moesticiam
1852 1443 1977 1511 parum
1992 1422 2080 1489 dor-

55 1540 114 1613 lte
145 1547 322 1616 esmeria
352 1547 595 1635 nutritionis,
631 1554 672 1617 et
701 1540 793 1619 essu
822 1542 932 1617 rebus
958 1564 1048 1617 eous
1096 1520 1234 1602 “fiunis
1265 1534 1413 1594 ¹¹¹⁸¹¹¹¹¹¹
1435 1523 1587 1604 ¹²⁶²¹¹⁶³2
1618 1520 1833 1615 tmltdffi'v
1865 1544 1982 1591 eroco.
2034 1517 2079 1588 ¹¹¹

405 1644 690 1720 agguvangggm
1098 1616 1189 1693 banc
1210 1622 1422 1694 sententiam
1444 1622 1563 1716 inquit
1584 1618 1834 1714 Hippocrates:
1859 1619 1927 1693 'Es‘
1954 1624 2078 1716 τροφῇ

1097 1718 1294 1818 φαρμακίη
1326 1721 1493 1821 ἄριστον.
1544 1721 1648 1793 Hanc
1674 1724 1831 1813 regulam
1857 1746 1960 1793 nosse
1973 1735 2008 1793 et
2022 1745 2080 1792 ac·

1097 1825 1161 1919 qui
1186 1826 1226 1893 in
1245 1824 1363 1910 victu,
1399 1825 1567 1896 omnibus
1591 1825 1794 1896 iunioribus
1816 1838 1851 1897 et
1876 1823 2078 1896 senioribus

1098 1926 1202 1995 valde
1221 1924 1311 1997 utile
1343 1938 1413 2009 cst,
1441 1939 1660 2021 possuntque
1680 1922 1747 1997 bac
1768 1927 1955 2018 diligentia
1978 1946 2081 2017 saepe

1098 2027 1211 2098 arceri
1224 2027 1415 2120 periculosi
1436 2029 1567 2100 morbi.

1199 2126 1272 2200 Sed
1289 2128 1562 2216 medicamenta,
1586 2152 1676 2224 quae
1699 2153 1774 2200 nou
1797 2146 1882 2204 sunt
1902 2130 1991 2216 cibi,
2016 2151 2082 2200 ne·

1099 2253 1277 2326 quaquam
1298 2228 1389 2301 cibis
1420 2232 1602 2303 miscenda
1629 2244 1724 2306 sunt.
1782 2230 1850 2315 Ut,
1885 2227 2082 2303 rhabarba-

155 2383 228 2457 εὖ)
1099 2355 1201 2414 rum,
1233 2343 1295 2403 aut
1327 2332 1507 2422 agaricum
1534 2356 1612 2404 non
1631 2332 1821 2406 misceatur
1843 2333 1942 2407 cibis.
1993 2331 2081 2401 Ideo

155 2396 322 2560 soum
332 2399 522 2576 ‘walia
1099 2448 1135 2506 et
1146 2428 1234 2504 baec
1257 2435 1431 2509 sententia
1453 2435 1501 2506 ab
1522 2432 1739 2528 Hippocrate
1763 2435 1891 2506 tradita
1914 2447 1981 2506 est:
2013 2430 2084 2505 Ἔν

157 2586 289 2659 Mum,
310 2599 347 2660 et
362 2587 476 2683 quie&
1098 2539 1222 2654 apqppi
1252 2531 1449 2656 pqppsoxs'q
1481 2531 1673 2655 ptcvpdr,
1690 2536 1790 2656 ‘qnia
1812 2536 1972 2655 diversae
1998 2548 2084 2605 sunt

119 2685 371 2762 ,Εηωῃῑα
1099 2650 1255 2709 arbones
1269 2638 1393 2710 crbset
1411 2633 1615 2732 pharmaci,
1640 2639 1884 2730 etunpedrtur
1905 2652 1996 2709 ectio
2018 2658 2084 2707 na-

156 2791 335 2863 Adienos
359 2788 484 2860 animi.

153 1774 306 1849 Dictum
322 1790 374 1849 est
390 1777 435 1847 de
449 1782 619 1871 potentia,
645 1783 690 1851 de
706 1780 859 1871 organis,
880 1780 924 1849 de
939 1778 1048 1849 modo

54 1878 277 1971 nutritionis
328 1876 403 1949 lam
419 1884 511 1951 etde
535 1885 702 1969 materia,
728 1882 894 1952 videlicet
917 1882 962 1951 de
978 1903 1048 1950 nu-

56 1981 262 2065 trimentis,
283 1980 327 2051 de
341 1980 432 2051 cibis
450 1995 484 2054 et
509 1996 617 2074 potu,
641 1998 675 2055 et
698 1986 743 2054 de
768 1983 920 2055 externis
942 1982 1049 2052 rebus

55 2081 313 2154 adiuvantibus
341 2082 576 2156 nutritionem
601 2088 794 2157 dicendum
829 2096 923 2172 erat,
957 2105 1048 2179 quae

56 2196 294 2255 numerantur
310 2204 387 2253 sex:

156 2284 247 2355 Aer.

57 2892 152 2965 Haec
187 2914 250 2964 sex
285 2914 415 2984 genera
445 2886 681 2962 nominantur
708 2913 765 2963 res
792 2914 869 2963 non
900 2903 1049 2964 natura·
1099 2836 1260 3012 “abito“
1275 2840 1378 2931 ⁹⁶¹¹ss
1391 2835 1746 2959 Vi⁶i⁰⁸⁰⁸.h¹¹m⁰¹⁸⁸⁰
2072 2940 2083 2959 .

1236 2964 1255 3010 e
1284 2954 1385 3011 motu
1427 2955 1462 3011 et
1491 2954 1610 3034 quiete
1646 2936 1715 3011 boc
1747 2956 1887 3015 tantum
1913 2942 2086 3013 monendr

58 2998 126 3082 les,
147 2994 236 3089 quia
254 3016 332 3063 non
353 3006 439 3065 sunt
459 3004 578 3086 partes
601 2991 640 3060 in
661 2987 818 3063 bominis
839 2992 1050 3069 substantia.
1098 3054 1185 3114 ,unt
1200 3042 1371 3117 iuniorem
1427 3038 1588 3131 Agimpo
1611 3065 1801 3134 corporum
1825 3044 2010 3134 praecedat
2032 3044 2084 3111 ci,

59 3092 207 3268 Ξῒ-ΙΜ
221 3095 433 3180 “damu‘’
457 3107 499 3166 ut
512 3092 704 3213 ³diiu³bi⁰
720 3118 840 3214 “sum
856 3119 931 3164 ¹¹⁰⁰
944 3107 1051 3216 'mi'
1098 3147 1174 3220 bos.
1224 3139 1410 3215 Excitatur
1423 3144 1520 3213 enim
1535 3143 1651 3228 calor,
1674 3144 1936 3235 superfluitates
1954 3166 2085 3214 consu-

121 3222 207 3280 um,
232 3220 325 3290 quae
341 3210 461 3268 tamen
475 3207 668 3266 nutritione
685 3209 864 3283 serviunt,
889 3210 974 3269 nota
991 3208 1050 3267 stt.

58 3294 264 3392 Etpmdm
287 3320 388 3391 ,ψ
418 3296 718 3371 commonefacere
745 3298 905 3368 iuniores
926 3299 971 3368 de
991 3292 1050 3367 hi⁸
1098 3260 1247 3317 muntur
1278 3258 1314 3317 et
1344 3244 1589 3336 expelluntur,
1632 3256 1667 3314 et
1705 3246 1868 3318 irritatur
1902 3244 2085 3336 adpetitio.

58 3400 285 3493 Qum,
307 3399 508 3471 „tumim
530 3421 613 3467 cura
628 3399 836 3484 observem,
860 3398 1051 3493 quidm,-
1099 3348 1153 3419 lta
1191 3345 1310 3439 inquit
1344 3343 1596 3439 Hippocrates:
1648 3339 1771 3421 Πόνοι
1811 3340 1941 3421 σιτίων
1985 3340 2085 3445 ἡγεί-

58 3504 159 3575 ducat
172 3501 402 3586 valetudinii,
427 3501 515 3594 quid
529 3514 664 3576 noceat.
691 3500 848 3574 Petenda
865 3514 916 3573 est
931 3512 1049 3573 antem
1100 3471 1124 3522 ⁰

57 3604 198 3696 longior
211 3602 379 3675 doctrina
394 3626 415 3673 a
432 3602 590 3675 medicis,

152 3720 337 3793 Videmus
353 3716 538 3790 hominem
561 3741 637 3788 non
660 3718 732 3788 nisi
756 3719 795 3788 iu
817 3720 899 3790 aiire
919 3716 1051 3791 vivere.

1198 3547 1340 3621 Maiore
1361 3549 1468 3619 etiam
1497 3573 1583 3622 cura
1605 3573 1730 3621 omnes
1760 3550 1906 3622 iuvenes
1928 3565 1962 3623 et
1985 3573 2086 3622 senes

1099 3664 1180 3746 pust
1197 3663 1378 3742 sumptum
1394 3649 1643 3724 cibumvitent
1658 3675 1782 3724 omnes
1804 3647 2086 3726 vehementiores

1098 3767 1218 3825 motus
1234 3753 1395 3842 corporis
1409 3765 1445 3823 et
1466 3755 1599 3836 animi,
1624 3754 1738 3825 vitent
1759 3765 1793 3824 et
1816 3756 1915 3827 vocis
1936 3770 2085 3826 conten-

56 3819 101 3895 ΕΙ
122 3823 360 3894 manifestum
390 3835 461 3908 est,
502 3820 725 3913 expiratione
754 3842 845 3913 opus
876 3843 972 3908 csse,
1001 3844 1050 3893 ue
1099 3857 1244 3928 tionem.

56 3924 293 3999 multitudiue
315 3923 508 4015 spirituum
532 3922 665 4013 repleta
688 3922 771 3992 aede
793 3923 1051 3995 cordisstran-

55 4028 224 4117 guleutur
254 4020 431 4095 bomines.
499 4022 737 4114 Inspiratiooe
764 4047 848 4094 vero
873 4047 964 4116 opus
988 4038 1051 4113 est,

56 4130 215 4223 ῳίοεὸι·
228 4125 416 4215 refrigerat
440 4148 522 4210 cor,
555 4137 589 4195 et
613 4146 696 4216 pars
718 4123 809 4195 adria
831 4138 990 4199 mutatur
1010 4126 1049 4197 in

56 4232 202 4324 spiritus
218 4228 378 4298 admixta
404 4222 595 4311 balitibus,
629 4224 693 4320 qui
717 4249 758 4294 er
782 4227 957 4315 sanguine
983 4250 1050 4299 na·

56 4344 215 4403 oeuntur.
251 4325 350 4397 Hinc
365 4329 518 4419 intelligi
533 4340 660 4420 potest,
685 4325 839 4396 iacilime
856 4327 953 4398 inlici
968 4352 1048 4400 cor·

55 4435 95 4502 da
119 4443 306 4503 venenato
326 4431 418 4500 ae're.
469 4427 656 4502 Praeterea
678 4432 739 4499 asir
760 4440 875 4499 toturn
890 4431 1050 4524 corporis

55 4534 379 4627 tenperamentum
392 4531 516 4605 variat.
569 4526 652 4600 Alia
668 4543 795 4601 natura
816 4546 869 4604 est
891 4532 1050 4625 corporis

55 4636 124 4705 nati
137 4648 175 4706 et
192 4631 339 4704 edueati
354 4630 393 4700 in
408 4646 489 4704 aere
504 4626 692 4722 Scythico,
716 4632 780 4701 ubi
801 4646 885 4703 sunt
900 4657 1049 4726 corpora

54 4738 142 4812 ursis
160 4733 364 4818 similiora,
390 4734 458 4802 alia
477 4734 515 4802 in
534 4734 615 4802 aiire
630 4731 786 4826 Libyco,
813 4734 875 4802 ubi
901 4758 1048 4828 corpora

55 4834 330 4913 suntsimiliora
352 4832 476 4905 simiis.
526 4832 602 4907 Nec
616 4834 745 4905 addam
760 4834 864 4925 plura
887 4836 933 4906 de
957 4852 1049 4913 aere.

1304 3850 1517 3925 Tribuenda
1549 3868 1602 3925 est
1630 3855 1727 3926 enirn
1754 3855 1855 3950 quies
1883 3856 2085 3929 ventriculo

1098 3957 1261 4048 amplexo
1282 3955 1355 4025 iam
1384 3954 1526 4041 cibum,
1559 3956 1623 4052 qui
1654 3979 1735 4027 cum
1762 3958 1935 4048 agitatur,
1967 3958 2087 4049 patefit

1098 4052 1320 4142 stomachus,
1345 4069 1380 4128 et
1394 4051 1561 4128 exhalant
1573 4057 1718 4149 spiritus
1730 4072 1766 4129 et
1778 4060 1887 4147 calor,
1911 4075 1946 4132 et
1961 4061 2000 4131 lit
2013 4060 2087 4129 dis-

1099 4159 1227 4254 sipatio
1257 4158 1339 4231 cibi.
1396 4155 1503 4229 Hunc
1527 4159 1637 4250 igitur
1659 4173 1693 4231 et
1718 4183 1861 4231 sensum
1891 4161 2086 4252 pecudibus

1097 4276 1226 4335 natura
1263 4258 1421 4330 inditum
1451 4260 1635 4347 videmus,
1668 4275 1711 4333 ut
1748 4275 1934 4355 postquam
1967 4274 2085 4352 pastae

1098 4376 1202 4448 sunt,
1226 4373 1348 4432 ament
1361 4360 1533 4455 quietem,
1559 4376 1594 4434 et
1614 4364 1783 4435 cubantes
1799 4362 1939 4453 placide
1959 4363 2084 4433 fruan-

1097 4480 1158 4538 tur
1172 4462 1305 4558 quiete.
1339 4460 1412 4533 Nec
1426 4463 1578 4536 dubium
1593 4478 1666 4547 est,
1691 4463 1823 4534 multos
1837 4456 2001 4534 bomines
2015 4464 2084 4536 sibi

1098 4579 1231 4637 certum
1244 4561 1392 4637 exitium
1405 4587 1583 4636 accersere
1596 4563 1727 4635 talibus
1741 4563 1998 4655 intempestivis
2011 4567 2085 4655 agi-

1098 4666 1293 4740 tationibus
1328 4680 1409 4756 post
1432 4679 1618 4759 sumptum
1649 4665 1781 4743 cibum.
1844 4663 1895 4740 Et
1925 4669 2082 4758 exempla

1097 4770 1271 4864 quaedam
1290 4766 1456 4842 vidimus.

1197 4867 1254 4941 ne
1292 4868 1522 4941 evacuatione
1569 4866 1660 4938 ordo
1700 4880 1848 4941 naturae
1880 4884 1986 4945 notus
2017 4882 2082 4945 est.

148 4970 209 5047 De
224 4968 318 5043 cibis
335 4980 371 5038 et
388 4981 476 5058 potu
490 4967 689 5039 consideret
703 4966 873 5062 quisque,
899 4971 962 5062 qui
976 4972 1049 5043 sint
1098 4968 1237 5043 Deinde
1251 4991 1378 5058 magua
1397 4969 1545 5040 varietas
1565 4983 1618 5041 cst
1644 4972 1929 5060 evacuationum,
1953 4975 1997 5044 de
2014 4997 2084 5066 qua

57 5071 292 5149 etcommuni
314 5065 508 5142 bominum
531 5081 697 5152 naturae,
723 5082 758 5141 et
778 5092 846 5141 sno
873 5082 1048 5162 tempera·
1097 5070 1307 5144 consulendi
1324 5082 1409 5142 sunt
1432 5069 1571 5140 medici.

10 5162 12 5215 ⁵
58 5190 171 5249 mento
185 5172 457 5247 convenientes.
507 5169 598 5245 Nam
617 5168 790 5263 sapientia
801 5166 872 5241 Dei
893 5194 950 5242 res
971 5197 1047 5245 cer-
1197 5170 1468 5246 Deadlectibus
1491 5169 1621 5258 animi,
1646 5195 1757 5267 quare
1778 5173 1826 5244 ita
1851 5175 1987 5247 conditi
2012 5175 2084 5247 sint

59 5273 358 5351 taeita'conditae
371 5286 467 5356 sunt,
493 5286 532 5343 ut
546 5283 690 5361 propter
705 5270 951 5361 cognationem
966 5298 1046 5345 cum
1096 5278 1136 5349 iu
1151 5292 1297 5356 natura,
1319 5285 1360 5343 ut
1382 5273 1440 5342 vel
1463 5273 1607 5347 foveant
1630 5273 1761 5354 vitam,
1786 5276 1842 5346 vel
1866 5277 2084 5364 extinguant,

61 5402 202 5474 torpore
216 5372 402 5459 humanm
428 5373 523 5444 terti
539 5370 578 5442 in
594 5368 803 5463 sanguinem
819 5386 854 5445 et
867 5375 953 5449 addi
967 5399 1047 5450 cor·
1096 5392 1132 5453 et
1144 5380 1219 5452 sint
1231 5391 1402 5467 tauquam
1421 5374 1586 5451 flammae
1600 5374 1762 5449 vindices
1791 5392 1827 5448 et
1848 5373 2076 5447 executioiu-

1099 2750 1200 2809 turae
1222 2738 1342 2808 cibum
1364 2739 1570 2833 coquentis,
1597 2762 1676 2808 curn
1697 2739 1832 2811 interes
1852 2734 2084 2832 pharmacum
2200 2776 2204 2790 ·
