4538 5754
35 196 43 202 ’
115 231 201 338 ror
358 222 571 304 semera
595 224 673 298 vn.
699 222 816 303 Mur.
839 223 909 302 an
934 226 1064 307 aar.
1090 224 1235 303 eaor.
1260 223 1327 301 nr
1353 225 1547 306 runos.
1573 227 1894 304 sracranrn.
2072 226 2138 309 ros

121 421 249 494 magna
264 414 418 494 exparte
433 412 555 490 regant
571 398 752 492 exempla,
776 400 887 470 multa
903 400 1008 470 etiam
1025 425 1108 493 pec·
1134 417 1138 439 '
1159 398 1318 473 evolutas
1339 401 1437 473 intus
1453 401 1684 493 contemplati
1704 415 1808 484 sunt,
1833 422 1941 496 quam
1963 402 2139 489 iuvenum,

122 518 198 576 cata
214 503 382 597 exemplis
394 503 661 573 confirmantur.
708 500 793 572 Ideo
815 502 989 574 divinitus
1010 527 1110 574 seve-
1134 480 1137 509 ¹
1159 504 1223 597 qui
1239 504 1337 576 velut
1354 499 1510 595 hospites
1531 504 1686 594 primum
1703 505 1858 596 aspicere
1874 527 1933 575 eas
1957 506 2047 576 loris
2068 530 2138 577 coe·

121 606 261 678 rissima
274 614 458 698 praecepta
474 606 519 674 de
533 604 709 673 scandalis
722 604 851 673 tradita
868 618 963 678 sunt.
997 604 1111 675 Dein·
1159 619 1302 697 perunt.
1352 604 1557 696 impediunt
1571 604 1763 691 iudicium,
1790 623 1901 692 aetas,
1927 608 2088 694 novitas,
2110 622 2138 680 et

123 712 169 780 de
183 708 289 780 etiam
312 709 406 779 bona
421 705 581 798 exempla
595 728 700 797 saepe
716 728 791 775 non
808 718 900 776 reete
924 707 1111 778 imitantur
1159 705 1351 799 imperitia.
1403 706 1571 779 iuventus
1588 706 1683 777 enim
1699 730 1763 800 per
1776 732 1852 779 sese
1868 711 1990 780 minus
2010 712 2137 802 perspi-

53 860 61 868 ·
123 806 299 883 homines.
351 806 473 897 Quare
488 820 523 879 et
539 809 698 899 exempla
713 808 940 877 diiudicanda
958 823 1052 889 sunt,
1076 823 1110 880 et

2 936 4 939 ·
122 912 229 982 bonis
244 911 283 980 in
296 912 376 981 loco
393 917 432 983 et
442 922 535 981 recte
551 911 736 994 utendum,
764 922 806 980 ut
822 909 981 981 vitentur
998 935 1110 983 κακο-

110 1007 243 1108 ιζηλίαι
251 1064 264 1098 ,
291 1025 331 1084 ut
347 1037 421 1082 non
437 1012 530 1082 valet
546 1011 817 1104 consequentia:

230 1109 493 1185 Themistocles
508 1111 593 1185 vicit
611 1111 746 1192 Persas,

275 1214 373 1306 Ergo
389 1209 646 1288 Demosthenes
663 1216 780 1285 vincet
794 1213 1023 1288 Macedonas.

228 1331 271 1403 In
287 1334 362 1424 lege
380 1331 539 1404 Mosaica
561 1346 645 1404 sunt
661 1332 865 1403 discrimina
888 1332 1062 1418 ciborum,

277 1430 373 1525 Ergo
386 1459 483 1506 nunc
497 1458 636 1505 servare
650 1433 856 1513 discrimina
872 1433 1033 1505 ciborum
1048 1458 1111 1503 ne-

329 1559 423 1607 cesse
445 1550 507 1607 est.

227 1635 305 1709 Hae
321 1639 536 1710 imitationes
553 1661 594 1706 ex
610 1637 791 1708 erroribus
805 1650 915 1722 ortae,
939 1653 1112 1709 vocantur

126 1735 360 1836 κακοζηλίαι,
386 1740 508 1834 quales
523 1763 601 1810 curn
619 1740 658 1808 in
673 1740 743 1811 vita
761 1738 935 1831 plurimae
951 1743 1032 1824 sint,
1059 1740 1111 1808 vi-

107 1845 284 1941 xdendum
307 1858 375 1931 est,
409 1844 589 1937 quomodo
621 1841 905 1912 circumstantiae
933 1843 1111 1934 exemplo-

126 1968 207 2016 rum
229 1958 445 2036 congruant,
478 1957 518 2014 ut
545 1942 665 2013 minus
694 1944 892 2014 imitatione
917 1967 1111 2035 peccemus.

126 2047 186 2118 Ad
219 2049 338 2119 locum
365 2044 605 2137 exemplorum
640 2046 818 2137 pertinent
846 2059 881 2116 et
914 2046 1114 2135 allegoriae,

127 2173 217 2245 qnae
241 2162 324 2221 sunt
344 2148 515 2238 imagines
539 2171 656 2217 rerum
678 2147 869 2232 similium,
894 2163 950 2218 ut:
985 2146 1112 2218 Daniel

73 2249 76 2258 ’
127 2254 252 2322 sedens
276 2252 371 2324 inter
392 2250 532 2334 leones,
555 2263 609 2320 est
631 2248 748 2339 imago
771 2249 822 2341 pii
839 2249 994 2321 doctoris
1019 2251 1114 2322 inter

126 2349 245 2425 hostes
274 2353 434 2424 docentis
457 2349 662 2423 Ecclesiam.
713 2349 819 2424 Valet
852 2351 961 2442 igitur
989 2376 1113 2423 conse-

9 2505 11 2508 >
127 2456 287 2550 quentia:

243 2600 246 2601 ν
279 2554 410 2628 Daniel
425 2556 519 2626 inter
533 2555 654 2626 leones
670 2565 842 2637 servatur,

279 2656 375 2747 Ergo
399 2658 564 2730 defendet
578 2652 675 2727 Dens
698 2656 836 2750 aliquot
858 2656 936 2748 pios
950 2657 1113 2727 doctores

330 2761 426 2832 inter
444 2773 627 2854 tyrannos.
679 2828 681 2840 ,

228 2874 327 2951 Deus
351 2879 454 2951 vestit
475 2872 591 2948 Adam
614 2876 768 2947 detracta
799 2876 933 2968 pellea
962 2901 1110 2968 corpore

128 2981 217 3055 ovis.
268 2975 405 3055 Exhac
418 2980 573 3072 imagine
586 2977 868 3051 ratiocinabatur
882 2974 1011 3049 Adam.
1052 2978 1112 3051 Sic

126 3109 193 3158 nos
214 3085 344 3157 iterum
361 3108 457 3155 novo
478 3089 627 3174 corpore
646 3080 840 3151 immortali
864 3080 989 3152 vestiet
1003 3077 1111 3165 Deus,

126 3189 223 3283 quod
240 3177 420 3259 sumet'ab
439 3208 522 3272 ove,
548 3184 587 3254 id
609 3195 660 3254 est
668 3196 693 3268 ,⁸
709 3205 729 3251 a
747 3180 910 3262 victima,
937 3183 1112 3267 videlicet,

126 3291 173 3361 ab
188 3290 252 3360 illo
267 3288 412 3372 semine,
435 3311 505 3381 quo
523 3308 619 3372 mors
634 3306 754 3353 rursus
769 3283 980 3353 abolebitur.
1031 3284 1111 3354 An·

127 3406 183 3465 tea
198 3391 294 3463 enim
317 3390 479 3460 audierat
494 3387 692 3456 doctrinam
715 3383 952 3476 perspicuam:
980 3383 1109 3456 Semen

127 3492 291 3564 mulieris
319 3488 542 3561 conculcabit
564 3499 668 3579 capnt
696 3485 879 3577 serpentis.
935 3485 985 3557 lta
1014 3500 1109 3578 post·

127 3617 235 3692 quam
257 3592 387 3666 tradita
409 3603 461 3662 est
483 3588 645 3661 doctrina
661 3588 815 3679 propriis
829 3589 968 3679 verbis,
992 3605 1111 3682 postea

127 3711 246 3791 gratae
266 3709 349 3768 snut
374 3695 550 3786 picturae,
582 3713 673 3785 qnae
692 3715 769 3758 earn
794 3689 986 3762 illustrant.
1037 3692 1111 3762 Nec

127 3802 308 3871 ducuntur
322 3821 342 3867 a
357 3795 452 3869 Solis
466 3794 645 3884 allegoriis
660 3793 782 3862 firmae
803 3796 1052 3883 probationes,
1078 3808 1113 3864 et

127 3900 325 3973 curandum
343 3911 411 3979 est,
433 3911 474 3970 ut
489 3896 561 3969 sint
576 3896 772 3966 concinnae
789 3895 990 3986 allegoriae,
1017 3898 1111 3966 etad

126 4004 241 4095 capita
263 4000 446 4073 doctrinae
472 3998 630 4069 coelestis
652 4011 746 4067 recte
768 4010 982 4088 congruant,
1015 4000 1109 4091 quod

126 4106 203 4176 sine
226 4102 428 4175 eruditione
456 4115 491 4174 et
513 4121 639 4190 magna
661 4097 868 4170 dexteritate
890 4099 1015 4171 iudicii
1037 4123 1111 4169 non

125 4216 240 4302 potest
259 4205 362 4278 cilici.

387 4533 390 4543 ,
498 4430 755 4522 Antoritas..
799 4414 806 4431 ’

228 4585 411 4661 Antoritas
443 4585 571 4657 usitate
609 4577 669 4652 hic
702 4582 834 4653 dicitur
866 4577 1109 4652 testimonium

125 4691 266 4789 probati
289 4685 445 4763 artificis.
497 4686 644 4760 Constat
665 4698 784 4755 autem
807 4684 847 4752 in
873 4675 1111 4774 philosophia,

26 4812 37 4826 ·
125 4798 166 4868 in
189 4792 377 4882 materiis,
397 4790 438 4862 in
460 4789 592 4885 quibus
619 4787 768 4881 reperiri
792 4782 1111 4857 demonstrationes

124 4909 293 4994 possunt,
325 4892 574 4964 universaliter
595 4890 677 4983 plns
696 4890 815 4959 valere
833 4883 1121 4957 demonstratio*
1163 4920 1169 4929 e

123 5025 206 5072 nem
223 5022 329 5093 quarn
344 4993 580 5067 autoritatem.
632 4991 674 5062 ln
690 4991 835 5062 caeteris
848 4986 1024 5070 materiis,
1049 4998 1110 5057 aut

123 5116 313 5197 antequam
334 5099 589 5171 demonstratio
618 5094 762 5200 inventq
786 5103 857 5177 est,
892 5089 1108 5158 credendum

124 5220 177 5280 est
192 5203 351 5299 probatis
363 5198 575 5283 artificibus,
600 5197 683 5290 qnia
705 5195 854 5266 certiora
876 5202 960 5262 sunt
976 5189 1108 5260 iudicia

124 5333 267 5390 senum,
292 5304 357 5400 qui
369 5301 434 5373 din
447 5322 505 5371 res
520 5301 659 5370 easdem
674 5298 892 5388 cogitarunt,
918 5308 1105 5366 etsnrsum

1160 832 1223 879 cax
1244 822 1279 879 et
1303 808 1422 879 minus
1444 812 1580 881 intenta
1605 822 1675 893 est,
1700 824 1736 879 et
1759 823 1799 881 ut
1813 812 1983 882 audacior
2005 827 2077 900 est,
2099 815 2138 884 ita

1161 910 1335 981 iudicium
1360 913 1584 1005 praecipitat:
1617 910 1756 981 Deinde
1781 926 1928 1004 propter
1953 913 2137 987 novitatem

1162 1035 1242 1082 suas
1258 1013 1447 1102 opiniones
1463 1015 1677 1100 admiratur,
1703 1038 1855 1111 quarum
1876 1028 1996 1086 tamen
2011 1014 2071 1087 vix
2084 1020 2138 1087 ob-

1160 1137 1264 1185 scura
1286 1128 1321 1185 et
1342 1116 1466 1206 exigua
1490 1115 1593 1185 initia
1617 1114 1762 1194 didicit,
1789 1129 1823 1186 et
1838 1116 2002 1186 nondum
2028 1139 2139 1188 eamn

1161 1215 1236 1284 vim
1254 1217 1292 1286 in
1315 1240 1383 1287 usu
1405 1216 1654 1287 consideravit.
1705 1213 1860 1288 Econtra
1884 1230 2047 1287 senectus
2067 1242 2140 1289 con·

1161 1319 1295 1388 tantior
1316 1334 1386 1404 est,
1411 1331 1446 1390 et
1466 1320 1592 1389 artifex
1615 1319 1721 1409 longo
1745 1343 1812 1389 usu
1834 1319 2014 1403 eruditus,
2043 1322 2140 1390 colla·

1162 1419 1208 1489 tis
1233 1421 1429 1490 multorum
1459 1422 1619 1506 iudiciis,
1652 1421 1835 1490 veritatem
1864 1422 2012 1512 propius
2043 1423 2140 1492 videt

1163 1519 1285 1610 Quare
1300 1522 1391 1593 sicut
1406 1523 1583 1593 vulnerati
1606 1524 1721 1614 perito
1738 1522 1876 1591 medico
1893 1524 2141 1607 assentiuntur,

1163 1623 1208 1693 de
1232 1626 1390 1695 vulneris
1413 1625 1613 1695 curatione:
1641 1625 1690 1693 ita
1717 1625 1900 1708 iuventus,
1926 1625 2068 1706 etiamsi
2089 1628 2143 1696 de·

1163 1727 1315 1814 gustavit
1339 1729 1583 1797 doctrinarum
1608 1725 1732 1815 initia,
1759 1727 1928 1796 anteferat
1951 1740 2072 1797 tamen
2096 1751 2142 1797 se·

1164 1851 1251 1898 num
1267 1829 1448 1899 artificum
1459 1827 1592 1899 iudicia
1607 1828 1681 1899 suis
1704 1829 1905 1899 recentibus
1923 1828 2146 1917 cogitationi·

1165 1930 1242 2002 bus.
1294 1928 1373 2001 Hoc
1392 1943 1616 2022 praeceptum
1639 1929 1805 2021 privatim
1823 1943 1855 1999 et
1873 1930 2016 2025 publice
2033 1932 2146 2001 utilis·

1164 2031 1294 2103 simum
1319 2057 1411 2116 esse,
1443 2033 1650 2122 grandiores
1674 2055 1798 2102 omnes
1821 2054 1951 2120 magno
1974 2056 2148 2104 consensu

1164 2147 1352 2206 testantur.
1405 2132 1580 2205 Traditur
1593 2147 1709 2205 autem
1731 2129 1816 2202 haec
1841 2133 1963 2224 regula
1985 2136 2031 2203 de
2047 2149 2148 2205 anto·

1164 2234 1286 2307 ritate:
1315 2234 1417 2307 Valet
1437 2235 1648 2307 affirmative
1671 2249 1918 2324 argumentum
1934 2239 2085 2306 ductum
2107 2239 2151 2309 ab

1164 2340 1371 2421 autoritate,
1404 2337 1487 2430 quia
1516 2338 1632 2428 perito
1656 2337 1782 2408 artifici
1805 2338 1988 2429 perspicue
2013 2337 2153 2431 aliquid

1164 2440 1381 2511 asseveranti
1403 2441 1617 2510 credendum
1643 2452 1713 2523 est,
1737 2463 1819 2508 cum
1842 2439 1909 2530 ipsi
1928 2440 2155 2509 demonstra·

1164 2543 1299 2613 tionem
1324 2566 1397 2611 non
1421 2555 1603 2626 tenemus,
1639 2541 1722 2634 quia
1746 2542 1871 2610 artilex
1892 2539 1983 2612 vidit
2003 2553 2068 2612 aut
2091 2543 2153 2610 de-

1163 2644 1478 2723 monstrationem,
1519 2658 1586 2737 aut*
1612 2642 1832 2735 prohabilem
1864 2642 2059 2729 rationem,
2091 2667 2155 2712 cur

1164 2744 1211 2815 ita
1228 2745 1412 2819 iudicaret.
1463 2743 1545 2815 Non
1562 2759 1678 2815 autern
1696 2746 1811 2814 valent
1833 2738 1919 2813 haec
1941 2757 2155 2834 argumenta

1164 2847 1346 2937 negative,
1373 2846 1456 2942 quia
1472 2871 1552 2918 cum
1575 2843 1843 2938 nibilexpresse
1858 2847 2073 2918 asseveravit
2095 2871 2155 2916 ar-

1164 2949 1270 3036 tifex,
1295 2972 1370 3020 non
1387 2962 1501 3041 potest
1517 2950 1619 3019 citari
1637 2949 1714 3020 eius
1730 2948 1986 3019 testimonium.

1556 3161 1764 3242 Exemplum.

1316 3304 1513 3397 Praecipuo
1530 3303 1655 3374 artifici
1678 3304 1895 3374 credendum
1911 3315 1962 3375 est
1981 3304 2027 3372 de
2042 3320 2154 3376 mate·

1369 3408 1431 3477 riis
1445 3431 1528 3479 suae
1546 3406 1683 3499 aliquid
1704 3405 1930 3485 asseveranti,

1316 3525 1559 3606 Ptolemaeus,
1593 3525 1656 3618 qui
1682 3549 1763 3595 vere
1785 3523 1854 3596 fuit
1876 3523 2001 3593 artifex
2023 3523 2064 3592 in
2087 3524 2154 3593 do·

1369 3627 1482 3698 ctrina
1506 3641 1667 3697 motuum
1696 3627 1900 3696 coelestium
1931 3625 2154 3711 illustranda,

1369 3729 1605 3821 praestantior
1621 3730 1766 3797 caeteris
1790 3723 2036 3820 philosophis,
2064 3753 2153 3821 qno·

1372 3856 1451 3900 rum
1475 3831 1630 3902 citantur
1644 3830 1737 3899 dicta
1758 3831 1802 3898 de
1818 3828 2068 3918 magnitudine
2082 3827 2148 3899 So-

1264 4022 1268 4029 ·
1370 3933 1433 4016 lis,
1467 3931 1591 4003 Lunae
1621 3945 1655 4002 et
1684 3944 1819 4016 terrae,
1850 3930 1999 4003 tradidit
2029 3929 2147 4002 Solem

1367 4034 1539 4104 maiorem
1564 4057 1641 4104 esse
1660 4048 1753 4104 terra
1767 4033 1899 4104 centies
1921 4032 2077 4121 sexagies
2092 4054 2150 4100 se-

1367 4136 1460 4205 xies:
1494 4149 1624 4206 terram
1647 4159 1732 4205 vero
1757 4135 1928 4206 maiorem
1956 4132 2063 4205 Luna
2088 4133 2149 4202 tri-

1368 4239 1478 4328 gesies
1495 4237 1637 4322 novies,
1662 4251 1696 4307 et
1713 4239 1819 4330 paulo
1835 4236 2000 4328 amplius.

1317 4356 1563 4428 Assentiamur
1578 4378 1660 4445 ergo
1675 4349 1759 4425 huic
1774 4355 1922 4440 artifici,
1948 4377 2015 4423 nec
2029 4355 2149 4424 iuren-

1367 4472 1423 4529 ter
1445 4459 1624 4528 rideamus
1648 4457 1822 4528 artificum
1846 4456 1960 4542 dicta,
1984 4469 2026 4527 ut
2047 4453 2150 4526 multi

1368 4561 1517 4632 iaciunt.

1267 4696 1371 4768 Valet
1386 4695 1638 4791 consequentia
1652 4695 1699 4765 ab
1714 4692 1904 4764 autoritate
1919 4692 1995 4760 veri
2010 4691 2152 4762 artificis
2183 4703 2185 4711 ⁴

1162 4800 1382 4871 affirmative.
1424 4793 1591 4897 ¹llcontra
1606 4820 1681 4865 non
1697 4796 1790 4865 valet
1808 4795 2080 4887 consequentia:

1314 4933 1539 5007 Ptolemaeus
1554 4955 1627 5000 non
1643 4928 1786 5022 penitus
1799 4927 1996 5023 {inquisivit
2013 4943 2149 4999 motum

1368 5050 1511 5107 octavae
1527 5028 1707 5125 sphaerae,

1311 5148 1409 5244 Ergo
1426 5176 1501 5224 non
1520 5164 1682 5221 movetur
1695 5147 1841 5242 proprio
1858 5161 1971 5221 motu.

1222 5359 1229 5365 .
1261 5287 1350 5362 Cum
1374 5296 1493 5358 autem
1516 5287 1672 5359 citantur
1691 5285 1778 5353 falsa
1804 5282 1898 5353 dicta
1917 5305 2059 5368 eornm,
2087 5287 2149 5378 qui

123 5426 158 5485 et
171 5414 351 5492 deorsum,
377 5416 420 5477 nt
431 5401 534 5475 Plato
549 5401 681 5501 inquit,
705 5400 926 5484 volutarunt,
950 5409 986 5470 et
1000 5393 1103 5491 quasi
1158 5415 1234 5463 non
1249 5405 1333 5462 sunt
1347 5389 1515 5476 artifices,
1539 5386 1659 5460 brevis
1674 5385 1859 5479 responsio
1880 5384 1925 5455 sit
1942 5376 2046 5455 haec:
2075 5385 2148 5457 Ar-
