4538 5754
126 221 223 301 1056
711 217 838 296 PHlL.
864 216 981 293 Mlib.
1004 219 1214 297 SCRIPTA
1240 222 1539 301 EXEGETlCA.
2041 234 2124 310 105⁶

121 397 250 468 fecerat
275 392 314 463 in
335 392 454 466 Israel.
505 384 552 461 Et
571 387 669 460 addit
693 410 728 457 se
748 389 850 459 illum
871 391 989 461 Deum
1012 392 1102 462 allo·
1125 413 1130 432 ·
1152 418 1246 469 nem.
1307 395 1506 468 Miscentur
1528 411 1645 469 autem
1669 402 1851 494 querelae,
1879 427 1974 498 quae
1996 427 2124 497 exagge-

121 498 204 591 qui,
239 497 302 588 qui
333 494 480 565 tradidit
509 514 612 561 suum
643 492 792 560 verbum
825 493 956 582 populo
979 494 1101 579 Israiil,
1151 512 1232 570 rant
1261 498 1392 591 peccati
1414 501 1708 588 magnitudinem.
1764 502 1937 576 Nominat
1959 521 2124 598 peccatum

121 600 204 692 quia
221 598 305 668 lacit
321 595 535 665 mentionem
552 592 705 661 foederis
720 614 782 661 seu
797 592 1036 671 Testamenti,
1062 595 1099 663 id
1151 601 1348 689 puericiae,
1382 599 1417 666 id
1442 616 1512 685 est,
1540 603 1637 693 quod
1668 603 1751 673 inde
1775 629 1890 699 usque
1911 632 1932 676 a
1956 608 2123 680 nativitate

120 714 188 784 est,
215 697 488 790 promissionum
506 695 637 787 quibua
651 707 811 784 receptus
827 708 877 764 est
898 689 958 765 hic
982 718 1098 786 popu·
1151 696 1263 771 haesit
1278 701 1317 770 iu
1338 713 1484 785 natura,
1509 714 1543 770 et
1564 717 1684 794 postea
1700 704 1833 797 iuquit:
1858 706 2120 797 Propiciusesto

120 802 196 885 lus,
220 800 381 893 clareque
404 797 573 867 discernit
586 792 780 865 Ecclesiam
795 794 863 865 Dei
884 796 1100 884 agentibus:
1151 813 1310 891 peccato,
1335 801 1397 893 qui
1421 824 1589 891 magnum
1606 818 1677 887 est,
1702 827 1764 873 seu
1784 807 1995 898 multiplex,
2021 809 2057 879 id
2069 823 2119 896 cst,
2147 876 2149 883 ,

120 915 154 972 ει
172 900 447 992 promissionum
471 920 644 968 summam
669 896 907 987 complectitur
931 891 997 967 hoc
1019 898 1100 966 dul·
1151 924 1278 992 magna
1300 902 1412 991 caligo
1436 916 1471 972 et
1495 903 1630 973 aversio
1656 927 1720 975 seu
1743 909 1921 978 aberratio
1946 933 1969 978 a
1988 906 2122 995 Deo,ct
2147 904 2149 923 '

119 1003 260 1073 sissimo
284 999 475 1071 versiculo:
520 989 658 1067 Omnes
679 994 758 1066 vinc
776 993 938 1066 Domini
956 995 1100 1067 miscri-
1152 1026 1278 1092 magna
1299 1004 1459 1072 confusio
1483 1005 1645 1073 omnium
1668 1020 1826 1077 motuum
1852 1010 2053 1080 carentium
2071 1034 2122 1101 gu·

119 1097 246 1174 cordio
268 1109 300 1171 ct
325 1097 481 1180 veritas,
505 1091 791 1168 custodientibus
803 1091 942 1198 foedus
967 1097 1043 1171 eius
1068 1107 1100 1168 ct
1152 1104 1359 1174 bernatione
1374 1100 1461 1182 Dei,
1485 1127 1592 1173 ruens
1615 1121 1735 1175 contra
1754 1104 1887 1190 Deum,
1915 1112 1999 1181 etei
2016 1110 2122 1203 displi-

120 1199 443 1281 testimoniorum,
471 1201 507 1270 id
524 1215 593 1283 εει,
617 1197 715 1270 Deus
731 1225 815 1270 vere
839 1214 889 1270 est
904 1201 1102 1270 misericors
1152 1228 1245 1278 cens.
1310 1202 1387 1273 Hae
1419 1207 1582 1296 querelae
1615 1208 1803 1296 diligenter
1836 1211 2056 1299 cogitentur,
2090 1216 2138 1284 n'

120 1322 154 1378 et
171 1305 350 1376 beneficus
374 1325 454 1391 erga
474 1298 667 1371 Ecclesiam
693 1325 811 1383 suam,
837 1325 927 1395 quae
952 1304 1100 1372 verbum
1152 1308 1379 1375 emendemus
1407 1306 1584 1376 carnalem
1615 1298 1836 1380 securitatem
1867 1325 1903 1381 ει
1932 1306 2123 1406 hypocrisin

120 1410 166 1479 ab
189 1407 267 1498 ipso
288 1405 456 1474 traditum
480 1402 721 1493 amplectitur,
753 1419 788 1474 et
810 1402 878 1472 fide
903 1401 980 1472 eius
1001 1403 1100 1473 verbi
1152 1419 1395 1475 extenuantem
1413 1419 1605 1496 peccatum.
1658 1405 1750 1497 Apte
1764 1409 1872 1499 igitur
1899 1435 1962 1496 ea,
1983 1413 2121 1504 quaeis

121 1510 237 1600 ipsum
252 1506 394 1575 invocat
408 1517 443 1574 ει
458 1528 538 1574 eum
554 1505 651 1575 colit.
1154 1507 1353 1599 precatione
1383 1509 1571 1598 praecipue
1600 1509 1785 1597 cogitanda
1808 1527 1912 1592 sunt,
1947 1514 2120 1599 recensuit,

221 1607 385 1679 Secundo
400 1629 537 1677 causam
553 1604 715 1704 exponit,
735 1600 799 1673 cur
816 1603 861 1672 ad
872 1598 989 1673 Deum
1004 1627 1101 1674 acce·
1152 1632 1257 1702 quem
1277 1604 1393 1677 Deum
1420 1607 1577 1694 invocet,
1605 1633 1670 1678 cur
1692 1613 1736 1678 ad
1760 1634 1840 1680 eum
1862 1615 2028 1698 accedat,
2050 1615 2123 1706 qnid

121 1712 199 1794 dat,
231 1709 296 1779 etsi
326 1708 412 1777 sciat
430 1704 545 1777 Deum
577 1707 680 1777 irasci
706 1718 858 1796 peccato.
915 1701 1010 1775 Huic
1036 1707 1101 1776 ob-
1153 1722 1265 1801 petat,
1304 1721 1435 1800 quanta
1469 1709 1516 1778 sit
1549 1711 1756 1798 magnitudo
1788 1726 1931 1782 nostrae
1966 1713 2124 1786 miseriae,

121 1810 264 1880 iectioni
285 1809 433 1901 opponit
449 1806 646 1877 doctrinam
668 1809 712 1876 de
736 1806 885 1896 gratuita
902 1806 1103 1876 misericor·
1154 1809 1336 1881 luterserit
1352 1822 1385 1878 et
1402 1809 1653 1899 promissiones
1668 1811 1798 1901 quibus
1818 1812 2000 1903 precantia
2015 1815 2126 1884 fidutia

120 1914 199 1996 dia,
220 1936 326 2004 quam
343 1935 383 1980 ex
399 1908 692 2000 promissionibus
718 1906 981 1996 intelligebant,
1013 1932 1102 2000 quae
1153 1911 1299 2001 erigitur
1322 1924 1355 1979 et
1379 1910 1623 1981 confirmatur:
1651 1902 1789 1980 Omnes
1807 1908 1875 2009 qui
1889 1921 1922 1982 tc
1936 1921 2127 2010 expectant,

120 2037 202 2082 vere
220 2008 557 2100 auntEvangelium.
608 2005 734 2079 Ethas
750 2003 946 2096 Prophetae
964 2009 1101 2112 qapien-
1154 2035 1228 2080 non
1258 2005 1548 2109 confundentur:
1586 2007 1703 2080 bonus
1733 2021 1765 2081 ct
1793 2022 1910 2084 rectus
1938 2009 2128 2097 Dominus,

119 2128 174 2186 ter
195 2113 440 2183 discernebant
464 2112 593 2201 alege:
627 2103 873 2178 Reminiscere
895 2106 1102 2177 miseratio·
1153 2126 1336 2205 propterea
1362 2113 1503 2183 docebit
1528 2114 1778 2203 peccatoresiu
1796 2114 1875 2197 via,
1902 2117 2129 2206 dirigetaflli·

121 2240 209 2285 num
243 2222 391 2283 tuarum
423 2208 606 2297 Domine,
637 2219 669 2279 et
702 2203 977 2280 misericordiae
1009 2217 1104 2295 tuae,
1154 2228 1229 2284 ctos
1252 2212 1290 2281 iu
1314 2212 1463 2282 iudicio:
1489 2213 1526 2280 id
1551 2228 1619 2298 εει,
1645 2215 1821 2302 mitigabit
1835 2216 1886 2284 eia
1901 2215 2149 2301 afflictionem.

121 2315 251 2415 quina
269 2309 389 2384 seculo
410 2321 516 2394 sunt,
543 2313 662 2382 idest:
698 2314 861 2398 Agnosco
881 2334 998 2381 meum
1022 2335 1104 2402 pec·
1154 2314 1396 2383 consolabitur
1418 2336 1489 2385 eos.
1539 2311 1606 2384 Est
1641 2329 1675 2385 et
1696 2311 1781 2383 haec
1804 2317 2015 2407 promissio:
2046 2312 2129 2414 Quis

120 2433 257 2502 catum,
289 2430 323 2486 et
346 2415 417 2484 scio
439 2439 495 2483 me
514 2438 588 2482 non
619 2436 692 2481 esse
715 2415 846 2481 iustum
872 2410 957 2502 legis
976 2411 1103 2503 imple·
1155 2423 1205 2483 est
1223 2408 1332 2483 homo
1346 2413 1414 2512 qui
1427 2412 1526 2483 timet
1539 2411 1766 2496 Dominum,
1793 2418 1934 2489 docebit
1951 2442 2034 2488 eum
2050 2421 2142 2503 viam,

122 2521 230 2591 tione.
292 2516 412 2604 Quare
436 2516 601 2602 coniugio
631 2515 674 2583 ad
696 2513 973 2584 misericordiam
996 2527 1104 2595 tuam,
1154 2540 1261 2608 quam
1286 2517 1407 2604 elegit,
1434 2517 1565 2601 idest,
1591 2530 1722 2608 quanta
1745 2540 1817 2601 res,
1849 2543 1960 2610 quam
1986 2519 2068 2588 felix
2086 2530 2128 2588 εει

123 2635 229 2713 quam
246 2615 437 2709 patefecisti
455 2617 498 2685 ab
513 2616 626 2685 initio.
677 2612 832 2691 Noluisti
847 2636 956 2700 genus
973 2610 1102 2682 buma-
1155 2617 1216 2684 ille
1240 2612 1347 2684 homo
1372 2617 1435 2708 qui
1459 2616 1558 2686 timet
1580 2614 1792 2701 Dominum,
1825 2621 1888 2711 qui
1914 2620 2128 2710 amplectitur

123 2744 211 2788 num
226 2733 341 2789 totum
357 2715 489 2807 perire,
518 2718 578 2786 sed
596 2714 793 2806 excerpsisti
819 2713 884 2783 tibi
901 2710 1104 2797 Ecclesiam,
1155 2717 1302 2786 verbum
1326 2715 1411 2799 Dei,
1442 2740 1508 2785 nec
1537 2717 1655 2786 abiicit
1678 2718 1800 2802 fidem:
1852 2717 1924 2787 Hie
1948 2714 2056 2791 babet
2074 2743 2127 2809 gu

124 2820 253 2891 dedisti
286 2818 557 2911 promissiones,
598 2819 636 2886 in
667 2817 796 2909 quibus
827 2828 969 2885 testatus
1007 2839 1042 2884 es
1070 2829 1104 2887 te
1155 2819 1378 2887 bernatorem
1394 2830 1429 2885 et
1444 2819 1663 2885 defensorem
1680 2816 1805 2887 Deum.
1856 2813 2126 2889 SecretumDo·

124 2923 279 3015 recipere
308 2918 557 3009 amplectentes
587 2921 733 2989 verbum
764 2916 865 2986 illud.
926 2914 1104 3008 Recepisti
1155 2915 1267 2997 mini,
1301 2913 1509 2986 timentibus
1533 2940 1633 3001 eum,
1668 2918 1706 2985 id
1728 2930 1801 3002 est,
1832 2918 2004 2990 timentes
2027 2918 2126 2990 Deum

124 3022 264 3106 Adam,
297 3016 416 3105 Nohe,
448 3017 650 3110 Abraham,
682 3018 832 3102 Mosen,
867 3014 1010 3102 Aaron,
1043 3018 1105 3111 qui
1156 3033 1354 3109 agnoscunt
1369 3032 1539 3088 secretum
1552 3017 1717 3103 Domini,
1742 3018 1777 3087 id
1796 3031 1866 3099 est,
1894 3021 2124 3110 praesentiam,

122 3120 346 3195 horribiliter
367 3122 486 3213 lapsus
510 3136 594 3194 erat.
645 3120 704 3191 Sic
718 3143 773 3188 me
796 3142 936 3211 quoque
957 3118 1105 3211 recipias
1156 3134 1190 3191 et
1214 3119 1386 3188 auxilium
1410 3109 1500 3204 D'ei,
1524 3120 1619 3211 quod
1641 3130 1693 3187 εει
1715 3132 1910 3198 secretum,
1937 3144 2014 3189 non
2035 3120 2124 3189 intel·
2139 3170 2149 3235 ,

124 3227 294 3296 immensa
310 3223 552 3293 misericordia
571 3236 631 3292 tua
647 3235 792 3312 propter
805 3219 1015 3310 promissum
1030 3218 1104 3287 Do-
1158 3222 1285 3290 lectum
1310 3221 1469 3302 mundo,
1495 3221 1579 3312 quia
1604 3219 1705 3309 impii
1731 3244 1804 3288 non
1826 3219 2124 3291 credebantllari·

124 3328 274 3399 minum.
325 3320 683 3393 vehementissimum
699 3312 823 3400 πάθος
837 3333 908 3399 εει,
936 3321 1105 3390 intuentis
1157 3326 1237 3391 dem
1253 3322 1291 3389 in
1307 3321 1411 3389 exilio
1427 3344 1530 3389 curae
1546 3342 1619 3389 esse
1634 3318 1721 3390 Deo.

124 3429 244 3519 lapsus
260 3425 419 3522 omnium
434 3424 645 3494 Sanctorum
662 3439 833 3494 eteorum
848 3421 1105 3491 restitutionem
1258 3433 1302 3505 ιη
1325 3436 1395 3505 fine
1418 3449 1626 3535 repetuntur
1649 3447 1683 3505 er
1705 3437 1935 3509 cumulantur
1958 3439 2123 3531 gelmon„

125 3529 212 3596 inde
227 3548 336 3618 usque
351 3549 370 3592 ἃ
388 3525 574 3614 principi&
625 3521 715 3592 Nam
734 3538 768 3592 et
784 3521 887 3591 ‘¹⁰¹⁰'
911 3545 952 3590 ‘¹
975 3523 1106 3610 ⁰⁰83*
1158 3541 1202 3609 de
1223 3536 1431 3607 remissione
1452 3551 1693 3629 peccatorum,
1726 3539 1987 3626 gubernatione
2017 3554 2050 3610 et
2073 3539 2123 3608 de·

126 3629 225 3699 tione
258 3624 509 3695 imbecillitatis
542 3622 689 3694 humaui
725 3624 862 3712 generis
895 3636 1042 3710 augetur
1074 3637 1105 3692 et
1159 3639 1330 3710 fensione,

127 3728 344 3819 conspicitur
365 3728 570 3825 magnitudo
600 3725 880 3842 misericordiae,
923 3724 1105 3840 Adiunga·
1260 3752 1415 3824 Uffimu,
1439 3735 1678 3823 ,ersus'addst
1695 3751 1935 3848 ἐπιφώνημα,
1960 3716 2149 3826 tumim,

126 3843 321 3947 curantem
342 3829 386 3896 ad
412 3823 507 3946 hinc
532 3829 737 3945 Vfffflfflfl?
763 3828 1003 3942 m¹³⁸²¹⁶⁰ld¹f¹
1030 3849 1107 3892 ver·
1160 3855 1429 3947 promissionem
1458 3854 1713 3938 universalem,
1750 3879 1838 3945 quae
1869 3857 1937 3924 toti
1967 3854 2124 3927 Ecclesiae

117 3944 343 4013 sustentus,
368 3943 553 3999 continens
568 3952 835 4019 promessionem
851 3928 1107 3996 dulcissimam:
1158 3953 1404 4025 libemponem
1428 3954 1627 4045 pollicetur·
1680 3955 1861 4043 Significat
1882 3956 1993 4045 igitur
2016 3969 2124 4026 ,epm

127 4025 266 4103 Omnes
283 4027 349 4147 qul
360 4037 390 4097 lt
408 4037 596 4124 lxpsscla'll
608 4082 617 4112 s
631 4052 715 4146 Ψ
729 4019 1026 4145 ῨΜῘΜΜΨΕ
1159 4057 1268 4127 vitam
1283 4069 1473 4134 aeternam,
1500 4057 1538 4122 in
1553 4080 1621 4148 qua
1631 4051 1786 4124 Ecclesia
1801 4056 1951 4126 liberata
1968 4059 2013 4127 ab
2028 4054 2124 4126 omui·

120 4158 123 4163 ·
229 4136 459 4219 Adtungatur
476 4146 510 4201 ει
527 4153 711 4221 promissio
728 4153 765 4196 tn
782 4151 885 4197 versu
900 4130 1106 4197 undecimo:
1161 4155 1358 4241 human„
1387 4155 1635 4248 acquiescam
1653 4152 1740 4230 Deo,

128 4228 265 4307 Omnes
282 4230 361 4302 viae
376 4227 541 4301 Domini
556 4223 806 4299 misericordia
824 4235 854 4297 et
870 4226 1020 4308 veritas,
1047 4249 1109 4297 cu·

127 4331 368 4410 studientibus
376 4328 533 4432 foedus,
560 4333 597 4402 id
612 4345 681 4416 est,
694 4327 870 4402 Ecclesiae
886 4331 1107 4422 amplectenti

127 4444 296 4522 verbum,
322 4437 502 4508 invocanti
526 4437 621 4504 iuxta
645 4433 908 4524 promissiones.
967 4432 1108 4500 Adiun-

127 4555 231 4628 gatur
245 4553 277 4607 ει
287 4560 408 4606 versus
421 4538 668 4606 duodecimus:
693 4527 847 4619 Propter
863 4554 992 4599 nomen
1007 4539 1108 4599 tuum
1481 4521 1641 4603 Psalmi
1669 4521 1833 4607 XXVI,

129 4636 293 4708 Domine
315 4633 501 4733 propicius
523 4644 606 4706 esto.
659 4632 771 4723 Quasi
791 4633 904 4715 dicat,
932 4656 1005 4700 non
1028 4656 1109 4723 pro-

130 4754 209 4832 pter
225 4753 345 4809 nostra
380 4738 523 4818 merita,
564 4739 624 4806 sed
656 4747 803 4826 propter
834 4732 1109 4802 misericordiam

130 4854 247 4920 tuam,
273 4853 307 4908 et
326 4854 366 4909 ut
384 4838 508 4927 ingens
530 4838 736 4927 magnitudo
753 4834 1011 4903 misericordiae
1032 4848 1110 4905 tuae

131 4941 342 5020 celebretur,
369 4951 401 5008 et
425 4939 485 5007 alii
506 4951 769 5029 expavescentes
789 4949 822 5006 et
838 4935 1050 5025 trepidantes
1067 4937 1109 5004 ad

132 5057 166 5112 te
181 5046 345 5125 redeant,
370 5053 402 5109 et
419 5064 501 5108 vere
518 5063 640 5109 rursus
657 5039 845 5110 celebrent.
1266 5033 1381 5105 Totus
1394 5031 1553 5102 Psalmus
1576 5032 1679 5103 initio
1703 5035 1854 5124 precatio
1871 5049 1941 5114 est,
1971 5061 2043 5130 qua
2066 5032 2137 5128 pst't

148 5155 149 5158 ’
234 5142 358 5210 Tertio
380 5140 611 5211 nominantur
633 5153 668 5209 et
689 5151 940 5228 exaggerantur
954 5161 1009 5206 res
1023 5162 1112 5231 qnae
1164 5135 1404 5205 defensionem
1429 5147 1550 5202 contra
1569 5127 1686 5204 hostes
1702 5132 1879 5203 Ecclesiae
1895 5150 1930 5206 et
1944 5133 2149 5229 Evangelii„

132 5257 324 5338 petuntur,
351 5241 502 5326 scilicet,
528 5242 686 5314 remissio
709 5254 952 5331 peccatorum,
985 5254 1018 5308 et
1048 5263 1112 5328 gu·
1167 5238 1296 5306 deinde
1315 5234 1487 5304 confessio
1509 5248 1577 5317 est,
1601 5259 1669 5327 qua
1688 5249 1832 5306 testatur
1851 5258 1886 5305 se
1908 5240 2071 5328 profiteri
2090 5260 2139 5305 vt·

132 5346 295 5419 beruatio
321 5368 360 5415 ac
386 5343 562 5429 defensio,
588 5366 677 5435 quae
700 5342 915 5412 comitantur
937 5332 1113 5410 remissio·
1138 5363 1243 5423 fram
1263 5332 1441 5407 Ecclesiae
1465 5335 1686 5419 doctrinam,
1721 5350 1755 5406 et
1777 5337 1896 5427 lugere
1921 5352 1958 5408 et
1986 5345 2138 5411 damnate

1301 4392 1635 4485 Argumentum
1663 4412 1719 4461 uc
1746 4387 2008 4482 dispositio
2033 4406 2039 4415 ’
2144 4374 2149 4471 f

2139 4552 2149 4687 l

1212 4683 1345 4757 ludica
1362 4705 1423 4755 me
1438 4676 1622 4771 Domine,
1646 4686 1819 4776 quoniam
1834 4704 1902 4778 epo
1919 4690 1962 4756 in
1977 4692 2131 4758 innocen·

1212 4791 1270 4857 tiu
1288 4807 1371 4857 meu
1386 4791 1573 4881 segressus
1586 4806 1689 4873 suan,
1707 4794 1745 4856 et
1762 4788 1802 4854 iu
1811 4785 1975 4858 Domino
1991 4807 2133 4881 spernet

1210 4911 1285 4960 non
1298 4883 1532 4984 iacfirmubor,
1558 4894 1629 4957 etc.
