4538 5754
196 264 275 342 oto
366 240 384 319 s
793 254 921 343 tutu
946 262 1064 342 uus
1090 257 1304 345 scalena
1328 262 1632 345 uxuosrsca
1756 326 1760 335 .
2146 279 2225 352 ooo

203 404 386 513 Christum
408 453 442 511 et
457 437 667 532 Apostolos,
691 439 730 510 in
751 460 821 535 qua
836 438 933 544 Deus
947 453 1111 512 aeternus
1126 465 1192 535 pa·
1243 466 1325 514 cum
1342 441 1449 534 paolo
1465 455 1546 514 ante
1563 437 1761 514 Antiochus
1778 448 2023 520 crudelitatem
2039 450 2161 521 omnis
2174 473 2227 542 gs-

206 542 324 616 telecit
344 542 562 612 voluntatem
584 565 701 629 suam,
727 556 762 614 et
782 543 844 636 qui
868 543 945 639 sine
965 567 1007 614 ea
1029 545 1192 616 doctrina
1243 545 1339 615 neris
1354 556 1512 612 exercere
1526 546 1694 615 adversus
1712 545 1859 619 ludaeos
1874 553 2055 643 coepisset.
2109 552 2226 625 Postea

108 660 114 669 '⁴
205 644 321 716 Deum
338 657 531 737 quaerunt,
556 645 785 716 aberrantab
802 668 856 714 eo.
1242 670 1339 716 auno
1364 641 1448 719 161.
1475 668 1595 716 mense
1624 647 1816 719 Februario
1837 649 1995 723 Nicanor
2026 655 2145 724 victus
2171 671 2225 737 est,

308 747 365 816 Ad
394 742 484 816 banc
512 746 620 834 igitur
647 770 713 815 nos
736 759 855 833 vocat,
884 760 920 818 et
940 746 1116 837 promittit
1138 744 1191 815 ibi
1242 748 1306 841 qui
1328 747 1579 838 superbissime
1600 749 1784 822 minitatus
1804 753 1918 824 fuerat
1934 758 2082 846 templo.
2138 754 2226 828 Haec

199 861 345 920 tantum
366 848 443 917 fore
458 845 651 917 Ecclesiam
673 871 790 930 suam,
814 848 864 919 ibi
888 871 925 918 se
940 850 1189 919 exauditurum
1241 849 1310 920 fuit
1331 861 1506 939 postrema
1527 850 1676 940 victoria
1696 850 1805 923 ludae
1825 853 2031 941 Macabaei,
2074 883 2166 951 quae
2184 860 2224 930 ita

169 1022 181 1036 ἱ
208 973 298 1034 esse,
323 951 388 1020 ubi
410 962 512 1019 sonat
534 973 602 1018 vox
614 948 818 1040 Evangelii,
842 964 880 1021 ut
901 948 1077 1025 loan.15.
1098 947 1191 1019 dici·
1242 950 1352 1021 erexit
1374 946 1561 1037 Iudaeam,
1590 965 1631 1021 ut
1658 977 1859 1046 quanquam
1883 955 1979 1053 Syrii
2003 959 2144 1030 bellum
2168 961 2224 1029 ali-

202 1065 281 1149 ntur:
308 1050 348 1123 Si
364 1050 563 1121 manseritis
577 1051 614 1120 in
632 1077 706 1135 me,
732 1064 767 1121 et
782 1054 888 1121 verba
904 1076 980 1121 mea
997 1050 1191 1121 manserint
1243 1051 1381 1144 quoties
1402 1051 1657 1143 instaurarent,
1695 1069 1815 1125 tamen
1838 1057 1941 1127 facile
1961 1061 2225 1151 repellerentur.
2257 1102 2259 1112 =

209 1153 248 1222 in
272 1154 388 1238 vobis,
414 1153 580 1246 quicquid
600 1152 801 1238 volueritis,
829 1153 973 1243 petetis,
1000 1167 1033 1224 et
1050 1155 1110 1223 fiet
1126 1176 1191 1222 vo·
1242 1151 1414 1248 Sequenti
1444 1177 1556 1239 anno,
1588 1156 1651 1248 qui
1678 1156 1746 1226 fuit
1776 1152 1966 1249 septimus,
1998 1158 2171 1234 Ionathas
2196 1176 2225 1233 ct
2256 1198 2259 1223 ι

210 1255 274 1326 bis.
336 1252 439 1324 Hanc
462 1255 572 1347 igitur
593 1255 790 1324 doctrinam
815 1270 1017 1328 constanter
1037 1256 1192 1325 retineo·
1242 1253 1368 1327 Simon
1405 1267 1519 1325 totam
1553 1254 1719 1327 Iudaeam
1755 1276 1981 1351 receperunt,
2021 1275 2056 1332 et
2089 1262 2224 1358 Syriaca

210 1381 307 1441 mus,
333 1371 367 1427 et
389 1381 428 1425 ea
452 1355 672 1446 praelucente
686 1351 801 1427 Deum
823 1357 1043 1443 invocemus,
1068 1381 1109 1428 ac
1128 1378 1191 1448 pe-
1243 1355 1417 1447 praesidia
1440 1357 1600 1450 undique
1623 1383 1664 1428 cx
1680 1360 1819 1451 oppidis
1836 1359 1990 1433 Iudaicis
2006 1365 2225 1456 expulerunt.

211 1472 345 1543 tamus,
369 1472 408 1529 ut
424 1482 489 1528 nos
504 1472 598 1547 regat
615 1471 648 1526 et
663 1472 788 1530 servet.
955 1459 965 1471 ”
1243 1456 1418 1548 Congruit
1432 1457 1539 1546 igitur
1554 1462 1597 1529 ad
1615 1461 1699 1529 belli
1717 1475 1853 1553 tempus
1868 1466 2064 1555 praedictio
2080 1466 2225 1551 numeri,

311 1610 414 1682 Nunc
444 1612 487 1681 ad
520 1605 686 1682 historica
716 1613 822 1683 redeo
894 1611 1071 1683 Numm‘
1126 1609 1192 1678 effi
1243 1560 1281 1630 id
1304 1557 1456 1630 arbitror
1476 1562 1575 1652 prius
1596 1557 1655 1664 bic
1675 1564 1972 1636 considerandum
1989 1591 2086 1654 esse,
2111 1580 2225 1666 postea

825 1664 835 1688 ⁰
1082 1663 1093 1693 '
1243 1675 1458 1755 quaerantur
1473 1662 1666 1733 concinnae
1681 1665 1964 1755 significationes.

211 1737 373 1783 arcanam
398 1712 687 1802 significationem
711 1709 837 1796 habet,
863 1727 979 1784 tamen
1002 1715 1044 1782 ad
1069 1710 1191 1786 Maca-
2150 1806 2153 1811 γ
2240 1794 2246 1803 ⁸

210 1815 377 1885 bacorum
392 1811 576 1886 historiam
590 1815 773 1904 congruit,
794 1828 955 1908 utsupra
971 1815 1083 1906 capite
1097 1807 1201 1884 octa-'
1345 1810 1479 1883 Ultima
1493 1815 1663 1904 particula
1679 1817 1717 1885 in
1729 1831 1824 1889 textu
1836 1820 2025 1910 diligenter
2036 1822 2226 1904 observem

210 1942 254 1987 vo
282 1917 368 1988 belli
396 1924 535 2010 tempus
562 1917 755 2008 praedixit,
788 1917 952 1988 videlicet
980 1940 1039 1987 sex
1068 1937 1192 2000 annos,
1243 1919 1286 1984 da
1301 1928 1371 1994 est,
1398 1917 1494 2007 quod
1510 1918 1639 1987 diserte
1652 1919 1741 1989 dicit
1758 1919 1934 2009 Angelus,
1960 1917 2047 1992 baec
2064 1924 2225 1994 vaticinia

209 2032 281 2089 tres
301 2043 437 2088 menses
458 2032 492 2090 et
513 2019 638 2111 viginti
661 2021 747 2092 dies.
801 2017 853 2091 lta
875 2016 1042 2090 hocloco
1063 2041 1190 2087 nume·
1243 2018 1419 2113 pertinere
1443 2019 1487 2086 ad
1508 2019 1669 2088 ultimam
1691 2034 1837 2091 aetatem
1863 2024 2006 2094 mundi:
2042 2017 2225 2118 Quiescet,

208 2144 287 2190 rum
305 2122 406 2192 illum
420 2122 623 2211 distinguit,
648 2121 849 2211 significans
865 2123 1000 2191 diversa
1016 2118 1099 2189 belli
1113 2142 1191 2188 mo·
1244 2126 1275 2188 et
1297 2115 1415 2188 stabis
1437 2121 1477 2188 in
1493 2128 1589 2188 sorte
1604 2128 1670 2190 tuo
1685 2118 1725 2189 in
1729 2116 1812 2214 fine
1829 2118 1982 2198 dierum.
2035 2124 2227 2197 Haecver-

209 2237 346 2303 menta,
380 2236 414 2292 et
434 2237 571 2313 tempus
593 2225 769 2316 profanati
795 2223 919 2314 templi
942 2223 1146 2291 discernens
1170 2243 1190 2289 a
1243 2223 1309 2310 ba,
1335 2220 1400 2290 etsi
1422 2220 1484 2290 alii
1505 2223 1574 2291 alio
1597 2225 1838 2306 detorserunt,
1865 2239 1982 2296 tamen
2007 2228 2107 2298 clare
2121 2229 2226 2319 signi-
2257 2224 2259 2235 '

208 2325 368 2418 sequenti
389 2338 566 2416 tempore,
591 2349 662 2419 quo
684 2348 828 2417 prorsus
849 2325 950 2416 pulsa
965 2337 1048 2393 sunt
1063 2347 1104 2391 ex
1118 2334 1191 2391 tota
1242 2324 1359 2406 fleant,
1384 2319 1543 2392 Danielis
1557 2325 1753 2394 doctrinam
1770 2327 1954 2418 complecti
1968 2329 2092 2399 omnia
2106 2331 2226 2400 mnndi
2257 2324 2259 2335 '

209 2423 339 2496 ludaea
359 2427 534 2520 praesidia
557 2425 714 2521 Syriaca.
766 2426 832 2496 Ait
851 2450 952 2516 ergo:
980 2422 1015 2494 Α
1037 2433 1192 2520 tempore
1242 2438 1422 2517 tempora,
1458 2445 1567 2518 usque
1597 2429 1641 2494 ad
1670 2429 1963 2499 resurrectionem
1985 2444 2226 2502 mortuorum:
2257 2426 2259 2461 ³

209 2523 333 2597 oblati
348 2522 527 2620 sacrificii
542 2535 573 2596 ct
590 2523 761 2598 collocati
777 2521 874 2598 idoli
878 2526 967 2627 sore
984 2522 1061 2596 dies
1076 2520 1191 2605 mille,
1242 2526 1327 2619 quia
1350 2525 1709 2597 vaticinatur‘ordine
1730 2530 1774 2598 de
1797 2525 2015 2600 monarchiis
2037 2546 2073 2601 et
2095 2533 2225 2603 ultimis
2257 2522 2259 2577 ἶ

209 2625 397 2712 discentes,
425 2626 649 2724 nonaginta,
676 2627 742 2700 boc
756 2642 825 2716 est,
851 2653 964 2700 annos
977 2642 1066 2713 tres,
1090 2651 1191 2696 men·
1242 2627 1379 2716 regnis,
1413 2642 1448 2698 et
1472 2629 1517 2695 de
1534 2629 1726 2699 aerumnis
1748 2629 1924 2700 Ecclesiae
1946 2635 2122 2724 postremi
2144 2651 2225 2706 tem-

207 2754 261 2802 ses
274 2755 333 2802 sex
348 2745 383 2804 et
400 2733 475 2803 dies
491 2732 705 2825 quindecim.
812 2739 813 2743 ’
1242 2728 1350 2821 poris.
1401 2727 1486 2798 ldeo
1508 2729 1642 2821 inquit:
1670 2730 1788 2802 Stabis
1803 2732 1843 2800 in
1858 2746 1952 2803 sorte
1970 2748 2050 2819 tua,
2075 2732 2223 2806 Docebis

310 2831 414 2905 Hanc
444 2834 594 2927 primam
625 2834 711 2905 belli
741 2832 891 2924 epitasin
919 2831 1092 2922 significat
1114 2830 1191 2901 iore
1239 2844 1277 2902 et
1291 2829 1516 2923 confirmaqis
1532 2827 1725 2902 Ecclesiam
1740 2833 1866 2904 ultimo
1881 2851 2042 2927 tempore
2055 2838 2195 2910 mundi.

209 2935 442 3007 difficiliorem
459 2936 545 3028 piiss
568 2958 650 3006 nam
665 2928 734 3005 boc
749 2934 904 3006 triennio
918 2934 968 3025 pii
985 2934 1023 3003 in
1039 2932 1191 3003 maxima
1344 2930 1442 3002 Haec
1470 2933 1641 3022 particula
1675 2935 1786 3004 bonas
1809 2950 1944 3007 mentes
1966 2941 2012 3007 ad
2037 2938 2222 3009 lectionem
2256 2916 2259 2961 ¹

207 3038 404 3110 calamitate
434 3039 588 3110 fuerunt.
641 3036 828 3107 Tenebant
854 3034 991 3129 Syriaci
1019 3034 1191 3105 exercitus
1242 3030 1403 3104 Danielis
1418 3029 1556 3105 hortari
1570 3037 1701 3105 debet·
1737 3034 1917 3107 Necnilril
1934 3052 2142 3126 estcausac,
2167 3063 2223 3109 cnr
2257 3040 2259 3099 ἶ

206 3164 302 3210 arces
321 3163 458 3226 omnes,
485 3139 711 3211 trucidabant
730 3139 768 3209 in
785 3137 925 3231 oppidis
940 3150 974 3207 et
988 3137 1080 3225 agris
1094 3135 1191 3204 iuer·
1241 3132 1338 3205 Deus
1352 3138 1573 3227 praemoneri
1581 3133 1774 3206 Ecclesiam
1790 3140 1835 3207 de
1847 3140 1920 3208 suis
1936 3142 2122 3210 aerumnis
2136 3141 2221 3224 rclit,
2257 3210 2259 3215 ,

206 3266 298 3311 mem
318 3242 602 3326 multitudinem,
629 3241 814 3330 rapiebant
836 3240 880 3309 ad
903 3238 1076 3330 supplicia
1090 3259 1190 3306 senes
1242 3235 1443 3308 Multorum
1458 3239 1568 3306 animi
1582 3252 1771 3309 moventur
1783 3240 2015 3312 multitudine
2027 3232 2220 3334 impiomro,

208 3357 241 3413 et
264 3345 447 3435 mulieres,
474 3357 507 3412 et
531 3344 739 3435 aliquandiu
760 3367 825 3412 nec
849 3341 1021 3410 exercitos
1041 3338 1107 3409 ulli
1125 3361 1190 3408 nco
1241 3351 1432 3409 moventur
1451 3352 1486 3409 et
1508 3340 1650 3410 fortuna
1665 3363 1704 3409 ac
1719 3341 1851 3430 gloria,
1877 3356 1910 3413 et
1924 3344 2132 3435 disputant,
2158 3343 2218 3414 Tot

90 3492 95 3501 ,
208 3448 313 3514 duces
347 3458 467 3528 erant,
506 3444 570 3536 qui
607 3439 700 3513 hanc
736 3442 916 3513 saevitiam
948 3439 1191 3532 reprimerent.
1240 3452 1360 3529 gentes
1383 3440 1470 3509 alias
1489 3441 1629 3531 ignaras
1645 3437 1850 3532 Evangelii,
1878 3457 1912 3514 et
1934 3445 2083 3536 quidem
2098 3446 2215 3515 floren·

206 3543 332 3615 Postea
348 3541 541 3615 Matatbias
555 3557 589 3614 et
605 3542 710 3614 ludas
725 3544 984 3638 aliquantulum
1000 3541 1191 3633 reprimere
1239 3556 1293 3612 tes
1311 3542 1471 3631 imperiis
1488 3556 1522 3612 et
1539 3543 1650 3638 gloria
1671 3567 1744 3613 uon
1761 3544 1891 3632 negligi
1907 3570 1926 3615 a
1942 3543 2041 3617 Deo.
2067 3568 2214 3644 praescr-

207 3642 299 3716 hanc
312 3647 552 3717 crudelitatem
568 3659 776 3738 coeperunt,
798 3645 849 3716 ibi
862 3644 1032 3715 inclinata
1047 3646 1191 3713 fortuna
1240 3644 1305 3713 tim
1328 3666 1409 3713 curn
1430 3644 1470 3711 in
1491 3644 1564 3714 illis
1584 3645 1687 3714 etiam
1706 3646 1807 3714 multi
1824 3647 1914 3731 sint,
1940 3649 2002 3740 qui
2019 3647 2212 3718 virtorecx·
2255 3655 2259 3725 i

208 3748 301 3841 pulsi
321 3747 416 3843 Syrii
438 3760 699 3840 nonpoterant
715 3747 864 3839 grassari
881 3760 922 3818 ut
936 3760 1049 3820 antea.
1100 3743 1191 3814 Nam
1240 3745 1394 3830 cellunt,
1421 3741 1667 3816 Offenduntur
1689 3746 1800 3816 animi
1823 3761 1857 3819 et
1878 3748 1959 3817 aliis
1977 3749 2104 3820 multis
2123 3769 2210 3837 argu·
2253 3783 2259 3823 t

208 3850 388 3921 acerrimis
418 3849 560 3942 praeliis
586 3851 740 3941 primum
772 3864 849 3942 post
870 3848 1066 3920 triennium
1090 3869 1192 3915 recu-
1239 3845 1381 3916 mentis.
1456 3868 1457 3873 ¹
1526 3931 1531 3942 Ι
2252 3860 2257 3871 ·

209 3966 369 4039 peratum
391 3966 442 4021 est
462 3953 645 4042 templum.
696 3951 872 4047 Reliquae
895 3973 950 4021 res
970 3949 1115 4019 fuerunt
1137 3948 1192 4017 fa·
1344 3945 1429 4016 ldeo
1446 3960 1652 4036 praemonet
1663 3970 1730 4017 nos
1742 3945 1859 4031 Dens,
1883 3962 1923 4018 ut
1939 3951 2094 4022 sciamus
2107 3948 2208 4021 Eccle-
2250 3964 2259 4025 l

209 4056 357 4125 ciliores.
833 4077 835 4080 ’
982 4048 984 4052 ⁴
1241 4048 1328 4118 siam
1344 4049 1420 4119 lore
1435 4049 1607 4138 exigerem,
1628 4063 1663 4120 et
1676 4064 1772 4119 certo
1787 4063 1992 4134 statuamus,
2012 4048 2106 4122 hanc
2119 4071 2206 4122 anam
2249 4082 2259 4125 r

211 4164 215 4170 “
312 4155 395 4226 ldeo
417 4157 461 4225 de
484 4152 570 4224 belli
594 4154 688 4224 exitu
712 4154 845 4249 iuquit:
870 4148 1015 4222 Beatus
1038 4149 1105 4248 qui
1126 4171 1190 4219 sx-
1241 4150 1460 4234 doctrinam,
1486 4150 1649 4222 traditam
1674 4176 1737 4243 per
1754 4147 1965 4244 Prophetas,
1990 4149 2168 4224 Christum
2180 4160 2205 4217 et

208 4265 326 4354 perlat
352 4266 383 4327 et
407 4253 560 4350 attingit
584 4251 661 4326 dies
679 4251 800 4338 mille,
837 4263 1009 4326 trecentos
1032 4250 1190 4347 triginta
1241 4248 1444 4341 Apostolos,
1467 4275 1540 4334 esse
1554 4253 1753 4336 salutarem,
1773 4252 1936 4323 oecalibi
1952 4248 2205 4326 ess'eEcclesim

210 4360 387 4460 quinque,
426 4361 462 4430 id
500 4371 570 4437 est,
610 4371 681 4429 tres
703 4381 826 4429 annos
851 4373 886 4429 et
922 4372 1001 4428 octo
1041 4376 1189 4425 menses.
1240 4349 1326 4438 Dei,
1353 4354 1421 4422 nisi
1438 4353 1476 4425 in
1492 4378 1533 4423 eo
1547 4367 1667 4439 coetu,
1692 4354 1754 4446 qui
1769 4349 1862 4423 hanc
1877 4356 2079 4446 doctrinam
2095 4352 2205 4446 ample·

209 4463 492 4555 Complectemur
505 4483 587 4548 ergo
600 4483 713 4532 anuos
727 4475 858 4552 septem
873 4473 908 4532 et
920 4460 992 4528 lere
1006 4470 1076 4527 tres
1089 4480 1189 4527 men·
1241 4453 1361 4526 ctitur.
1412 4453 1490 4526 Hac
1507 4478 1573 4525 nos
1587 4456 1830 4526 consolatione
1842 4456 2113 4544 confirmemus,
2137 4473 2204 4550 quae

210 4588 274 4635 scs.
325 4562 415 4635 Nam
432 4588 525 4633 anno
543 4558 626 4633 145.
641 4576 719 4653 post
733 4576 882 4633 mortem
900 4559 1095 4632 Alexandri
1112 4557 1189 4627 ido·
1241 4556 1430 4648 diligenter
1443 4558 1592 4650 cogitata
1608 4558 1682 4645 pias
1698 4571 1834 4627 mentes
1849 4557 2046 4649 plurimum
2061 4559 2163 4631 iuvat.
2254 4637 2259 4652 1

211 4668 285 4736 lum
307 4666 345 4734 in
368 4667 499 4758 templo
521 4664 729 4737 collocatum
751 4678 821 4751 est,
846 4685 967 4734 mense
984 4657 1191 4740 Novembri,
1567 4655 1687 4740 Τέλος.
1714 4650 1805 4741 δόξα
1823 4656 1905 4755 θεῷ

1015 4999 1437 5016 m-
