4538 5754
123 236 226 312 ,1459

722 232 847 308 eun.
872 228 989 310 uun.
1015 232 1229 311 εεειετε
1254 233 1556 313 exacueret.
1587 219 1591 229 '

2060 249 2148 327 etto

127 409 229 491 stoli,
255 406 447 503 Martyres.
496 403 679 496 Quomodi
703 399 742 474 hi
767 419 915 478 mount:
940 403 1023 477 Non
1040 431 1118 477 mo·
1169 401 1239 478 boc
1260 423 1331 489 εει,
1359 423 1499 496 coetus,
1530 412 1567 482 in
1599 436 1670 506 quo
1692 410 1793 486 Deus
1820 430 1915 488 recte
1946 421 2151 510 agnoscitur,

128 515 201 583 riar
215 513 274 581 sed
293 511 423 583 vivam.
476 506 550 578 lam
564 533 650 578 vero
667 521 700 577 et
718 508 762 597 de
777 533 901 591 causa,
928 510 1020 593 etde
1035 533 1118 600 per-

128 615 226 685 sonis
239 626 380 682 canunt.
431 607 575 696 Esaias,
595 608 776 695 ieremias,
795 607 929 680 Paulus
944 635 1054 702 ‚saepe
1078 611 1116 678 in

129 712 195 787 bac
211 715 281 785 vita
305 714 456 803 gloriose
480 724 681 802 servantur,
708 712 911 782 utdiutius
935 713 1035 802 fungi
1061 714 1117 781 of-

128 819 208 888 ficio
233 816 387 907 possint,
414 829 465 901 et,
492 827 533 884 ut
567 809 627 883 hic
656 814 707 885 ait
731 811 923 897 Psalmns„
942 808 1116 907 Narrare

130 941 239 1016 opero
259 912 431 989 Domini.
483 914 646 984 Tandem
671 927 789 1006 postea
813 916 915 1010 qnasi
934 916 1112 1009 perfuncti

130 1045 192 1092 sua
209 1019 335 1108 militia
354 1018 635 1098 interficiuntur,
662 1018 723 1085 sed
744 1032 830 1087 tunc
853 1030 888 1088 et
911 1016 1013 1089 causa
1032 1006 1115 1087 ma-

129 1136 209 1214 net,
237 1136 272 1193 et
289 1122 355 1214 ipsi
371 1121 481 1192 vitam
499 1133 677 1189 aeternam
692 1119 884 1210 accipiunt.
974 1177 980 1192 ,

230 1257 301 1330 Sed
315 1253 504 1330 hominum
521 1254 617 1325 oculi
631 1253 708 1323 sine
725 1254 793 1324 fide
817 1255 923 1345 longe
938 1254 1041 1326 aliter
1064 1255 1109 1323 de

128 1359 287 1432 Ecclesia
316 1359 493 1450 cogitant,
535 1355 607 1426 imo
632 1351 724 1425 banc
750 1370 859 1428 totam
894 1356 1117 1439 cantilenam,

127 1462 211 1534 Non
232 1461 384 1541 moriar,
417 1461 477 1529 sed
498 1457 633 1541 vivam,
660 1472 785 1549 putant
809 1481 884 1527 esse
905 1459 1116 1529 fabulosam.

128 1562 262 1636 Contra
278 1559 362 1633 haec
377 1557 532 1632 humana
547 1558 680 1629 iudicia
697 1559 947 1629 confirmemus
965 1560 1116 1644 animos,

128 1663 186 1736 bis
200 1665 381 1737 sententiis
399 1662 555 1754 Spiritus
570 1660 702 1745 sancti,
719 1676 752 1732 et
766 1660 1033 1732 meminerimus
1047 1656 1116 1731 hoc

128 1768 309 1839 doctrinae
322 1788 431 1857 genus
446 1764 610 1834 divinum
627 1785 718 1848 esse,
744 1775 781 1832 ει
795 1784 901 1855 supra
919 1759 1115 1832 humanam

128 1868 338 1962 sapientiam
364 1866 539 1958 positum,
566 1878 599 1932 et
615 1864 792 1934 diseamus
812 1886 973 1935 exercere
993 1864 1114 1949 fidem,

127 1987 166 2043 ut
182 1972 356 2041 luctantes
379 1992 458 2037 cum
478 1979 618 2057 peccato
638 1979 674 2037 et
694 1979 828 2051 morte,
851 1966 892 2035 in
914 1979 989 2036 toto
1011 1988 1115 2036 cursu

12 2158 16 2163 Ι
128 2075 221 2144 vitae
238 2085 273 2142 et
296 2070 543 2152 vocationum,
569 2089 798 2157 agnoscamus
819 2091 884 2160 per
907 2063 1004 2138 hunc
1025 2062 1117 2136 libe·

127 2190 280 2246 rstorem
303 2186 485 2252 nostrum,
512 2170 612 2240 cuius
636 2163 838 2260 triumphus
862 2165 921 2239 hic
944 2169 1116 2238 describi-

1158 510 1378 593 ·invocator,
1403 513 1551 595 colitur,
1577 528 1611 584 et
1623 529 1796 608 perpetuo
1810 519 2033 592 laudabitur.
2075 524 2151 596 Ideo

1169 623 1280 691 estet
1301 613 1461 682 iusticiae
1484 628 1603 707 porta,
1636 610 1705 687 hoe
1726 633 1798 701 est,
1835 621 1973 692 iustum
2001 647 2150 714 regnum,

1168 736 1231 783 seu
1247 728 1368 784 coetos
1383 715 1486 801 iusti,
1509 716 1586 788 Deo
1604 719 1801 810 placentes,
1829 736 1865 794 et
1881 718 2054 795 haeredes
2069 729 2150 800 ritae

1169 829 1344 886 aeternae.

1269 946 1353 1018 Alia
1376 971 1484 1037 regna
1510 949 1686 1022 iusticiam
1713 968 1895 1026 externam
1922 982 1984 1029 sen
2019 961 2149 1034 civilem

1168 1063 1349 1144 utcunque
1365 1064 1530 1137 tuentur,
1557 1059 1719 1126 coiircent
1735 1059 1861 1148 poenis
1876 1054 2075 1131 humanam
2096 1090 2150 1136 an-

1169 1153 1316 1237 daciam,
1342 1153 1434 1222 sicut
1448 1153 1580 1224 dicitur
1597 1155 1635 1223 in
1646 1155 1803 1229 Psalmo:
1833 1158 1874 1228 ln
1889 1157 2022 1233 chamo
2040 1180 2075 1236 et
2089 1168 2150 1237 fre·

1169 1277 1217 1322 no
1235 1254 1396 1323 maxillas
1413 1280 1536 1326 eorum
1550 1259 1763 1349 constringe.
1802 1256 1969 1356 Denique
1985 1278 2073 1337 snnt
2084 1293 2150 1339 car·

1166 1378 1226 1424 cer
1241 1355 1348 1444 legis,
1374 1357 1436 1449 qui
1452 1358 1563 1428 seruit
1580 1359 1728 1431 miserae
1743 1363 1945 1436 necessitati
1962 1366 2059 1451 vitae
2081 1394 2152 1440 cor·

1170 1458 1319 1548 poralis,
1344 1482 1419 1526 non
1442 1460 1558 1531 adfert
1574 1460 1749 1532 iusticiam
1765 1480 1828 1534 aut
1840 1465 1953 1536 vitam
1969 1482 2151 1545 aeternam

1168 1560 1237 1628 Sed
1254 1556 1411 1629 Ecclesia
1426 1575 1478 1632 εει
1492 1584 1639 1652 regnum
1656 1585 1717 1633 seu
1742 1579 1881 1646 coetus,
1909 1567 1949 1634 in
1974 1593 2050 1662 quo
2071 1573 2152 1642 dan-

1168 1673 1227 1730 tur
1248 1660 1387 1731 iusticia
1411 1676 1445 1734 et
1469 1664 1540 1733 vita
1565 1677 1725 1746 aeterna,
1752 1683 1787 1737 et
1812 1667 1851 1737 in
1875 1692 1949 1762 quo
1964 1670 2064 1741 Dens
2084 1674 2150 1766 ipse

1167 1775 1309 1851 regnat,
1333 1763 1556 1853 agnoscitur,
1582 1765 1786 1852 invocatur,
1820 1782 1855 1838 et
1879 1786 2058 1861 perpetuo
2081 1774 2150 1845 lan-

1168 1863 1325 1934 dabitnr.
1384 1864 1474 1935 Nam
1498 1866 1585 1959 quid
1608 1866 1670 1937 liat
1690 1869 1728 1936 in
1752 1865 1911 1941 Ecclesia
1935 1868 1994 1942 hic
2016 1900 2149 1970 quoque

1168 1965 1286 2049 addit,
1317 1959 1515 2060 Ingressus
1537 1959 1673 2064 initos
1691 1977 1828 2067 portos
1850 1967 2051 2065 confitebor
2069 1973 2148 2047 Do-

1168 2063 1288 2147 mino,
1323 2069 1553 2159 praedicabo,
1580 2071 1765 2142 celebrabo
1792 2074 1869 2143 eius
1904 2077 2091 2165 beneficia,
2121 2097 2150 2152 et

1169 2170 1353 2258 praestabo
1373 2194 1475 2260 veros
1487 2171 1614 2241 cultus.

127 2291 206 2356 tur,
237 2274 392 2344 deletum
417 2294 491 2346 esse
518 2283 718 2369 peccatum,
754 2270 925 2341 abolitam
951 2284 1116 2358 mortem,
1175 2320 1178 2325 -

128 2392 162 2448 et
181 2375 357 2446 redditam
387 2396 461 2444 esse
490 2387 696 2465 perpetuam
731 2372 908 2442 iusticiam
934 2385 969 2442 et
995 2371 1116 2456 vitam,

127 2502 263 2572 nosque
295 2472 363 2546 hae
395 2478 464 2545 fide
500 2475 691 2556 vivificari,
734 2474 825 2544 sicut
850 2472 1021 2565 scripturn
1049 2486 1115 2543 est:

120 2555 244 2651 lustns
256 2579 324 2648 fide
346 2601 408 2648 sna
422 2578 529 2649 vivet.

179 2790 326 2888 Aperite
341 2784 438 2862 milei
460 2799 589 2889 portos
613 2787 798 2872 iusticioe,
822 2785 1017 2885 ingredior
1041 2813 1115 2872 eos,

228 2904 259 2966 et
275 2887 468 2987 confitebor
480 2889 659 2974 Domino.

177 3027 282 3101 Haec
292 3034 401 3124 porta
417 3020 596 3106 Domini,
623 3023 715 3095 iusti
735 3022 929 3095 intrabunt
946 3023 985 3094 in
1003 3048 1112 3103 eom„

162 3154 391 3254 -Confitebor
415 3157 502 3239 tibi,
542 3159 634 3256 quio
659 3151 873 3228 humiliasti
891 3181 964 3242 me,
996 3166 1028 3228 et
1042 3156 1118 3256 so·

232 3272 310 3332 ctus
327 3283 364 3329 ιε
379 3254 478 3330 mihi
488 3259 528 3329 in
543 3258 715 3335 salutem.
786 3343 791 3353 Ι

135 3419 139 3427 ’
231 3411 354 3486 Altera
374 3440 456 3509 pars
471 3415 606 3486 Psalmi
628 3430 695 3486 est:
724 3438 806 3484 nam
831 3437 936 3505 supra
957 3414 1117 3486 recitavit

130 3517 357 3589 afflictionem
375 3541 494 3602 suam,
520 3532 554 3587 et
577 3510 835 3587 liberationem.
873 3511 979 3586 Nunc
995 3519 1039 3586 de
1055 3540 1116 3609 ap-

128 3620 319 3710 plicatione
330 3620 500 3715 loquitur.
525 3616 634 3706 Haec,
646 3620 774 3713 inquit,
789 3620 827 3687 in
835 3613 1117 3714 Ecclesiisprae-

131 3721 258 3790 dicabo
287 3722 451 3805 caeteris,
482 3735 518 3793 et
549 3746 682 3793 novum
706 3720 925 3804 aedilicium,
959 3744 1020 3790 seu
1051 3744 1116 3789 no-

129 3847 215 3892 vum
239 3844 387 3911 reguum
419 3847 484 3912 per
512 3848 587 3907 me,
618 3823 781 3915 quamvis
812 3837 913 3890 antea
938 3822 1119 3904 afllictum,

130 3922 343 3994 incoabitur.
395 3920 552 3993 Afflictio
568 3947 630 3993 seu
652 3923 767 4014 passio
793 3923 947 3993 Messiae
972 3922 1119 3991 servivit

130 4025 219 4097 eliis.
273 4023 358 4095 Fuit
372 4026 467 4094 enim
485 4026 692 4095 sacrificium
719 4048 783 4114 pro
807 4038 949 4114 peccato
969 4019 1117 4092 humani

131 4127 276 4215 generis.
329 4126 511 4200 Liberatio
526 4126 630 4198 etiam
647 4128 790 4216 prodest
804 4126 895 4195 aliis.
947 4122 1045 4195 Haec
1062 4149 1118 4194 ce-

131 4228 261 4299 lebrari
279 4229 317 4296 in
331 4221 498 4298 Ecclesiis
514 4244 547 4300 et
564 4229 783 4300 innotescere
804 4240 955 4321 oportet.

235 4346 287 4416 Dc
307 4341 372 4415 hac
388 4335 624 4438 applicatione
642 4347 712 4415 iam
729 4347 974 4416 concionatur.
1015 4341 1117 4415 Ideo·

134 4471 202 4543 que
218 4449 306 4517 dicit
318 4443 500 4533 Christus,
528 4444 673 4544 Aperite
687 4441 786 4516 mihi
797 4455 926 4542 portos
940 4442 1120 4531 iustieioe,

133 4552 171 4619 id
188 4563 260 4634 est,
277 4549 460 4639 patefacite
477 4547 566 4619 mihi
582 4547 757 4621 Ecclesias
773 4563 807 4619 et
824 4565 963 4627 coetus,
984 4549 1022 4615 in
1039 4547 1120 4638 qni-

134 4653 202 4721 bus
217 4650 354 4720 iusticia
378 4652 447 4720 iam
469 4652 630 4742 fulgebit.
681 4650 758 4720 Vos
779 4647 960 4720 Ecclesiae
982 4649 1121 4718 auditae

134 4747 227 4822 hanc
243 4777 356 4820 meam
371 4755 591 4826 concionem.
642 4750 739 4823 Haec
762 4767 795 4823 et
812 4748 945 4823 Christi
968 4745 1036 4820 voit
1060 4764 1122 4836 εει,

136 4867 171 4924 ει
186 4854 337 4923 aliorum
354 4856 558 4925 docentium
577 4869 612 4925 et
627 4855 884 4926 confitentium.

238 4969 366 5041 Portae
388 4974 587 5064 significant
608 4972 736 5043 usitata
759 4968 984 5063 metaphora,
1010 4972 1121 5062 impe·

138 5073 191 5143 ria
206 5095 273 5140 seu
285 5094 404 5160 regna.
454 5072 502 5145 Et
515 5069 575 5144 bic
588 5075 758 5144 discernit
773 5077 818 5143 ab
840 5073 1001 5164 imperiis
1018 5097 1122 5141 mun-

138 5175 177 5244 di
200 5169 293 5244 hanc
317 5187 472 5265 portam,
498 5177 535 5244 id
558 5171 720 5261 est,·hoc
741 5199 911 5266 regnum,
944 5198 1005 5244 seu
1027 5170 1124 5244 hunc

139 5288 289 5346 coetum.
343 5274 455 5347 Vocat
483 5278 578 5345 enim
606 5291 746 5375 portam
771 5273 949 5360 iu'sticiae,
982 5290 1015 5348 et
1040 5299 1126 5368 por-

1425 2380 1895 2461 verecensis.

1271 2517 1368 2590 Hinc
1387 2520 1496 2612 igitur
1523 2546 1603 2591 vera
1627 2525 1788 2594 definitio
1810 2522 1995 2598 Ecclesiae
2012 2527 2079 2602 Dei
2097 2557 2145 2602 su·
2184 2524 2186 2543 '

1168 2623 1296 2689 menda
1315 2636 1383 2703 est,
1402 2636 1436 2692 et
1461 2624 1802 2715 'repudiandaesunt
1817 2627 1912 2697 aliae
1925 2630 2143 2719 definitiones,

1168 2747 1259 2815 qnae
1276 2746 1351 2791 non
1359 2720 1573 2809 Ecclesiam,
1598 2728 1660 2795 sed
1672 2727 1899 2798 Pontificium
1911 2726 2079 2822 Regnum
2093 2737 2144 2804 de·

1167 2825 1341 2896 scribunt.
1391 2821 1606 2897 Continetnr
1622 2828 1716 2896 enim
1733 2829 1894 2900 definitio
1915 2856 2023 2905 verae
2037 2835 2141 2906 Eccle-

1168 2927 1240 2996 siae
1254 2926 1294 2994 in
1302 2921 1365 2994 'his
1380 2941 1533 3019 quatuor
1548 2929 1726 3015 versibus,
1752 2931 1814 3024 qrsi
1830 2927 1889 3000 hie
1906 2950 2140 3008 contexuntur:

1169 3023 1266 3112 llaec
1289 3041 1340 3097 εει
1361 3041 1462 3119 porta
1485 3024 1651 3114 Domini,
1683 3031 1767 3103 insti
1794 3031 1987 3109 intrabunt
2010 3040 2049 3108 in
2072 3063 2139 3111 nn.

1169 3125 1376 3198 Confitebor
1395 3130 1480 3214 tibi,
1504 3131 1586 3224 quia
1610 3127 1807 3213 humiliasti
1830 3158 1910 3220 me,
1938 3140 2094 3211 etfactns
2114 3163 2140 3208 es

1169 3226 1258 3299 mihi
1276 3230 1314 3298 in
1332 3230 1493 3302 salutem.
1545 3230 1718 3323 Lapidem
1744 3258 1849 3329 quern
1873 3243 2138 3328 reprobaverunt

1170 3333 1411 3418 aedificantes,
1426 3326 1486 3402 hic
1500 3333 1613 3402 factus
1626 3349 1678 3406 est
1692 3334 1730 3404 in
1748 3350 1855 3427 caput
1871 3341 2013 3430 anguli.
2037 3340 2138 3414 Alte

1171 3433 1280 3552 mino·
1303 3434 1435 3504 factum
1462 3447 1514 3506 est
1545 3429 1631 3521 hoc,
1657 3451 1693 3508 et
1724 3439 1888 3507 mirabile
1911 3456 1965 3513 est
1989 3445 2029 3512 in
2049 3444 2139 3515 oculis

1169 3550 1311 3608 nostris.
1381 3606 1384 3613 ,

1272 3651 1469 3724 Definitum
1502 3666 1537 3725 et
1566 3651 1693 3725 titulus
1725 3669 1788 3727 est.
1839 3652 1946 3727 Haec
1975 3669 2028 3731 est
2051 3669 2140 3758 ports

1169 3750 1351 3836 Domini,
1378 3755 1510 3837 idest,
1536 3750 1621 3826 haec
1645 3772 1695 3827 est
1717 3753 1875 3828 Ecclesia
1899 3756 1992 3844 Dei,
2019 3788 2077 3836 seu
2098 3789 2141 3833 re·

1170 3881 1278 3947 gnum
1291 3855 1372 3927 Dei.
1422 3854 1563 3927 Deinde
1579 3859 1740 3951 seqnitur
1757 3882 1887 3950 genus,
1914 3858 2022 3934 Iusti
2041 3865 2141 3935 intro·

1170 3956 1261 4028 bunt
1289 3955 1328 4025 in
1352 3979 1450 4047 eom,
1477 3957 1515 4026 id
1534 3973 1604 4043 est,
1626 3956 1783 4029 Ecclesia
1799 3960 1889 4049 Dei,
1916 3980 1971 4036 est
1989 3968 2142 4039 iustorum

1171 4075 1302 4131 coetus.
1364 4056 1433 4130 Sed
1458 4054 1496 4127 bi
1519 4073 1630 4152 certas
1655 4056 1933 4155 babentnotas,
1969 4082 2142 4140 etcertum

1171 4177 1294 4253 caput,
1329 4174 1364 4231 et
1392 4160 1611 4241 doctrinam,
1645 4187 1715 4256 qua
1739 4166 1997 4240 discernuntur
2018 4174 2062 4241 ab
2081 4171 2145 4241 aliis

1172 4263 1307 4355 regnis,
1334 4256 1466 4331 babent
1489 4275 1523 4332 et
1539 4262 1689 4352 gloriam
1712 4265 1929 4356 singularem
1953 4273 2144 4343 dissimilem

1172 4365 1306 4455 gloriae
1328 4363 1480 4432 aliorum
1504 4363 1747 4454 imperiorum.
1802 4366 1899 4441 Haec
1927 4377 2067 4445 erudite
2087 4390 2147 4448 tra·

1172 4470 1310 4536 duntur
1333 4464 1371 4533 in
1405 4456 1461 4532 his
1486 4465 1658 4547 versibus.
1717 4466 1911 4563 Postquam
1945 4463 2042 4545 enim
2072 4477 2147 4546 dixit

1174 4591 1248 4636 esse
1270 4567 1444 4637 iustorum
1466 4581 1625 4651 coetum,
1659 4569 1797 4639 addidit
1819 4586 1942 4643 notam
1969 4592 2146 4648 ertemem.

1173 4658 1384 4760 Confitebor
1406 4664 1491 4756 tibi,
1523 4665 1614 4764 quia
1634 4661 1853 4741 humiliasti
1873 4698 1948 4757 me,
1982 4686 2016 4746 et
2031 4678 2146 4779 sectus

1175 4794 1211 4840 es
1226 4763 1323 4839 milti
1345 4769 1385 4837 in
1407 4764 1577 4843 salutem.
1631 4764 1732 4841 Talis
1754 4786 1875 4844 coetus
1896 4791 1953 4846 est
1979 4781 2146 4863 iustorum,

1175 4873 1239 4966 qvci
1259 4871 1463 4964 praedicant
1477 4870 1616 4952 Deum,
1642 4867 1775 4944 habent
1791 4890 1926 4946 certum
1943 4885 2100 4966 verbum,
2120 4895 2145 4951 et

1176 4976 1214 5042 in
1240 4973 1459 5043 confessione
1484 4973 1721 5063 adfliguntur,
1755 4991 1931 5048 ettamen
1966 5001 2145 5054 servantur.

1177 5072 1360 5145 Confessio
1378 5075 1494 5154 enim,
1520 5069 1587 5144 hoc
1605 5089 1674 5160 est,
1698 5101 1780 5146 vera
1794 5081 1930 5169 agnitio
1955 5097 1991 5154 et
2010 5088 2144 5157 celebra-

1176 5178 1227 5247 tio
1253 5173 1338 5255 Dei,
1373 5201 1452 5245 cum
1478 5198 1549 5267 qua
1577 5200 1717 5247 necesse
1746 5195 1797 5249 est
1832 5189 2062 5256 coniunctam
2088 5208 2144 5257 esst

1177 5273 1366 5366 Evangelii
1397 5277 1713 5369 praedicationem,
1744 5284 1931 5374 proprium
1967 5306 2092 5360 munus
2117 5300 2142 5354 et

138 5390 211 5448 tam
238 5373 397 5452 Domini.
454 5373 520 5449 Est
555 5364 839 5450 enimEcclesia
868 5399 1021 5469 regnum
1046 5372 1127 5463 Dei,
1180 5379 1367 5473 peculiaris
1384 5390 1468 5448 nota
1482 5392 1533 5448 est
1548 5375 1736 5451 Ecclesiae
