4538 5754
73 270 143 351 idi
654 270 722 352 Ill.
753 270 911 348 lNl'l'IA
935 268 1228 348 DOCTRINAE
1252 270 1491 352 rutslctu
2014 271 2091 349 200

73 436 197 539 peram
228 441 546 523 distributionem,
579 443 849 517 convenientem
870 446 978 517 rebus
993 468 1041 563 ιιι
1082 442 1180 575 'nisi
1202 448 1292 520 sicot
1313 448 1406 518 cient
1426 468 1549 518 caune
1568 444 1753 516 mundae.
1804 441 1894 514 lnde
1915 454 2086 516 extruunt

71 544 271 629 mutus,
294 566 386 639 qnae
408 543 625 615 necessariae
646 559 729 618 sunt
750 547 984 621 adtuendam
1004 571 1060 618 vs-
1108 546 1224 620 Deum
1249 550 1381 642 pariter
1405 572 1543 619 eausam
1565 548 1640 618 esse
1661 547 1836 616 bonarum
1859 543 2088 616 etmalorum

70 660 134 721 tam
149 643 409 717 animantium.
1109 674 1227 720 rerum
1242 666 1276 721 et
1291 652 1481 724 actionum.
1532 646 1581 719 Hi
1598 650 1735 717 furores
1749 645 1945 717 damnandi
1959 657 1994 715 et
2009 666 2089 714 exs-

163 744 400 830 Secundnm,
424 743 525 838 lpsae
546 759 682 818 mentes
699 745 889 818 hominum
923 747 1058 821 intelli·
1107 751 1232 821 eraodi
1247 766 1340 826 sunt.
1383 751 1510 840 Qualis
1524 751 1619 821 enim
1634 749 1701 820 erit
1719 747 1918 832 invocatio,
1943 744 1973 817 si
1989 768 2089 816 mens

68 860 156 940 gont
175 844 303 915 Deum
328 847 507 937 postulare
531 847 791 933 obedientiam,
814 849 909 919 iuxta
932 849 1058 919 discri-
1107 852 1281 924 existimet
1294 852 1408 922 Deum
1425 876 1497 921 non
1513 873 1614 949 posse
1637 848 1809 940 impedire
1824 871 1946 919 causas
1962 868 2090 916 secun-

67 970 149 1019 men
167 940 409 1017 bonestorum
432 960 467 1019 et
487 948 659 1041 turpium.
717 947 827 1019 Curat
850 950 959 1039 igitur
978 972 1056 1030 nos,
1106 952 1193 1022 das?
1220 951 1374 1047 ideoque
1388 953 1499 1025 Stoici
1514 954 1678 1023 dicebant
1692 948 1769 1020 Deo
1785 947 1989 1034 sacrificari,
2013 971 2089 1019 non

65 1048 246 1142 quisvnlt
260 1070 329 1117 nos
341 1061 438 1119 certo
460 1050 587 1119 ordine
602 1049 732 1122 virere.
774 1048 920 1121 Frustra
936 1064 1054 1121 autem
1105 1066 1146 1123 ut
1162 1055 1407 1145 opitularetur,
1430 1057 1491 1124 sed
1508 1069 1547 1125 ut
1563 1075 1628 1125 nos
1644 1076 1709 1142 pro
1726 1050 1906 1143 aliquibus
1919 1048 2086 1119 fatalibus

64 1147 281 1221 instituisset
293 1142 393 1223 hunc
409 1149 585 1237 ordinem,
606 1149 678 1220 nisi
692 1173 828 1242 poenae
842 1153 1056 1222 comitaren·
1105 1154 1211 1223 bonis
1226 1156 1374 1244 gratim
1390 1157 1631 1225 redderemus:
1657 1149 1727 1244 οὐχ
1740 1149 1846 1224 ἕνεκα
1854 1145 1993 1247 χρείας,
2006 1145 2082 1219 ott'

64 1248 379 1323 turviolationem
395 1249 471 1320 eins
484 1250 632 1322 ordinis.
1105 1250 1298 1328 ἀντίδοσιν
1328 1280 1413 1328 τινα
1442 1249 1677 1348 ποιόυμενοι,
1702 1266 1743 1323 ut
1763 1265 1884 1322 narrat
1904 1250 2084 1323 Lucienus

164 1348 359 1436 Tertium,
382 1347 609 1440 Regulariter
628 1365 825 1444 sequuntur
843 1353 975 1424 atrocia
990 1342 1053 1424 de·
1076 1422 1079 1445 ἰ
1104 1356 1318 1447 in'dialogo,
1345 1359 1403 1427 cui
1418 1359 1544 1428 titulus
1565 1372 1631 1428 est:
1657 1354 1793 1449 Iupiter
1814 1354 1996 1423 refutatus.
2032 1351 2083 1421 At

62 1451 167 1536 licta,
191 1462 331 1521 atroces
358 1473 514 1541 poenae,
542 1453 707 1523 videlicet
732 1454 908 1545 periuria,
930 1456 1053 1525 caedes
1076 1456 1079 1466 '
1105 1480 1186 1526 vero
1219 1454 1376 1527 Ecclesia
1403 1455 1520 1528 Deum
1546 1459 1691 1528 invocat
1718 1467 1864 1548 pmpter
1894 1465 2082 1544 utramque

58 1552 231 1637 iniustas,
254 1548 407 1620 incestas
421 1551 601 1637 libidines,
622 1567 661 1624 ut
676 1554 836 1625 omnium
852 1569 1051 1647 temporum
1103 1579 1264 1644 causam,
1290 1574 1326 1630 et
1342 1572 1381 1631 ut
1397 1561 1502 1631 nobis
1523 1583 1626 1650 opem
1647 1560 1756 1642 ferat,
1787 1558 1895 1629 etiam
1915 1578 1995 1623 cum
2018 1554 2083 1621 de·

58 1648 237 1723 historiae
256 1652 469 1737 ostendunt,
495 1654 568 1723 imo
590 1654 798 1725 admiranda
818 1656 917 1745 signa
940 1657 1051 1728 inter·
1101 1659 1253 1728 serimur
1280 1662 1431 1730 acautis
1458 1660 1641 1745 seetsndis,
1686 1672 1721 1731 et
1750 1658 1857 1729 utin
1887 1653 2082 1745 gratiarum
2128 1736 2135 1743 ,

57 1754 242 1825 iacturum
264 1751 474 1842 corporibus
496 1754 669 1829 divinitus
690 1756 809 1828 addita
832 1769 932 1842 sunt,
961 1780 1052 1850 quae
1101 1758 1476 1831 actionetestificemur
1490 1757 1606 1831 Deum
1624 1783 1698 1831 esse
1719 1779 1825 1848 agens
1847 1755 2080 1838 liberrimum,

56 1863 270 1923 monstrant
285 1864 427 1923 autores
451 1855 578 1925 caedis.
628 1853 720 1927 Nam
741 1879 888 1949 corpora
911 1872 1052 1929 mortua
1101 1872 1134 1930 et
1150 1884 1231 1930 vere
1245 1862 1423 1948 exaudire,
1448 1886 1488 1933 ac
1504 1862 1626 1933 iuvare
1635 1857 1830 1932 Ecclesiam
1844 1858 2081 1931 invocantem·

58 1953 209 2024 stillant
223 1974 401 2037 cruorem,
424 1957 564 2024 eumad
589 1979 628 2025 ea
652 1956 786 2027 accedit
800 1971 903 2027 autor
924 1959 1051 2028 caedis.

166 2049 358 2141 Quartum,
383 2049 528 2125 Heroici
544 2069 680 2143 motus,
705 2057 836 2149 quibus
852 2060 1001 2149 imperia
1015 2073 1050 2130 et

57 2166 157 2226 astes
170 2152 431 2238 restituuntur,
455 2156 681 2227 matrifestum
705 2156 946 2230 testimonium
965 2172 1051 2231 sunt

56 2252 284 2347 praesentiae
291 2250 360 2321 Dei
373 2254 468 2324 inter
482 2250 654 2341 homines,
671 2258 887 2328 consulentis
901 2261 1048 2330 utilitati

59 2354 267 2427 bominum.
317 2351 411 2425 Sunt
439 2357 534 2427 enim
558 2352 692 2426 heroici
714 2371 849 2443 motus,
875 2361 1050 2431 excellen-

60 2472 115 2527 tes
135 2470 175 2525 et
199 2452 308 2524 fausti
326 2454 497 2544 impetus,
522 2456 584 2550 qui
600 2471 767 2549 superant
783 2461 874 2529 vires
890 2485 1047 2531 commu-

58 2578 123 2626 nes
135 2550 320 2625 bumanae
334 2568 500 2642 naturae,
524 2571 565 2627 ut
578 2557 783 2628 Alexander
799 2561 939 2630 iuvenis
960 2587 1046 2631 con-

59 2658 144 2749 silio
158 2654 273 2725 vineit
295 2656 570 2743 sapientissimos
583 2681 702 2737 senes,
727 2672 761 2729 et
783 2659 821 2729 io
842 2662 1046 2733 ffimieando

58 2772 111 2828 est
132 2756 253 2827 foelix.
310 2752 454 2828 Cedunt
473 2756 540 2848 ipsi
570 2758 757 2850 praelianti
781 2763 951 2833 exercitos
971 2787 1045 2833 non

57 2858 190 2930 sessuri
204 2855 298 2930 aliis.
348 2853 445 2925 Haec
458 2882 539 2927 cum
554 2859 779 2930 manifestum
796 2863 841 2931 sit
855 2865 1044 2952 gubernari

60 2959 258 3041 divinitus,
288 2957 473 3027 latendum
495 2972 548 3028 est
568 2953 730 3029 homines
744 2960 822 3030 Deo
844 2985 948 3032 curae
961 2988 1043 3035 esse.

58 3063 150 3131 Ideo
174 3055 263 3128 dixit
285 3052 429 3128 Cicero:
467 3057 615 3131 Nullum
637 3083 806 3151 magnum
830 3063 945 3134 virum
970 3067 1044 3135 sine

57 3162 195 3231 adflatu
211 3156 338 3227 divino
357 3159 475 3227 luisse.

163 3257 363 3347 Quintum,
396 3258 676 3349 significationes
695 3285 815 3332 rerum
831 3265 1043 3351 futurarum,

55 3376 94 3432 nt
105 3358 371 3453 praedictiones
392 3359 437 3427 de
457 3360 655 3429 mutatione
674 3386 885 3452 regnorum,
911 3382 945 3437 et
959 3392 1043 3459 pro-

55 3464 151 3553 digis
168 3460 365 3530 ostendunt
382 3481 448 3529 nos
464 3457 541 3531 Deo
561 3483 667 3531 curae
681 3484 766 3532 esse.
816 3463 1041 3539 Denunciant

55 3566 151 3633 enim
172 3562 422 3651 impendentes
444 3561 674 3645 mutationes,
700 3575 735 3633 et
751 3576 792 3635 ut
812 3566 963 3639 sciamus
985 3592 1043 3640 eas

53 3664 129 3735 ieri
142 3660 341 3746 divinitus,
364 3672 399 3732 et
415 3673 456 3732 nt
471 3660 620 3742 moniti,
645 3663 797 3734 consilio
814 3666 933 3760 aliqua
948 3672 1041 3740 mala

53 3765 244 3836 boismns.

152 3861 338 3937 Recensui
374 3873 600 3951 argumenta,
641 3888 794 3958 quorum
822 3868 891 3938 alia
919 3870 1042 3960 magis,

54 3966 125 4037 alia
138 3963 265 4035 minus
283 3962 436 4033 illustria
451 3975 553 4046 sunt,
577 3965 638 4032 sed
659 3979 776 4035 tamen
800 3971 972 4061 quaedam
992 3973 1040 4041 ita

54 4068 154 4139 lienis
171 4077 280 4144 suot,
304 4076 347 4133 nt
360 4063 564 4133 labefactari
578 4086 653 4133 non
669 4067 816 4155 possint.
867 4067 941 4139 Nos
955 4095 1039 4142 vero

54 4191 94 4239 ex
110 4166 278 4239 mutim
296 4160 475 4233 Ecclesiae
488 4163 724 4251 adiungamus
747 4167 950 4239 testimonia
963 4195 1040 4241 cer-

53 4266 197 4341 tissima.
230 4263 325 4335 Nam
345 4265 423 4333 sine
435 4258 491 4334 bis
506 4265 661 4335 assensio
676 4259 831 4339 bumana
848 4270 1039 4342 admodum
1134 4330 1143 4347 .

53 4368 223 4461 languida
242 4372 308 4437 est.

150 4462 369 4539 Aristoteles
381 4458 592 4535 Etbicorum
607 4465 744 4537 decimo
770 4466 835 4554 ait,
855 4491 929 4540 esse
952 4493 1039 4562 pro·

56 4569 273 4647 videatiam,
301 4565 369 4635 etsi
384 4563 509 4637 timide
523 4566 698 4640 adfirmat.
723 4566 766 4638 Si
778 4569 913 4662 inquit:
933 4596 1038 4642 curae

56 4682 136 4743 sont
152 4668 239 4739 neo
255 4686 316 4736 res
335 4659 532 4749 hnmanae,
559 4679 601 4737 nt
620 4667 764 4737 videtur
794 4683 829 4740 et
851 4685 1038 4743 consenta-

54 4794 177 4857 neum,
205 4778 261 4838 est
270 4764 422 4837 maxime
436 4766 471 4835 ei
484 4760 592 4836 curae
606 4781 691 4838 sunt
705 4761 869 4839 bomines
883 4772 1036 4855 iusticia,

11 4856 14 4871 ¹
54 4870 180 4947 etalii·
192 4866 390 4940 virtutibus
404 4867 568 4957 praediti.
683 4856 691 4873 ⁶

148 4967 268 5044 Stoici
287 4960 403 5038 videri
423 4966 591 5039 volebant
612 4967 774 5039 acerrimi
794 4968 1051 5064 propugnato-¹

1410 2066 1471 2137 Dc
1498 2064 1764 2159 contingentia.

1199 2213 1332 2306 Magna
1358 2227 1409 2285 est
1429 2215 1681 2286 dissimilitudo
1715 2235 1835 2283 rerum
1858 2226 1891 2283 et
1915 2225 2077 2283 motuum

1098 2317 1137 2385 in
1151 2310 1217 2387 bac
1229 2331 1301 2388 tote
1316 2317 1442 2386 mundi
1465 2311 1640 2385 machina.
1688 2313 1771 2384 Non
1786 2328 1838 2385 cst
1853 2313 2077 2384 animadver-

1099 2440 1197 2498 sum,
1227 2418 1383 2509 aliquam
1407 2417 1497 2487 coeli
1520 2430 1674 2508 partem,
1714 2429 1886 2485 mutatam
1906 2437 2009 2506 esse,
2042 2429 2078 2485 et

1097 2529 1216 2588 motus
1229 2519 1393 2588 coelestes
1409 2531 1549 2589 serrant
1561 2527 1748 2610 perpetuas
1770 2517 1875 2606 leges.
1926 2510 1977 2587 At
1991 2512 2078 2587 baec

1097 2619 1266 2689 inferiora
1295 2642 1443 2713 corpora
1472 2620 1650 2689 nascentia
1678 2630 1714 2687 et
1736 2616 1931 2688 occidentia
1953 2617 2077 2688 multis

1097 2720 1353 2791 mutationibus
1367 2720 1521 2790 obnoxia
1544 2732 1637 2791 sunt.
1687 2714 1742 2787 Ex
1763 2714 1830 2788 bac
1850 2717 2077 2789 dissimilitu-

1096 2821 1180 2889 dine
1211 2822 1400 2892 extiterunt
1433 2822 1592 2891 diversae
1624 2820 1823 2911 opiniones.
1893 2813 2073 2909 Epicurus

1096 2921 1201 3005 dixit,
1227 2923 1346 2991 omnia
1361 2922 1524 2992 coelestia
1541 2933 1576 2991 et
1590 2920 1699 2990 mixta
1715 2944 1797 2991 casu
1811 2918 1918 3003 oriri,
1943 2921 2073 2989 durare

1095 3021 1359 3113 aliquantisper,
1383 3038 1417 3095 et
1433 3043 1556 3092 rursus
1575 3020 1742 3110 extingui.
1792 3020 1946 3089 Econtra
1961 3017 2075 3090 Stoici

1095 3123 1319 3193 stabilitatem
1336 3124 1537 3194 coelestium
1556 3144 1743 3213 corporum
1762 3133 1796 3190 et
1809 3131 1969 3189 motuum
1987 3143 2074 3190 con·

1094 3223 1309 3304 siderantes,
1335 3224 1501 3293 dixerunt
1523 3224 1643 3293 omnia
1668 3221 1863 3291 necessario
1888 3234 1968 3290 nata
1988 3242 2072 3305 esse,

1095 3339 1128 3396 et
1143 3324 1250 3409 nasci,
1272 3338 1306 3394 et
1320 3348 1395 3393 non
1412 3325 1525 3394 solum
1542 3348 1581 3394 ee
1596 3345 1685 3417 quae
1700 3347 1720 3392 a
1736 3322 1883 3393 materia
1897 3321 2075 3405 oriuntur,

1094 3425 1289 3494 necessario
1310 3426 1408 3495 nasci
1431 3439 1494 3496 aut
1517 3425 1612 3510 fieri,
1650 3425 1709 3494 sed
1742 3423 1847 3495 etiam
1876 3422 2071 3492 necessario

1094 3525 1169 3595 ficri
1185 3525 1340 3596 actiones
1355 3527 1549 3598 voluntatis
1572 3521 1748 3595 humanae
1768 3526 1881 3595 bonas
1896 3535 1932 3592 et
1951 3522 2073 3607 malas,

1093 3638 1127 3694 et
1147 3627 1377 3697 neeessariam
1402 3650 1476 3697 esse
1497 3625 1753 3698 connexionem
1776 3624 1972 3695 voluntatis
2000 3617 2071 3692 hu·

1093 3749 1218 3796 manae
1234 3750 1314 3796 cum
1330 3728 1488 3802 materia.
1536 3723 1586 3799 Et
1604 3721 1697 3795 banc
1716 3714 1975 3796 connexionem
1986 3748 2072 3794 cau-

1092 3850 1209 3896 sarum
1228 3841 1357 3899 vocant
1372 3826 1510 3900 Fatum.
1567 3824 1618 3898 Et
1639 3850 1742 3896 suum
1764 3850 1919 3897 errorem
1944 3826 2074 3896 confir·

1093 3942 1211 4012 soant,
1242 3929 1372 4020 partim
1396 3925 1549 4023 physicis
1572 3929 1805 4017 argumentis,
1836 3928 1965 4018 partim
1995 3927 2073 3995 die·

1091 4029 1235 4105 lecticis.
1298 4025 1492 4127 Physicum
1520 4029 1673 4101 sumitur
1694 4052 1716 4098 a
1737 4029 1958 4100 connexione
1986 4051 2070 4096 cau-

1091 4151 1221 4203 sarum.

1192 4229 1375 4305 Secundae
1406 4254 1529 4306 causae
1566 4254 1642 4302 non
1684 4244 1831 4324 possunt
1859 4250 1960 4317 agere
1992 4226 2069 4296 sine

1091 4353 1216 4419 prima.

1189 4430 1390 4520 Secundae,
1427 4434 1590 4507 videlicet
1617 4432 1782 4504 coelestes
1808 4443 1844 4502 'et
1862 4427 2070 4512 materiales,

1090 4532 1288 4603 necessario
1306 4550 1427 4625 agunt.

1187 4642 1284 4740 Ergo
1299 4663 1332 4722 et
1350 4652 1462 4740 prima
1477 4648 1675 4722 necessario
1700 4649 1784 4738 agit.

1188 4762 1298 4853 ltem,
1324 4763 1461 4840 Omnes
1476 4766 1648 4840 secundae
1670 4766 1866 4839 necessario
1889 4788 2067 4839 connexae

1084 4878 1167 4935 sunt
1184 4890 1265 4938 cnm
1284 4868 1410 4960 prima.

1185 4979 1282 5074 Ergo
1313 4986 1406 5059 inter
1435 5008 1509 5057 sese
1543 4986 1737 5056 necessario
1768 5008 1946 5057 connexae
1972 4999 2067 5056 sunt.

54 5096 104 5145 res
116 5068 382 5187 providentiae.
431 5064 504 5169 Sed
525 5062 565 5137 bi
586 5067 729 5139 vincula
751 5070 922 5144 iniiciunt
944 5072 1035 5159 Deo,
1086 5078 1209 5169 Quare
1223 5100 1258 5157 et
1272 5086 1437 5158 voluntas
1451 5088 1646 5158 neccessario
1662 5111 1818 5158 connexa
1836 5100 1888 5157 est
1903 5109 1983 5156 cum
1991 5109 2069 5156 ma·

57 5198 141 5267 qnae
166 5170 583 5289 providentiammsgna
608 5190 649 5239 ex
673 5184 774 5263 parte
793 5173 958 5245 inutilem
978 5176 1035 5247 is·
1083 5183 1183 5265 teria,
1209 5209 1274 5258 nec
1289 5187 1502 5276 potcstalios
1517 5202 1634 5259 motus
1649 5189 1801 5271 excitare
1814 5184 2068 5259 volontasAn·

59 5274 161 5346 dona
212 5267 484 5374 Alligantemm
497 5267 615 5341 Deum
637 5270 684 5341 sd
705 5294 828 5343 causas
850 5277 1032 5362 mundae,
1084 5285 1194 5375 tonii,
1232 5310 1339 5380 qnam
1368 5302 1409 5361 ut
1439 5288 1662 5363 voluntatem
1690 5290 1785 5373 cient
1816 5286 2066 5361 inclinationes

58 5376 337 5467 etiamen
351 5367 456 5443 aliter
465 5390 583 5461 egere,
595 5380 657 5445 aut
671 5392 816 5449 morere
829 5396 904 5448 non
917 5398 1032 5471 posse,
1081 5387 1266 5461 emeterio
1286 5400 1394 5465 ortae.
