4538 5754
94 268 194 365 ,sss
357 256 567 337 scaram
592 254 669 329 ru.
696 247 812 326 trun
836 247 905 324 an
930 247 1061 325 utsr.
1086 239 1233 319 eaor.
1258 223 1325 313 aa
1350 240 1545 357 runos,
1572 199 1893 322 srucraurrl.
2013 235 2031 283 ‘·
2069 254 2149 326 sao

126 460 205 510 cum
224 435 296 505 suis
312 429 473 505 hostibus
489 428 651 501 Diabolis
668 447 763 510 esse,
788 446 853 495 nec
877 424 960 494 vult
982 441 1047 490 nos
1063 418 1109 487 ab
1161 414 1206 483 de
1221 412 1422 484 actionibus
1436 408 1603 485 humanis
1616 430 1650 487 et
1668 418 1875 503 eventibus,
1900 421 1963 512 qui
1985 415 2149 490 homini-

129 538 215 630 ipsis
230 558 333 628 opem
356 548 484 625 pam·
1161 516 1229 584 bus
1253 515 1441 603 accidunt,
1473 516 1676 609 loquimur,
1705 542 1829 587 causae
1859 521 2066 614 praecipuae
2088 544 2148 591 sex

230 631 560 706 lnDeuteronomio
581 642 614 699 et
632 626 700 696 alia
717 626 889 695 vocabula
904 622 1109 694 recitantur.
1164 614 1441 684 considerandae
1471 630 1570 685 sunt:
1608 613 1784 687 Voluntas
1810 614 1986 700 hominis,
2012 635 2149 712 tempe-

131 737 306 810 Gencrale
340 748 391 804 est
422 730 571 812 Kesem,
604 728 697 821 quod
724 723 893 814 significat
916 722 1112 794 vaticinan-
1164 729 1343 799 ramenta,
1374 727 1485 799 astra,
1514 715 1631 800 Deus,
1657 719 1866 792 etDiaboli.
1902 718 2149 792 ltcmexterna

131 856 220 918 tem,
246 837 341 930 quod
364 845 478 925 potest
501 828 652 916 intelligi
674 828 717 895 do
739 827 923 910 omnibus,
947 821 1010 916 qui
1036 820 1113 889 sine
1165 815 1355 898 violentia,
1381 840 1470 908 quae
1491 818 1607 886 varias
1627 840 1747 887 causas
1771 821 1996 912 impulsionis
2017 818 2148 893 habere

1167 929 1295 1006 potest.
1418 954 1422 959 ·

132 939 245 1009 causis
257 933 411 1028 physicis
426 954 571 1025 quoquo
594 929 700 996 modo
715 927 851 1018 aliquid
867 925 1090 1016 praedicunt.

235 1050 393 1120 Meouen
419 1060 519 1124 sum,
547 1043 609 1135 qui
633 1042 879 1132 supersticiose
903 1054 1016 1111 certos
1042 1035 1116 1104 dies

138 1157 290 1242 eligunt,
316 1162 376 1218 aot
393 1148 517 1216 vitant.

235 1245 407 1321 Menabes
428 1260 512 1315 sunt
534 1242 709 1330 sortilegi,
741 1241 804 1333 qui
825 1265 866 1310 er
887 1240 1025 1331 liguris,
1059 1246 1119 1305 aut

137 1351 312 1435 numeris,
336 1361 395 1418 aut
413 1346 567 1416 sortibus
590 1342 766 1414 divinant.

239 1461 439 1556 Micaseph,
473 1485 616 1552 magus,
655 1459 720 1550 qui
751 1457 936 1527 diabolicis
971 1454 1119 1546 praesti-

138 1569 205 1657 giis
235 1568 341 1636 elficit
373 1564 530 1656 aliquid,
564 1575 604 1632 ut
632 1558 764 1628 fiebant
784 1582 804 1626 a
828 1555 991 1629 Diabolis
1013 1578 1120 1644 opera

137 1690 319 1756 magorum
330 1663 638 1758 Aegyptiacorum,
666 1659 730 1750 qui
748 1671 951 1749 serpentum
965 1656 1117 1746 speciem

141 1768 350 1838 efficiebant.

242 1882 385 1965 Hober,
411 1881 473 1972 qui
498 1876 665 1948 divinant
681 1899 721 1944 ex
743 1875 832 1945 coeli
854 1875 1033 1965 partibus,
1060 1885 1121 1942 aut

141 1984 315 2072 auguriis,
340 1996 400 2051 aut
418 1982 530 2048 abusu
547 1977 729 2046 doctrinae
749 1979 793 2045 de
817 1975 940 2059 astris,
962 1988 1003 2043 ut
1018 1972 1121 2041 multi

141 2087 349 2174 impostores
372 2083 531 2150 referunt
552 2081 596 2147 ad
626 2091 717 2146 astra
740 2088 905 2157 eventus,
931 2075 993 2167 qui
1016 2094 1121 2162 pror-

140 2206 199 2252 sus
224 2184 341 2254 nullas
367 2177 502 2251 habent
523 2199 661 2261 causas,
702 2189 764 2246 aut
789 2174 1058 2264 significationes
1081 2173 1120 2240 in

143 2285 257 2356 astris.

242 2380 301 2454 Ab
317 2380 372 2452 his
388 2380 569 2472 speciebus
590 2375 756 2445 omnibus
777 2395 1016 2443 removeamus
1029 2369 1119 2465 phy-

144 2486 233 2553 sicas
249 2484 502 2571 predictiones,
526 2500 615 2567 quac
637 2490 720 2545 sunt
746 2476 858 2563 reipsa
884 2475 1119 2543 consideratio

142 2584 278 2652 ordinis
299 2582 413 2651 divini
433 2583 472 2648 in
496 2592 634 2647 natura.
692 2573 923 2644 Manifestum
952 2588 1003 2642 est
1027 2574 1121 2640 enirn

143 2683 298 2773 praedici
313 2703 433 2773 posse,
459 2691 622 2749 aestatem
644 2675 802 2745 futuram
830 2696 904 2753 esse
938 2674 1118 2743 sicciorem

142 2797 203 2854 aut
225 2778 480 2867 humidiorem,
505 2790 649 2871 propter
671 2776 825 2868 aliquam
849 2796 1011 2864 magnam
1036 2797 1121 2842 con·

142 2885 373 2957 iunctionem.

243 2998 335 3071 Cum
367 2998 477 3089 igitur
504 2995 739 3067 consideratio
769 2992 907 3064 ordinis
941 2991 1055 3061 divini
1084 2990 1122 3057 in

142 3115 288 3186 natura,
325 3116 366 3171 ut
390 3098 645 3191 praedictiones
675 3095 848 3177 medicae,
889 3094 935 3162 sit
953 3116 1008 3161 rcs
1037 3114 1122 3158 con-

143 3222 254 3282 cessa,
283 3201 508 3270 manilestum
530 3211 583 3268 est
611 3211 646 3268 et
666 3194 911 3283 astrologicae,
945 3215 1025 3261 cum
1048 3214 1123 3258 rne-

144 3316 199 3370 tae
211 3297 376 3393 physicae
391 3309 596 3379 servantur,
622 3314 802 3364 concessas
823 3314 908 3361 esse.

246 3412 365 3500 Quare
379 3427 413 3483 et
428 3414 466 3481 in
483 3411 617 3482 Genesi
638 3411 677 3478 io
694 3409 806 3499 capite
821 3408 936 3500 primo
953 3407 1122 3496 scriptum

146 3527 219 3598 est,
246 3511 375 3583 Stellas
389 3536 463 3581 non
477 3524 614 3583 tantum
636 3509 796 3579 conditas
819 3530 911 3592 esse,
939 3519 980 3576 ut
1000 3529 1124 3590 annos,

145 3613 221 3682 dics
252 3626 288 3683 et
318 3635 455 3682 menses
492 3612 715 3695 discernant,
755 3608 953 3679 sedetiam
982 3620 1024 3677 ut
1051 3606 1124 3676 sint

145 3714 254 3800 signa.
305 3711 396 3783 Cum
424 3712 532 3802 igitur
554 3709 650 3781 Deus
675 3709 759 3780 velit
782 3732 822 3779 ea
844 3731 963 3778 rerum
986 3707 1124 3799 aliqua-

144 3835 225 3880 rum
242 3814 341 3904 signa
364 3837 458 3898 esse,
483 3813 707 3882 considerare
732 3811 772 3878 in
796 3807 1028 3900 experientia,
1060 3806 1124 3898 qui

147 3926 293 3983 eventus
310 3913 563 4003 significentur,
591 3933 793 3983 concessum
808 3924 871 3982 est.

249 4025 355 4116 Quod
373 4051 455 4096 vero
472 4029 704 4119 scriptumest
720 4026 758 4093 in
775 4022 942 4093 Ieremia:
969 4021 1002 4089 A
1016 4021 1124 4109 signis

148 4127 238 4198 coeli
256 4131 368 4201 nolite
382 4129 517 4212 timere,
543 4122 612 4196 hoc
627 4127 704 4215 ipso
722 4124 816 4193 dicto
832 4122 950 4213 potius
966 4145 1022 4190 ars
1037 4145 1124 4190 con-

148 4231 319 4304 lirmatur.
368 4226 479 4298 Vocat
505 4226 599 4294 enim
622 4227 739 4313 signa,
774 4222 909 4315 aliquid
933 4222 1042 4310 igitur
1063 4223 1123 4290 de-

148 4329 331 4404 nunciant.
388 4327 459 4401 Sed
489 4324 679 4397 Ecclesiam
700 4323 796 4395 Deus
825 4323 1045 4407 consoletur,
1078 4345 1124 4392 ne

148 4428 188 4495 in
212 4430 466 4499 calamitatibus
488 4427 626 4516 generis
646 4420 816 4506 humani,
842 4445 878 4492 se
900 4446 1041 4516 quoque
1066 4423 1124 4490 iu-

149 4528 332 4596 terituram
356 4551 429 4598 esse
450 4528 642 4611 existimet,
672 4526 732 4595 sed
757 4524 843 4595 sciat
864 4546 900 4592 se
919 4522 996 4591 Deo
1019 4546 1123 4593 curae

152 4647 241 4711 esse,
267 4649 303 4696 se
317 4628 474 4697 exaudiri
496 4642 530 4698 et
547 4627 696 4705 servari,
724 4625 827 4693 etiarn
852 4646 932 4691 cum
956 4622 1126 4693 deficiunt

151 4748 274 4795 causae
287 4728 470 4796 secundae.
510 4726 568 4797 Sic
582 4751 661 4797 cum
676 4723 773 4794 Deus
787 4719 953 4815 prohibet
967 4744 1033 4791 nos
1045 4745 1124 4792 suc-

150 4827 315 4895 cumbere
338 4826 455 4895 dolori
477 4825 516 4893 in
537 4839 669 4911 morte,
694 4848 768 4895 non
791 4820 858 4895 hoc
881 4822 1005 4906 sentit,
1030 4819 1124 4892 nihil

151 4924 234 4992 mali
251 4949 324 4995 esse
339 4939 507 5005 mortem,
530 4925 590 4993 sed
606 4924 689 5018 quia
705 4948 760 4993 res
774 4920 953 4993 horrenda
969 4933 1039 5008 εει,
1059 4947 1124 5013 op-

150 5023 253 5111 ponit
284 5025 580 5109 consolationem,
625 5039 659 5095 et
698 5024 868 5094 auxilium
902 5022 1007 5093 uobis
1042 5047 1125 5115 pro-

151 5122 271 5195 mittit.

250 5220 320 5295 Sed
335 5219 395 5292 hic
410 5242 549 5292 neccsse
564 5234 616 5292 cst
629 5223 733 5293 simul
747 5225 879 5309 doceri,
903 5246 1125 5317 nequaquam

149 5346 270 5396 omncs
285 5335 430 5395 eventus
445 5324 490 5395 ad
508 5337 599 5396 astra
620 5324 821 5397 referendos
842 5347 935 5413 esse,
959 5325 1020 5394 sed
1044 5347 1125 5395 cum

1269 1014 1375 1103 Quod
1400 1012 1499 1084 Paris
1520 1018 1668 1087 abduxit
1690 1016 1882 1104 Helenam,
1916 1046 1990 1092 non
2015 1025 2146 1107 stellae,

1167 1117 1229 1185 sed
1254 1116 1293 1183 in
1314 1131 1464 1208 utroque
1488 1119 1651 1188 voluntas
1673 1122 1814 1209 proprie
1847 1145 1950 1192 causa
1981 1138 2041 1196 est.
2101 1121 2151 1193 Ει

1168 1216 1369 1286 voluntates
1401 1239 1561 1287 accensas
1593 1219 1745 1310 impellit
1765 1220 1948 1293 Diabolus.
2006 1222 2150 1295 Poterat

1170 1327 1286 1385 autem
1307 1317 1471 1387 voluntas
1492 1319 1532 1386 in
1553 1316 1680 1388 Paride
1710 1343 1832 1389 revera
1852 1345 1889 1390 se
1918 1324 2076 1409 frenare,
2110 1349 2150 1391 ac

1170 1417 1343 1506 imperare
1364 1417 1550 1498 membris,
1576 1443 1622 1487 ne
1647 1420 1798 1489 alienam
1824 1424 2051 1495 abducerent.
2102 1420 2152 1493 Et

1170 1514 1307 1585 Helena
1329 1518 1507 1587 adversari
1537 1519 1673 1608 potuit,
1703 1544 1744 1589 ac
1767 1523 1940 1612 imperare
1971 1525 2153 1609 membris,

1171 1640 1216 1685 ne
1229 1611 1416 1686 moechum
1432 1632 1673 1710 sequerentur.

1274 1714 1568 1807 Temperamenta
1589 1720 1628 1787 in
1649 1721 1771 1789 multis
1799 1723 2004 1793 manifestae
2029 1748 2152 1795 causae

1172 1828 1257 1887 sunt
1273 1818 1501 1904 morborum,
1523 1820 1608 1888 item
1635 1821 1908 1890 inclinationum
1930 1826 1974 1892 ad
2000 1838 2092 1894 artes
2118 1840 2153 1893 et

1172 1919 1217 1986 ad
1233 1916 1389 1985 actiones
1414 1920 1580 1987 morales:
1608 1934 1649 1990 ut
1664 1915 1703 1988 bi
1726 1922 1913 2014 inquibus
1935 1925 2077 2014 copiosa
2100 1939 2152 1992 est

1172 2032 1248 2087 atra
1274 2017 1375 2100 bilis,
1412 2033 1604 2109 quartanae
1632 2021 1721 2089 febri
1749 2023 1859 2109 magis
1884 2024 2031 2092 obnoxii
2057 2039 2152 2094 sunt.

1173 2116 1249 2186 Alii
1266 2117 1305 2185 in
1321 2116 1452 2209 quihus
1467 2119 1608 2210 copiosa
1624 2133 1677 2190 est
1695 2123 1801 2190 rubra
1818 2123 1920 2210 bilis,
1947 2124 2153 2193 iracundio-

1172 2240 1228 2285 res
1249 2231 1343 2286 sunt.
1402 2219 1496 2301 Alii,
1528 2221 1567 2286 iu
1589 2221 1719 2311 quibus
1740 2235 1931 2311 temperata
1960 2225 2067 2293 erasis
2089 2238 2153 2306 est,

1172 2317 1354 2386 declinans
1382 2318 1426 2387 ad
1448 2315 1759 2404 melancholicam,
1791 2322 1902 2411 magis
1925 2323 2045 2393 idonei
2069 2339 2153 2394 sunt

1172 2420 1216 2487 ad
1234 2415 1477 2508 percipiendas
1493 2433 1595 2489 artes.

1274 2513 1354 2585 Etsi
1390 2531 1506 2586 autem
1534 2533 1806 2611 temperamenta
1835 2521 1970 2613 aliquid
2008 2536 2154 2591 sumunt

1173 2616 1362 2701 asemine,
1388 2612 1456 2687 hoc
1479 2632 1547 2705 est,
1573 2620 1728 2712 aliquam
1743 2634 1930 2710 parentum
1948 2621 2155 2692 similitudi-

1174 2743 1256 2786 nem
1281 2717 1456 2801 referunt,
1486 2733 1604 2789 tamen
1627 2721 1756 2790 variari
1778 2745 1817 2790 ea
1848 2722 2065 2793 astellarum
2089 2747 2155 2813 po·

1175 2821 1260 2903 situ,
1293 2819 1614 2888 manifestissimum
1642 2834 1703 2889 est.
1760 2818 1844 2890 ldeo
1875 2844 1976 2914 saepe
1995 2823 2155 2905 fratrum,

1175 2918 1311 2990 etiamsi
1326 2919 1621 2989 lineamentorum
1645 2921 1842 2990 similitudo
1865 2936 1936 3006 est,
1960 2935 2079 2993 tamen
2097 2925 2155 2991 iu-

1174 3020 1294 3110 genio,
1327 3033 1361 3089 et
1384 3042 1499 3089 mores
1522 3021 1716 3112 plurimum
1739 3019 1930 3093 differuntl
1980 3020 2067 3093 ltem
2091 3046 2154 3115 pa-

1175 3121 1239 3190 tris
1264 3131 1300 3188 et
1325 3121 1402 3191 filii.
1447 3117 1634 3191 Excellens
1654 3122 1767 3191 virtus
1782 3123 1851 3191 fuit
1865 3120 2043 3215 Scipionis
2056 3118 2155 3194 Afri-

1175 3221 1253 3291 cani
1271 3219 1479 3309 superioris,
1506 3216 1602 3289 haud
1628 3222 1736 3290 dubie
1755 3235 1899 3312 propter
1924 3223 2080 3316 aliquam
2095 3246 2156 3294 su-

1175 3323 1354 3414 periorum
1379 3317 1608 3390 Plancturum
1643 3322 1940 3395 coniunctionem.
2002 3322 2045 3393 ln
2080 3326 2155 3395 filio

1174 3446 1258 3491 vero
1275 3434 1449 3507 magnast
1466 3421 1625 3511 corporis
1646 3433 1681 3490 et
1703 3423 1812 3489 animi
1835 3422 2060 3495 imbecillitas
2077 3426 2157 3498 suit.

1177 3517 1230 3592 Ac
1245 3520 1568 3590 manifestissimum
1586 3535 1654 3604 est,
1677 3525 1807 3591 robore
1822 3546 2030 3613 corporum,
2057 3527 2157 3613 inge-

1175 3623 1245 3692 niis
1260 3636 1292 3692 et
1308 3622 1465 3690 moribus
1481 3644 1581 3712 saepe
1596 3621 1783 3692 dissimiles
1800 3645 1874 3692 esse
1888 3625 2031 3709 fratres,
2055 3628 2157 3696 cuius

1174 3721 1477 3793 dissimilitudinis
1496 3745 1636 3792 causam
1668 3723 1707 3790 in
1731 3724 1848 3812 positu
1872 3738 2046 3795 astrorum
2069 3750 2157 3795 con·

1176 3823 1264 3917 spici
1293 3845 1366 3890 non
1388 3823 1537 3890 dubium
1560 3836 1621 3895 est.
1682 3821 1730 3893 Ut
1753 3824 2014 3912 supradictum
2037 3839 2090 3897 cst
2112 3830 2157 3896 de

1174 3917 1379 3991 marchione
1401 3918 1560 3990 Iohanne
1578 3924 1725 3992 Alberto
1747 3924 2024 4009 valetudinario,
2057 3927 2158 3997 cuius

1174 4026 1283 4093 irater
1306 4021 1475 4091 Albertus
1508 4024 1581 4092 dux
1609 4021 1792 4106 Prussiae,
1834 4047 2038 4117 quanquam
2070 4041 2157 4098 natu

1176 4124 1308 4205 maior,
1334 4135 1367 4190 et
1386 4137 1549 4212 expertus
1565 4123 1735 4192 maiorem
1757 4125 1920 4193 fortunae
1940 4126 2159 4212 varietatem,

1175 4239 1294 4296 tamen
1311 4224 1512 4293 valetudine
1528 4223 1627 4293 firma
1646 4238 1716 4308 est,
1740 4238 1775 4295 et
1794 4248 1898 4295 senex
1914 4219 2029 4295 adhuc
2046 4228 2159 4298 robur

1176 4322 1281 4396 habet
1298 4323 1463 4397 militare.

1277 4421 1321 4491 lu
1343 4426 1503 4493 moribus
1525 4437 1560 4494 et
1583 4424 1713 4494 artium
1738 4426 1864 4495 studiis
1892 4426 2026 4518 aliquid
2051 4427 2157 4498 etiam

1175 4526 1314 4595 variant
1329 4524 1489 4593 educatio
1513 4538 1548 4595 ει
1565 4524 1763 4616 disciplina.
1814 4524 1884 4596 Sed
1905 4520 1990 4596 haec
2014 4527 2086 4597 duo
2112 4532 2157 4598 ad

1176 4629 1267 4719 prim
1273 4647 1331 4692 um
1345 4625 1542 4715 pertinent,
1565 4626 1699 4696 scilicet
1713 4629 1757 4695 ad
1773 4626 2003 4696 voluntatem.

1264 4719 1344 4792 *Dei
1367 4726 1535 4795 beneficia
1560 4727 1747 4816 peculiaria
1770 4727 1881 4797 multa
1912 4727 2059 4798 suntin
2078 4751 2159 4797 om-

1175 4825 1276 4894 nium
1304 4819 1491 4895 homiuum
1515 4826 1608 4910 vita,
1631 4848 1672 4895 ac
1693 4828 1896 4916 praesertim
1929 4829 2087 4917 piorum,
2120 4845 2161 4900 ut

1176 4926 1272 5019 quod
1294 4922 1429 4994 Moises
1447 4939 1628 5005 servatur,
1660 4928 1862 5019 quanquam
1887 4928 1957 4995 iam
1981 4929 2021 4997 io
2041 4931 2159 4999 undas

1176 5026 1353 5108 abiectus,
1378 5049 1452 5095 non
1469 5027 1512 5094 ad
1538 5024 1655 5094 stellas
1675 5027 1868 5109 referatur,
1894 5030 1955 5096 sed
1976 5029 2158 5116 singulare

1177 5124 1243 5194 Dei
1264 5125 1473 5194 banelicium
1493 5126 1741 5198 esseducatur.
1792 5125 1846 5198 Ac
1871 5129 2022 5199 sciamus
2039 5128 2158 5200 Deum

1176 5248 1278 5315 saepe
1307 5224 1555 5294 invocantibus
1576 5248 1680 5316 opem
1705 5226 1817 5312 ferre,
1853 5250 1933 5295 cum
1952 5252 1972 5297 a
1994 5230 2160 5300 secundis

1176 5325 1289 5395 causis
1311 5323 1555 5412 destituimur,
1586 5348 1687 5419 saepe
1706 5327 1811 5399 ctiam
1834 5329 2007 5401 secundas
2029 5353 2192 5423 causas„
