<?xml version="1.0" encoding="UTF-8"?>
<!DOCTYPE html PUBLIC "-//W3C//DTD XHTML 1.0 Transitional//EN"
    "http://www.w3.org/TR/xhtml1/DTD/xhtml1-transitional.dtd">
<html xmlns="http://www.w3.org/1999/xhtml" xml:lang="en" lang="en">
 <head>
  <title>
</title>
<meta http-equiv="Content-Type" content="text/html;charset=utf-8" />
  <meta name='ocr-system' content='tesseract 3.04.00' />
  <meta name='ocr-capabilities' content='ocr_page ocr_carea ocr_par ocr_line ocrx_word'/>
</head>
<body>
  <div class='ocr_page' id='page_1' title='image "./corpusreformato11melagoog_0559.png"; bbox 0 0 4538 5754; ppageno 0'>
   <div class='ocr_carea' id='block_1_1' title="bbox 120 210 2140 295">
    <p class='ocr_par' dir='ltr' id='par_1_1' title="bbox 120 210 2140 295">
     <span class='ocr_line' id='line_1_1' title="bbox 120 210 2140 295; baseline 0.002 -5"><span class='ocrx_word' id='word_1_1' title='bbox 120 214 217 291; x_wconf 83' lang='lat'><strong>1095</strong></span> <span class='ocrx_word' id='word_1_2' title='bbox 711 212 836 287; x_wconf 86' lang='lat' dir='ltr'><strong>PlllL.</strong></span> <span class='ocrx_word' id='word_1_3' title='bbox 864 210 980 286; x_wconf 82' lang='lat' dir='ltr'><strong>MEL.</strong></span> <span class='ocrx_word' id='word_1_4' title='bbox 1004 211 1216 287; x_wconf 77' lang='lat' dir='ltr'><strong>SCRIPTA</strong></span> <span class='ocrx_word' id='word_1_5' title='bbox 1240 210 1542 289; x_wconf 85' lang='lat' dir='ltr'><strong>EXEGETICA.</strong></span> <span class='ocrx_word' id='word_1_6' title='bbox 2049 222 2140 295; x_wconf 78' lang='lat' dir='ltr'><strong>tous</strong></span> 
     </span>
    </p>
   </div>
   <div class='ocr_carea' id='block_1_2' title="bbox 119 379 2140 507">
    <p class='ocr_par' dir='ltr' id='par_1_2' title="bbox 119 379 2140 507">
     <span class='ocr_line' id='line_1_2' title="bbox 119 379 2140 507; baseline 0.003 -48"><span class='ocrx_word' id='word_1_7' title='bbox 119 412 215 473; x_wconf 89' lang='lat' dir='ltr'><strong>ram,</strong></span> <span class='ocrx_word' id='word_1_8' title='bbox 232 387 460 457; x_wconf 85' lang='lat' dir='ltr'><strong>necessariam</strong></span> <span class='ocrx_word' id='word_1_9' title='bbox 478 399 513 455; x_wconf 92' lang='lat' dir='ltr'><strong>et</strong></span> <span class='ocrx_word' id='word_1_10' title='bbox 526 385 712 454; x_wconf 87' lang='lat' dir='ltr'><strong>salutarem</strong></span> <span class='ocrx_word' id='word_1_11' title='bbox 729 385 928 455; x_wconf 83' lang='lat' dir='ltr'><strong>doctrinam</strong></span> <span class='ocrx_word' id='word_1_12' title='bbox 943 410 1018 457; x_wconf 90' lang='lat' dir='ltr'><strong>non</strong></span> <span class='ocrx_word' id='word_1_13' title='bbox 1034 408 1107 456; x_wconf 89' lang='lat' dir='ltr'><strong>esse</strong></span> <span class='ocrx_word' id='word_1_14' title='bbox 1129 379 1135 507; x_wconf 61' lang='lat' dir='ltr'><strong>l</strong></span> <span class='ocrx_word' id='word_1_15' title='bbox 1157 388 1347 459; x_wconf 86' lang='lat' dir='ltr'><strong>constituta</strong></span> <span class='ocrx_word' id='word_1_16' title='bbox 1362 390 1529 458; x_wconf 90' lang='lat' dir='ltr'><strong>mandato</strong></span> <span class='ocrx_word' id='word_1_17' title='bbox 1545 385 1634 471; x_wconf 84' lang='lat' dir='ltr'><strong>Dei,</strong></span> <span class='ocrx_word' id='word_1_18' title='bbox 1660 402 1753 459; x_wconf 88' lang='lat' dir='ltr'><strong>recte</strong></span> <span class='ocrx_word' id='word_1_19' title='bbox 1769 390 1932 480; x_wconf 84' lang='lat' dir='ltr'><strong>fungitur</strong></span> <span class='ocrx_word' id='word_1_20' title='bbox 1947 393 2140 466; x_wconf 88' lang='lat' dir='ltr'><strong>ministerio</strong></span> 
     </span>
    </p>
   </div>
   <div class='ocr_carea' id='block_1_3' title="bbox 36 484 2193 5481">
    <p class='ocr_par' dir='ltr' id='par_1_3' title="bbox 36 484 2193 5481">
     <span class='ocr_line' id='line_1_3' title="bbox 121 484 2141 582; baseline 0.003 -22"><span class='ocrx_word' id='word_1_21' title='bbox 121 491 367 560; x_wconf 90' lang='lat' dir='ltr'><strong>abiiciendam.</strong></span> <span class='ocrx_word' id='word_1_22' title='bbox 424 486 525 557; x_wconf 92' lang='lat' dir='ltr'><strong>Hanc</strong></span> <span class='ocrx_word' id='word_1_23' title='bbox 554 486 663 576; x_wconf 89' lang='lat' dir='ltr'><strong>igitur</strong></span> <span class='ocrx_word' id='word_1_24' title='bbox 694 486 845 557; x_wconf 87' lang='lat' dir='ltr'><strong>fideliter</strong></span> <span class='ocrx_word' id='word_1_25' title='bbox 874 487 1049 559; x_wconf 78' lang='lat' dir='ltr'><strong>retineant</strong></span> <span class='ocrx_word' id='word_1_26' title='bbox 1075 499 1110 557; x_wconf 89' lang='lat' dir='ltr'><strong>et</strong></span> <span class='ocrx_word' id='word_1_27' title='bbox 1158 485 1386 582; x_wconf 90' lang='lat' dir='ltr'><strong>prophetico,</strong></span> <span class='ocrx_word' id='word_1_28' title='bbox 1411 484 1517 559; x_wconf 89' lang='lat' dir='ltr'><strong>habet</strong></span> <span class='ocrx_word' id='word_1_29' title='bbox 1538 485 1739 580; x_wconf 75' lang='lat' dir='ltr'><strong>Prophetas</strong></span> <span class='ocrx_word' id='word_1_30' title='bbox 1763 509 1858 564; x_wconf 85' lang='lat' dir='ltr'><strong>recte</strong></span> <span class='ocrx_word' id='word_1_31' title='bbox 1879 494 2052 566; x_wconf 88' lang='lat' dir='ltr'><strong>docentes</strong></span> <span class='ocrx_word' id='word_1_32' title='bbox 2072 523 2141 568; x_wconf 87' lang='lat' dir='ltr'><strong>ver·</strong></span> 
     </span>
     <span class='ocr_line' id='line_1_4' title="bbox 121 587 1538 681; baseline 0.001 -19"><span class='ocrx_word' id='word_1_33' title='bbox 121 617 196 662; x_wconf 89' lang='lat' dir='ltr'><strong>non</strong></span> <span class='ocrx_word' id='word_1_34' title='bbox 215 606 362 662; x_wconf 88' lang='lat' dir='ltr'><strong>mutent.</strong></span> <span class='ocrx_word' id='word_1_35' title='bbox 414 587 539 660; x_wconf 87' lang='lat' dir='ltr'><strong>Postea</strong></span> <span class='ocrx_word' id='word_1_36' title='bbox 554 589 584 657; x_wconf 92' lang='lat' dir='ltr'><strong>si</strong></span> <span class='ocrx_word' id='word_1_37' title='bbox 600 612 670 681; x_wconf 91' lang='lat' dir='ltr'><strong>qua</strong></span> <span class='ocrx_word' id='word_1_38' title='bbox 687 589 741 658; x_wconf 91' lang='lat' dir='ltr'><strong>vis</strong></span> <span class='ocrx_word' id='word_1_39' title='bbox 756 592 926 660; x_wconf 91' lang='lat' dir='ltr'><strong>adversus</strong></span> <span class='ocrx_word' id='word_1_40' title='bbox 950 614 1009 660; x_wconf 88' lang='lat' dir='ltr'><strong>eos</strong></span> <span class='ocrx_word' id='word_1_41' title='bbox 1032 612 1110 659; x_wconf 90' lang='lat' dir='ltr'><strong>sus-</strong></span> <span class='ocrx_word' id='word_1_42' title='bbox 1160 594 1245 662; x_wconf 91' lang='lat' dir='ltr'><strong>bum</strong></span> <span class='ocrx_word' id='word_1_43' title='bbox 1261 590 1349 675; x_wconf 91' lang='lat' dir='ltr'><strong>Dei,</strong></span> <span class='ocrx_word' id='word_1_44' title='bbox 1375 590 1538 678; x_wconf 88' lang='lat' dir='ltr'><strong>irrigant.</strong></span> 
     </span>
     <span class='ocr_line' id='line_1_5' title="bbox 120 687 2144 786; baseline 0.002 -23"><span class='ocrx_word' id='word_1_45' title='bbox 120 695 273 786; x_wconf 76' lang='lat' dir='ltr'><strong>cipitur,</strong></span> <span class='ocrx_word' id='word_1_46' title='bbox 298 694 453 783; x_wconf 89' lang='lat' dir='ltr'><strong>primum</strong></span> <span class='ocrx_word' id='word_1_47' title='bbox 471 704 592 783; x_wconf 88' lang='lat' dir='ltr'><strong>petant</strong></span> <span class='ocrx_word' id='word_1_48' title='bbox 611 704 644 760; x_wconf 92' lang='lat' dir='ltr'><strong>et</strong></span> <span class='ocrx_word' id='word_1_49' title='bbox 661 705 841 781; x_wconf 82' lang='lat' dir='ltr'><strong>expectent</strong></span> <span class='ocrx_word' id='word_1_50' title='bbox 858 716 877 760; x_wconf 93' lang='lat' dir='ltr'><strong>a</strong></span> <span class='ocrx_word' id='word_1_51' title='bbox 893 687 978 762; x_wconf 86' lang='lat' dir='ltr'><strong>Deo</strong></span> <span class='ocrx_word' id='word_1_52' title='bbox 992 692 1111 762; x_wconf 89' lang='lat' dir='ltr'><strong>consi·</strong></span> <span class='ocrx_word' id='word_1_53' title='bbox 1262 692 1418 765; x_wconf 86' lang='lat' dir='ltr'><strong>Usitatae</strong></span> <span class='ocrx_word' id='word_1_54' title='bbox 1436 707 1520 763; x_wconf 87' lang='lat' dir='ltr'><strong>sunt</strong></span> <span class='ocrx_word' id='word_1_55' title='bbox 1542 693 1731 782; x_wconf 82' lang='lat' dir='ltr'><strong>allegoriae</strong></span> <span class='ocrx_word' id='word_1_56' title='bbox 1756 696 1872 765; x_wconf 80' lang='lat' dir='ltr'><strong>dicere</strong></span> <span class='ocrx_word' id='word_1_57' title='bbox 1890 697 2033 783; x_wconf 82' lang='lat' dir='ltr'><strong>sontes,</strong></span> <span class='ocrx_word' id='word_1_58' title='bbox 2057 698 2144 768; x_wconf 91' lang='lat' dir='ltr'><strong>rivu-</strong></span> 
     </span>
     <span class='ocr_line' id='line_1_6' title="bbox 124 789 1910 888; baseline 0.001 -22"><span class='ocrx_word' id='word_1_59' title='bbox 124 798 171 866; x_wconf 92' lang='lat' dir='ltr'><strong>lia</strong></span> <span class='ocrx_word' id='word_1_60' title='bbox 187 810 222 868; x_wconf 82' lang='lat' dir='ltr'><strong>et</strong></span> <span class='ocrx_word' id='word_1_61' title='bbox 238 794 496 866; x_wconf 78' lang='lat' dir='ltr'><strong>defensionem:</strong></span> <span class='ocrx_word' id='word_1_62' title='bbox 524 793 655 862; x_wconf 89' lang='lat' dir='ltr'><strong>deinde</strong></span> <span class='ocrx_word' id='word_1_63' title='bbox 671 793 825 883; x_wconf 76' lang='lat' dir='ltr'><strong>cogitent</strong></span> <span class='ocrx_word' id='word_1_64' title='bbox 840 792 970 886; x_wconf 91' lang='lat' dir='ltr'><strong>quibus</strong></span> <span class='ocrx_word' id='word_1_65' title='bbox 984 789 1112 864; x_wconf 90' lang='lat' dir='ltr'><strong>huma·</strong></span> <span class='ocrx_word' id='word_1_66' title='bbox 1162 795 1238 883; x_wconf 88' lang='lat' dir='ltr'><strong>los,</strong></span> <span class='ocrx_word' id='word_1_67' title='bbox 1264 819 1328 888; x_wconf 89' lang='lat' dir='ltr'><strong>pro</strong></span> <span class='ocrx_word' id='word_1_68' title='bbox 1346 795 1508 867; x_wconf 88' lang='lat' dir='ltr'><strong>doctrina</strong></span> <span class='ocrx_word' id='word_1_69' title='bbox 1525 809 1558 867; x_wconf 89' lang='lat' dir='ltr'><strong>et</strong></span> <span class='ocrx_word' id='word_1_70' title='bbox 1576 820 1725 866; x_wconf 91' lang='lat' dir='ltr'><strong>munere</strong></span> <span class='ocrx_word' id='word_1_71' title='bbox 1741 799 1910 875; x_wconf 88' lang='lat' dir='ltr'><strong>docendi.</strong></span> 
     </span>
     <span class='ocr_line' id='line_1_7' title="bbox 123 892 2145 994; baseline 0.002 -27"><span class='ocrx_word' id='word_1_72' title='bbox 123 899 180 967; x_wconf 90' lang='lat' dir='ltr'><strong>nis</strong></span> <span class='ocrx_word' id='word_1_73' title='bbox 205 897 388 990; x_wconf 83' lang='lat' dir='ltr'><strong>praesidiis</strong></span> <span class='ocrx_word' id='word_1_74' title='bbox 410 898 464 966; x_wconf 91' lang='lat' dir='ltr'><strong>uti</strong></span> <span class='ocrx_word' id='word_1_75' title='bbox 484 910 618 965; x_wconf 89' lang='lat' dir='ltr'><strong>rectum</strong></span> <span class='ocrx_word' id='word_1_76' title='bbox 637 894 702 975; x_wconf 91' lang='lat' dir='ltr'><strong>sit,</strong></span> <span class='ocrx_word' id='word_1_77' title='bbox 727 919 881 987; x_wconf 91' lang='lat' dir='ltr'><strong>quorum</strong></span> <span class='ocrx_word' id='word_1_78' title='bbox 907 896 1112 967; x_wconf 87' lang='lat' dir='ltr'><strong>coniunctio</strong></span> <span class='ocrx_word' id='word_1_79' title='bbox 1262 892 1327 968; x_wconf 88' lang='lat' dir='ltr'><strong>Est</strong></span> <span class='ocrx_word' id='word_1_80' title='bbox 1351 911 1385 968; x_wconf 92' lang='lat' dir='ltr'><strong>et</strong></span> <span class='ocrx_word' id='word_1_81' title='bbox 1409 893 1477 966; x_wconf 90' lang='lat' dir='ltr'><strong>hoc</strong></span> <span class='ocrx_word' id='word_1_82' title='bbox 1501 899 1671 968; x_wconf 91' lang='lat' dir='ltr'><strong>usitatum</strong></span> <span class='ocrx_word' id='word_1_83' title='bbox 1695 899 1733 968; x_wconf 93' lang='lat' dir='ltr'><strong>in</strong></span> <span class='ocrx_word' id='word_1_84' title='bbox 1749 898 1921 980; x_wconf 76' lang='lat' dir='ltr'><strong>Psalmis,</strong></span> <span class='ocrx_word' id='word_1_85' title='bbox 1949 925 2035 970; x_wconf 91' lang='lat' dir='ltr'><strong>cum</strong></span> <span class='ocrx_word' id='word_1_86' title='bbox 2060 903 2145 994; x_wconf 89' lang='lat' dir='ltr'><strong>prius</strong></span> 
     </span>
     <span class='ocr_line' id='line_1_8' title="bbox 124 993 2146 1094; baseline 0.002 -25"><span class='ocrx_word' id='word_1_87' title='bbox 124 1000 292 1090; x_wconf 77' lang='lat' dir='ltr'><strong>fugienda</strong></span> <span class='ocrx_word' id='word_1_88' title='bbox 314 1000 369 1071; x_wconf 87' lang='lat' dir='ltr'><strong>sit.</strong></span> <span class='ocrx_word' id='word_1_89' title='bbox 423 995 578 1069; x_wconf 83' lang='lat' dir='ltr'><strong>Utantur</strong></span> <span class='ocrx_word' id='word_1_90' title='bbox 599 997 838 1067; x_wconf 80' lang='lat' dir='ltr'><strong>mediocribus</strong></span> <span class='ocrx_word' id='word_1_91' title='bbox 861 998 972 1089; x_wconf 92' lang='lat' dir='ltr'><strong>copiis</strong></span> <span class='ocrx_word' id='word_1_92' title='bbox 994 993 1113 1069; x_wconf 90' lang='lat' dir='ltr'><strong>homi·</strong></span> <span class='ocrx_word' id='word_1_93' title='bbox 1161 998 1297 1092; x_wconf 90' lang='lat' dir='ltr'><strong>aliquid</strong></span> <span class='ocrx_word' id='word_1_94' title='bbox 1324 999 1470 1089; x_wconf 85' lang='lat' dir='ltr'><strong>figurate</strong></span> <span class='ocrx_word' id='word_1_95' title='bbox 1485 1000 1620 1071; x_wconf 91' lang='lat' dir='ltr'><strong>dictum</strong></span> <span class='ocrx_word' id='word_1_96' title='bbox 1643 1013 1715 1087; x_wconf 90' lang='lat' dir='ltr'><strong>est,</strong></span> <span class='ocrx_word' id='word_1_97' title='bbox 1747 1014 1871 1092; x_wconf 87' lang='lat' dir='ltr'><strong>postea</strong></span> <span class='ocrx_word' id='word_1_98' title='bbox 1898 1025 2051 1094; x_wconf 87' lang='lat' dir='ltr'><strong>prorsus</strong></span> <span class='ocrx_word' id='word_1_99' title='bbox 2066 1004 2146 1073; x_wconf 85' lang='lat' dir='ltr'><strong>idem</strong></span> 
     </span>
     <span class='ocr_line' id='line_1_9' title="bbox 126 1098 2146 1196; baseline 0.002 -26"><span class='ocrx_word' id='word_1_100' title='bbox 126 1126 213 1173; x_wconf 90' lang='lat' dir='ltr'><strong>num</strong></span> <span class='ocrx_word' id='word_1_101' title='bbox 236 1104 280 1172; x_wconf 91' lang='lat' dir='ltr'><strong>de</strong></span> <span class='ocrx_word' id='word_1_102' title='bbox 304 1125 387 1171; x_wconf 96' lang='lat' dir='ltr'><strong>vera</strong></span> <span class='ocrx_word' id='word_1_103' title='bbox 408 1101 571 1170; x_wconf 88' lang='lat' dir='ltr'><strong>doctrina</strong></span> <span class='ocrx_word' id='word_1_104' title='bbox 595 1099 911 1181; x_wconf 82' lang='lat' dir='ltr'><strong>consentientium,</strong></span> <span class='ocrx_word' id='word_1_105' title='bbox 937 1114 973 1171; x_wconf 88' lang='lat' dir='ltr'><strong>et</strong></span> <span class='ocrx_word' id='word_1_106' title='bbox 995 1098 1113 1171; x_wconf 87' lang='lat' dir='ltr'><strong>Deum</strong></span> <span class='ocrx_word' id='word_1_107' title='bbox 1162 1102 1239 1172; x_wconf 92' lang='lat' dir='ltr'><strong>sine</strong></span> <span class='ocrx_word' id='word_1_108' title='bbox 1273 1101 1383 1191; x_wconf 89' lang='lat' dir='ltr'><strong>ligura</strong></span> <span class='ocrx_word' id='word_1_109' title='bbox 1415 1104 1570 1192; x_wconf 84' lang='lat' dir='ltr'><strong>apertius</strong></span> <span class='ocrx_word' id='word_1_110' title='bbox 1599 1101 1735 1187; x_wconf 90' lang='lat' dir='ltr'><strong>dicere,</strong></span> <span class='ocrx_word' id='word_1_111' title='bbox 1769 1116 1810 1174; x_wconf 91' lang='lat' dir='ltr'><strong>ut</strong></span> <span class='ocrx_word' id='word_1_112' title='bbox 1835 1103 1874 1175; x_wconf 87' lang='lat' dir='ltr'><strong>lit</strong></span> <span class='ocrx_word' id='word_1_113' title='bbox 1899 1105 1937 1174; x_wconf 93' lang='lat' dir='ltr'><strong>in</strong></span> <span class='ocrx_word' id='word_1_114' title='bbox 1964 1104 2094 1196; x_wconf 90' lang='lat' dir='ltr'><strong>quinto</strong></span> <span class='ocrx_word' id='word_1_115' title='bbox 2122 1121 2146 1174; x_wconf 87' lang='lat' dir='ltr'><strong>et</strong></span> 
     </span>
     <span class='ocr_line' id='line_1_10' title="bbox 118 1200 2146 1298; baseline 0 -24"><span class='ocrx_word' id='word_1_116' title='bbox 118 1229 207 1274; x_wconf 82' lang='lat' dir='ltr'><strong>cum</strong></span> <span class='ocrx_word' id='word_1_117' title='bbox 233 1205 318 1298; x_wconf 89' lang='lat' dir='ltr'><strong>ipsis</strong></span> <span class='ocrx_word' id='word_1_118' title='bbox 332 1215 425 1273; x_wconf 89' lang='lat' dir='ltr'><strong>recte</strong></span> <span class='ocrx_word' id='word_1_119' title='bbox 442 1201 703 1285; x_wconf 89' lang='lat' dir='ltr'><strong>invocantium,</strong></span> <span class='ocrx_word' id='word_1_120' title='bbox 730 1225 803 1270; x_wconf 89' lang='lat' dir='ltr'><strong>non</strong></span> <span class='ocrx_word' id='word_1_121' title='bbox 828 1202 997 1273; x_wconf 86' lang='lat' dir='ltr'><strong>misceant</strong></span> <span class='ocrx_word' id='word_1_122' title='bbox 1020 1203 1114 1273; x_wconf 90' lang='lat' dir='ltr'><strong>blas-</strong></span> <span class='ocrx_word' id='word_1_123' title='bbox 1163 1215 1259 1272; x_wconf 83' lang='lat' dir='ltr'><strong>sexto</strong></span> <span class='ocrx_word' id='word_1_124' title='bbox 1280 1228 1403 1284; x_wconf 91' lang='lat' dir='ltr'><strong>versu,</strong></span> <span class='ocrx_word' id='word_1_125' title='bbox 1430 1204 1482 1273; x_wconf 95' lang='lat' dir='ltr'><strong>ibi</strong></span> <span class='ocrx_word' id='word_1_126' title='bbox 1508 1205 1602 1273; x_wconf 90' lang='lat' dir='ltr'><strong>clare</strong></span> <span class='ocrx_word' id='word_1_127' title='bbox 1625 1204 1757 1274; x_wconf 88' lang='lat' dir='ltr'><strong>dicitur</strong></span> <span class='ocrx_word' id='word_1_128' title='bbox 1782 1207 1918 1275; x_wconf 85' lang='lat' dir='ltr'><strong>servari</strong></span> <span class='ocrx_word' id='word_1_129' title='bbox 1944 1200 2146 1286; x_wconf 81' lang='lat' dir='ltr'><strong>Ecclesiam,</strong></span> 
     </span>
     <span class='ocr_line' id='line_1_11' title="bbox 127 1299 2146 1399; baseline 0.001 -25"><span class='ocrx_word' id='word_1_130' title='bbox 127 1301 292 1396; x_wconf 92' lang='lat' dir='ltr'><strong>phemos,</strong></span> <span class='ocrx_word' id='word_1_131' title='bbox 329 1328 403 1375; x_wconf 88' lang='lat' dir='ltr'><strong>non</strong></span> <span class='ocrx_word' id='word_1_132' title='bbox 423 1299 604 1375; x_wconf 87' lang='lat' dir='ltr'><strong>attrahant</strong></span> <span class='ocrx_word' id='word_1_133' title='bbox 626 1301 765 1373; x_wconf 81' lang='lat' dir='ltr'><strong>Turnus</strong></span> <span class='ocrx_word' id='word_1_134' title='bbox 784 1316 845 1374; x_wconf 90' lang='lat' dir='ltr'><strong>aut</strong></span> <span class='ocrx_word' id='word_1_135' title='bbox 868 1304 1019 1389; x_wconf 89' lang='lat' dir='ltr'><strong>similes,</strong></span> <span class='ocrx_word' id='word_1_136' title='bbox 1054 1308 1114 1376; x_wconf 90' lang='lat' dir='ltr'><strong>sed</strong></span> <span class='ocrx_word' id='word_1_137' title='bbox 1164 1305 1247 1399; x_wconf 91' lang='lat' dir='ltr'><strong>quia</strong></span> <span class='ocrx_word' id='word_1_138' title='bbox 1266 1303 1364 1376; x_wconf 90' lang='lat' dir='ltr'><strong>Deus</strong></span> <span class='ocrx_word' id='word_1_139' title='bbox 1391 1307 1429 1374; x_wconf 92' lang='lat' dir='ltr'><strong>in</strong></span> <span class='ocrx_word' id='word_1_140' title='bbox 1448 1330 1487 1374; x_wconf 94' lang='lat' dir='ltr'><strong>ea</strong></span> <span class='ocrx_word' id='word_1_141' title='bbox 1512 1301 1648 1377; x_wconf 87' lang='lat' dir='ltr'><strong>habitet</strong></span> <span class='ocrx_word' id='word_1_142' title='bbox 1670 1320 1704 1376; x_wconf 89' lang='lat' dir='ltr'><strong>et</strong></span> <span class='ocrx_word' id='word_1_143' title='bbox 1719 1329 1796 1377; x_wconf 89' lang='lat' dir='ltr'><strong>eam</strong></span> <span class='ocrx_word' id='word_1_144' title='bbox 1811 1308 1978 1377; x_wconf 89' lang='lat' dir='ltr'><strong>adiuvet:</strong></span> <span class='ocrx_word' id='word_1_145' title='bbox 2008 1323 2146 1379; x_wconf 87' lang='lat' dir='ltr'><strong>caeteras</strong></span> 
     </span>
     <span class='ocr_line' id='line_1_12' title="bbox 128 1404 2147 1498; baseline 0.001 -22"><span class='ocrx_word' id='word_1_146' title='bbox 128 1409 242 1477; x_wconf 85' lang='lat' dir='ltr'><strong>sciant</strong></span> <span class='ocrx_word' id='word_1_147' title='bbox 263 1409 383 1477; x_wconf 88' lang='lat' dir='ltr'><strong>adesse</strong></span> <span class='ocrx_word' id='word_1_148' title='bbox 405 1406 520 1478; x_wconf 88' lang='lat' dir='ltr'><strong>Deum</strong></span> <span class='ocrx_word' id='word_1_149' title='bbox 548 1406 586 1473; x_wconf 90' lang='lat' dir='ltr'><strong>in</strong></span> <span class='ocrx_word' id='word_1_150' title='bbox 610 1404 704 1490; x_wconf 90' lang='lat' dir='ltr'><strong>acie,</strong></span> <span class='ocrx_word' id='word_1_151' title='bbox 739 1419 772 1476; x_wconf 89' lang='lat' dir='ltr'><strong>et</strong></span> <span class='ocrx_word' id='word_1_152' title='bbox 795 1407 1023 1498; x_wconf 87' lang='lat' dir='ltr'><strong>praecipuum</strong></span> <span class='ocrx_word' id='word_1_153' title='bbox 1048 1410 1115 1480; x_wconf 86' lang='lat' dir='ltr'><strong>du·</strong></span> <span class='ocrx_word' id='word_1_154' title='bbox 1164 1431 1248 1476; x_wconf 91' lang='lat' dir='ltr'><strong>vero</strong></span> <span class='ocrx_word' id='word_1_155' title='bbox 1263 1420 1383 1497; x_wconf 83' lang='lat' dir='ltr'><strong>gentes</strong></span> <span class='ocrx_word' id='word_1_156' title='bbox 1408 1421 1442 1477; x_wconf 90' lang='lat' dir='ltr'><strong>et</strong></span> <span class='ocrx_word' id='word_1_157' title='bbox 1457 1408 1646 1497; x_wconf 86' lang='lat' dir='ltr'><strong>religiones</strong></span> <span class='ocrx_word' id='word_1_158' title='bbox 1663 1408 1792 1493; x_wconf 90' lang='lat' dir='ltr'><strong>deleri,</strong></span> <span class='ocrx_word' id='word_1_159' title='bbox 1818 1408 1910 1480; x_wconf 93' lang='lat' dir='ltr'><strong>sicut</strong></span> <span class='ocrx_word' id='word_1_160' title='bbox 1933 1404 2147 1480; x_wconf 86' lang='lat' dir='ltr'><strong>horribiliter</strong></span> 
     </span>
     <span class='ocr_line' id='line_1_13' title="bbox 130 1506 2147 1600; baseline 0.001 -21"><span class='ocrx_word' id='word_1_161' title='bbox 130 1533 204 1579; x_wconf 89' lang='lat' dir='ltr'><strong>cem</strong></span> <span class='ocrx_word' id='word_1_162' title='bbox 222 1522 256 1580; x_wconf 93' lang='lat' dir='ltr'><strong>et</strong></span> <span class='ocrx_word' id='word_1_163' title='bbox 271 1522 566 1600; x_wconf 83' lang='lat' dir='ltr'><strong>propugnatorem</strong></span> <span class='ocrx_word' id='word_1_164' title='bbox 585 1528 670 1579; x_wconf 85' lang='lat' dir='ltr'><strong>esse.</strong></span> <span class='ocrx_word' id='word_1_165' title='bbox 1164 1509 1299 1579; x_wconf 88' lang='lat' dir='ltr'><strong>deletae</strong></span> <span class='ocrx_word' id='word_1_166' title='bbox 1319 1523 1403 1580; x_wconf 89' lang='lat' dir='ltr'><strong>sunt</strong></span> <span class='ocrx_word' id='word_1_167' title='bbox 1426 1506 1581 1579; x_wconf 86' lang='lat' dir='ltr'><strong>subinde</strong></span> <span class='ocrx_word' id='word_1_168' title='bbox 1605 1510 1738 1581; x_wconf 90' lang='lat' dir='ltr'><strong>multae</strong></span> <span class='ocrx_word' id='word_1_169' title='bbox 1771 1523 1891 1598; x_wconf 87' lang='lat' dir='ltr'><strong>gentes</strong></span> <span class='ocrx_word' id='word_1_170' title='bbox 1915 1524 1951 1581; x_wconf 94' lang='lat' dir='ltr'><strong>et</strong></span> <span class='ocrx_word' id='word_1_171' title='bbox 1971 1523 2049 1581; x_wconf 93' lang='lat' dir='ltr'><strong>toto</strong></span> <span class='ocrx_word' id='word_1_172' title='bbox 2074 1514 2147 1583; x_wconf 85' lang='lat' dir='ltr'><strong>orbe</strong></span> 
     </span>
     <span class='ocr_line' id='line_1_14' title="bbox 230 1607 2148 1705; baseline 0.001 -22"><span class='ocrx_word' id='word_1_173' title='bbox 230 1612 307 1683; x_wconf 87' lang='lat' dir='ltr'><strong>Hac</strong></span> <span class='ocrx_word' id='word_1_174' title='bbox 323 1613 391 1681; x_wconf 86' lang='lat' dir='ltr'><strong>lide</strong></span> <span class='ocrx_word' id='word_1_175' title='bbox 405 1610 575 1680; x_wconf 88' lang='lat' dir='ltr'><strong>dimicent</strong></span> <span class='ocrx_word' id='word_1_176' title='bbox 589 1632 670 1679; x_wconf 93' lang='lat' dir='ltr'><strong>cum</strong></span> <span class='ocrx_word' id='word_1_177' title='bbox 684 1632 775 1700; x_wconf 87' lang='lat' dir='ltr'><strong>opus</strong></span> <span class='ocrx_word' id='word_1_178' title='bbox 794 1624 862 1696; x_wconf 89' lang='lat' dir='ltr'><strong>est,</strong></span> <span class='ocrx_word' id='word_1_179' title='bbox 887 1612 970 1683; x_wconf 80' lang='lat' dir='ltr'><strong>freti</strong></span> <span class='ocrx_word' id='word_1_180' title='bbox 984 1612 1116 1682; x_wconf 88' lang='lat' dir='ltr'><strong>auxilio</strong></span> <span class='ocrx_word' id='word_1_181' title='bbox 1167 1624 1358 1696; x_wconf 89' lang='lat' dir='ltr'><strong>terrarum,</strong></span> <span class='ocrx_word' id='word_1_182' title='bbox 1389 1607 1575 1704; x_wconf 83' lang='lat' dir='ltr'><strong>Aegyptii,</strong></span> <span class='ocrx_word' id='word_1_183' title='bbox 1599 1611 1755 1705; x_wconf 89' lang='lat' dir='ltr'><strong>Syriaci,</strong></span> <span class='ocrx_word' id='word_1_184' title='bbox 1781 1607 1978 1699; x_wconf 86' lang='lat' dir='ltr'><strong>Chaldaei,</strong></span> <span class='ocrx_word' id='word_1_185' title='bbox 2002 1612 2148 1694; x_wconf 83' lang='lat' dir='ltr'><strong>Asiatici,</strong></span> 
     </span>
     <span class='ocr_line' id='line_1_15' title="bbox 128 1708 2148 1806; baseline 0 -22"><span class='ocrx_word' id='word_1_186' title='bbox 128 1709 228 1796; x_wconf 82' lang='lat' dir='ltr'><strong>Dei,</strong></span> <span class='ocrx_word' id='word_1_187' title='bbox 254 1726 289 1783; x_wconf 93' lang='lat' dir='ltr'><strong>et</strong></span> <span class='ocrx_word' id='word_1_188' title='bbox 301 1737 376 1783; x_wconf 89' lang='lat' dir='ltr'><strong>non</strong></span> <span class='ocrx_word' id='word_1_189' title='bbox 398 1712 469 1782; x_wconf 89' lang='lat' dir='ltr'><strong>sint</strong></span> <span class='ocrx_word' id='word_1_190' title='bbox 492 1711 609 1801; x_wconf 92' lang='lat' dir='ltr'><strong>ignavi</strong></span> <span class='ocrx_word' id='word_1_191' title='bbox 630 1725 665 1781; x_wconf 88' lang='lat' dir='ltr'><strong>et</strong></span> <span class='ocrx_word' id='word_1_192' title='bbox 679 1733 820 1801; x_wconf 88' lang='lat' dir='ltr'><strong>segnes,</strong></span> <span class='ocrx_word' id='word_1_193' title='bbox 844 1713 976 1784; x_wconf 83' lang='lat' dir='ltr'><strong>faciant</strong></span> <span class='ocrx_word' id='word_1_194' title='bbox 998 1738 1118 1785; x_wconf 88' lang='lat' dir='ltr'><strong>neces·</strong></span> <span class='ocrx_word' id='word_1_195' title='bbox 1168 1708 1315 1797; x_wconf 89' lang='lat' dir='ltr'><strong>Graeci,</strong></span> <span class='ocrx_word' id='word_1_196' title='bbox 1341 1709 1512 1786; x_wconf 88' lang='lat' dir='ltr'><strong>Romani.</strong></span> <span class='ocrx_word' id='word_1_197' title='bbox 1571 1708 1712 1783; x_wconf 90' lang='lat' dir='ltr'><strong>Horum</strong></span> <span class='ocrx_word' id='word_1_198' title='bbox 1747 1712 1909 1784; x_wconf 90' lang='lat' dir='ltr'><strong>omnium</strong></span> <span class='ocrx_word' id='word_1_199' title='bbox 1944 1714 2096 1806; x_wconf 90' lang='lat' dir='ltr'><strong>politiae</strong></span> <span class='ocrx_word' id='word_1_200' title='bbox 2123 1730 2148 1785; x_wconf 87' lang='lat' dir='ltr'><strong>et</strong></span> 
     </span>
     <span class='ocr_line' id='line_1_16' title="bbox 131 1813 1999 1906; baseline -0.001 -20"><span class='ocrx_word' id='word_1_201' title='bbox 131 1816 243 1900; x_wconf 91' lang='lat' dir='ltr'><strong>saria,</strong></span> <span class='ocrx_word' id='word_1_202' title='bbox 268 1828 304 1886; x_wconf 90' lang='lat' dir='ltr'><strong>et</strong></span> <span class='ocrx_word' id='word_1_203' title='bbox 324 1838 398 1884; x_wconf 91' lang='lat' dir='ltr'><strong>non</strong></span> <span class='ocrx_word' id='word_1_204' title='bbox 414 1827 580 1885; x_wconf 89' lang='lat' dir='ltr'><strong>moveant</strong></span> <span class='ocrx_word' id='word_1_205' title='bbox 600 1837 673 1881; x_wconf 89' lang='lat' dir='ltr'><strong>non</strong></span> <span class='ocrx_word' id='word_1_206' title='bbox 697 1816 909 1900; x_wconf 91' lang='lat' dir='ltr'><strong>necessaria,</strong></span> <span class='ocrx_word' id='word_1_207' title='bbox 933 1817 1032 1885; x_wconf 91' lang='lat' dir='ltr'><strong>inani</strong></span> <span class='ocrx_word' id='word_1_208' title='bbox 1051 1842 1118 1887; x_wconf 80' lang='lat' dir='ltr'><strong>no·</strong></span> <span class='ocrx_word' id='word_1_209' title='bbox 1166 1814 1357 1906; x_wconf 85' lang='lat' dir='ltr'><strong>religiones</strong></span> <span class='ocrx_word' id='word_1_210' title='bbox 1381 1838 1462 1882; x_wconf 92' lang='lat' dir='ltr'><strong>cum</strong></span> <span class='ocrx_word' id='word_1_211' title='bbox 1485 1813 1573 1905; x_wconf 91' lang='lat' dir='ltr'><strong>ipsis</strong></span> <span class='ocrx_word' id='word_1_212' title='bbox 1588 1815 1753 1903; x_wconf 89' lang='lat' dir='ltr'><strong>gentibus</strong></span> <span class='ocrx_word' id='word_1_213' title='bbox 1769 1816 1999 1887; x_wconf 88' lang='lat' dir='ltr'><strong>interierunt.</strong></span> 
     </span>
     <span class='ocr_line' id='line_1_17' title="bbox 131 1911 2149 2014; baseline -0.001 -25"><span class='ocrx_word' id='word_1_214' title='bbox 131 1911 442 2014; x_wconf 73' lang='grc' dir='ltr'><em>λυπραγμοσύνῃε</em></span> <span class='ocrx_word' id='word_1_215' title='bbox 470 1916 599 1984; x_wconf 91' lang='lat' dir='ltr'><strong>multas</strong></span> <span class='ocrx_word' id='word_1_216' title='bbox 619 1915 769 1984; x_wconf 88' lang='lat' dir='ltr'><strong>iniurias</strong></span> <span class='ocrx_word' id='word_1_217' title='bbox 791 1919 942 1989; x_wconf 87' lang='lat' dir='ltr'><strong>tolerent</strong></span> <span class='ocrx_word' id='word_1_218' title='bbox 957 1943 997 1988; x_wconf 94' lang='lat' dir='ltr'><strong>ac</strong></span> <span class='ocrx_word' id='word_1_219' title='bbox 1015 1918 1119 1988; x_wconf 90' lang='lat' dir='ltr'><strong>dissi·</strong></span> <span class='ocrx_word' id='word_1_220' title='bbox 1270 1914 1450 2006; x_wconf 87' lang='lat' dir='ltr'><strong>Septimus</strong></span> <span class='ocrx_word' id='word_1_221' title='bbox 1482 1938 1603 1985; x_wconf 88' lang='lat' dir='ltr'><strong>versus</strong></span> <span class='ocrx_word' id='word_1_222' title='bbox 1629 1918 1757 2005; x_wconf 88' lang='lat' dir='ltr'><strong>repetit</strong></span> <span class='ocrx_word' id='word_1_223' title='bbox 1785 1918 2090 2011; x_wconf 88' lang='lat' dir='ltr'><strong>propositionem,</strong></span> <span class='ocrx_word' id='word_1_224' title='bbox 2118 1932 2149 1987; x_wconf 90' lang='lat' dir='ltr'><strong>ut</strong></span> 
     </span>
     <span class='ocr_line' id='line_1_18' title="bbox 36 2015 2150 2112; baseline 0.001 -25"><span class='ocrx_word' id='word_1_225' title='bbox 36 2079 43 2087; x_wconf 81' lang='grc'>,</span> <span class='ocrx_word' id='word_1_226' title='bbox 131 2020 290 2103; x_wconf 86' lang='lat' dir='ltr'><strong>molent,</strong></span> <span class='ocrx_word' id='word_1_227' title='bbox 316 2043 406 2112; x_wconf 86' lang='lat' dir='ltr'><strong>quae</strong></span> <span class='ocrx_word' id='word_1_228' title='bbox 420 2018 498 2088; x_wconf 89' lang='lat' dir='ltr'><strong>sine</strong></span> <span class='ocrx_word' id='word_1_229' title='bbox 513 2016 693 2108; x_wconf 88' lang='lat' dir='ltr'><strong>impietate</strong></span> <span class='ocrx_word' id='word_1_230' title='bbox 715 2018 932 2089; x_wconf 90' lang='lat' dir='ltr'><strong>dissimulari</strong></span> <span class='ocrx_word' id='word_1_231' title='bbox 950 2035 1108 2112; x_wconf 86' lang='lat' dir='ltr'><strong>possunt.</strong></span> <span class='ocrx_word' id='word_1_232' title='bbox 1168 2039 1312 2109; x_wconf 84' lang='lat' dir='ltr'><strong>agamus</strong></span> <span class='ocrx_word' id='word_1_233' title='bbox 1328 2017 1477 2107; x_wconf 88' lang='lat' dir='ltr'><strong>gratias,</strong></span> <span class='ocrx_word' id='word_1_234' title='bbox 1505 2031 1538 2087; x_wconf 90' lang='lat' dir='ltr'><strong>et</strong></span> <span class='ocrx_word' id='word_1_235' title='bbox 1555 2015 1730 2088; x_wconf 85' lang='lat' dir='ltr'><strong>fateamur</strong></span> <span class='ocrx_word' id='word_1_236' title='bbox 1756 2041 1830 2086; x_wconf 91' lang='lat' dir='ltr'><strong>non</strong></span> <span class='ocrx_word' id='word_1_237' title='bbox 1847 2019 1983 2089; x_wconf 88' lang='lat' dir='ltr'><strong>nostris</strong></span> <span class='ocrx_word' id='word_1_238' title='bbox 2001 2020 2150 2091; x_wconf 88' lang='lat' dir='ltr'><strong>consiliis</strong></span> 
     </span>
     <span class='ocr_line' id='line_1_19' title="bbox 234 2114 2149 2213; baseline -0.001 -22"><span class='ocrx_word' id='word_1_239' title='bbox 234 2120 289 2191; x_wconf 91' lang='lat' dir='ltr'><strong>De</strong></span> <span class='ocrx_word' id='word_1_240' title='bbox 312 2116 379 2191; x_wconf 88' lang='lat' dir='ltr'><strong>hac</strong></span> <span class='ocrx_word' id='word_1_241' title='bbox 401 2121 471 2190; x_wconf 86' lang='lat' dir='ltr'><strong>lide</strong></span> <span class='ocrx_word' id='word_1_242' title='bbox 496 2133 529 2188; x_wconf 92' lang='lat' dir='ltr'><strong>et</strong></span> <span class='ocrx_word' id='word_1_243' title='bbox 550 2114 615 2188; x_wconf 91' lang='lat' dir='ltr'><strong>hac</strong></span> <span class='ocrx_word' id='word_1_244' title='bbox 638 2141 764 2189; x_wconf 91' lang='lat' dir='ltr'><strong>arcana</strong></span> <span class='ocrx_word' id='word_1_245' title='bbox 788 2122 959 2211; x_wconf 90' lang='lat' dir='ltr'><strong>sapientia</strong></span> <span class='ocrx_word' id='word_1_246' title='bbox 979 2123 1120 2213; x_wconf 91' lang='lat' dir='ltr'><strong>piorum</strong></span> <span class='ocrx_word' id='word_1_247' title='bbox 1171 2133 1204 2189; x_wconf 92' lang='lat' dir='ltr'><strong>et</strong></span> <span class='ocrx_word' id='word_1_248' title='bbox 1229 2118 1384 2204; x_wconf 90' lang='lat' dir='ltr'><strong>viribus,</strong></span> <span class='ocrx_word' id='word_1_249' title='bbox 1408 2120 1469 2189; x_wconf 87' lang='lat' dir='ltr'><strong>sed</strong></span> <span class='ocrx_word' id='word_1_250' title='bbox 1493 2114 1603 2188; x_wconf 88' lang='lat' dir='ltr'><strong>aDeo</strong></span> <span class='ocrx_word' id='word_1_251' title='bbox 1628 2119 1761 2189; x_wconf 90' lang='lat' dir='ltr'><strong>servari</strong></span> <span class='ocrx_word' id='word_1_252' title='bbox 1778 2117 1991 2195; x_wconf 86' lang='lat' dir='ltr'><strong>Ecclesiam.</strong></span> <span class='ocrx_word' id='word_1_253' title='bbox 2043 2120 2084 2192; x_wconf 85' lang='lat' dir='ltr'><strong>si</strong></span> <span class='ocrx_word' id='word_1_254' title='bbox 2101 2122 2149 2191; x_wconf 87' lang='lat' dir='ltr'><strong>liat</strong></span> 
     </span>
     <span class='ocr_line' id='line_1_20' title="bbox 134 2215 2150 2316; baseline -0.001 -21"><span class='ocrx_word' id='word_1_255' title='bbox 134 2224 366 2295; x_wconf 90' lang='lat' dir='ltr'><strong>concionatur</strong></span> <span class='ocrx_word' id='word_1_256' title='bbox 381 2218 440 2292; x_wconf 90' lang='lat' dir='ltr'><strong>hic</strong></span> <span class='ocrx_word' id='word_1_257' title='bbox 454 2221 632 2303; x_wconf 87' lang='lat' dir='ltr'><strong>Psalmus,</strong></span> <span class='ocrx_word' id='word_1_258' title='bbox 659 2244 747 2313; x_wconf 92' lang='lat' dir='ltr'><strong>quae</strong></span> <span class='ocrx_word' id='word_1_259' title='bbox 770 2221 808 2289; x_wconf 89' lang='lat' dir='ltr'><strong>in</strong></span> <span class='ocrx_word' id='word_1_260' title='bbox 824 2224 1044 2316; x_wconf 89' lang='lat' dir='ltr'><strong>quotidianis</strong></span> <span class='ocrx_word' id='word_1_261' title='bbox 1059 2250 1121 2314; x_wconf 92' lang='lat' dir='ltr'><strong>pe·</strong></span> <span class='ocrx_word' id='word_1_262' title='bbox 1170 2220 1313 2291; x_wconf 89' lang='lat' dir='ltr'><strong>collatio</strong></span> <span class='ocrx_word' id='word_1_263' title='bbox 1331 2215 1565 2291; x_wconf 89' lang='lat' dir='ltr'><strong>humanarum</strong></span> <span class='ocrx_word' id='word_1_264' title='bbox 1583 2219 1733 2307; x_wconf 88' lang='lat' dir='ltr'><strong>vicium,</strong></span> <span class='ocrx_word' id='word_1_265' title='bbox 1751 2234 1822 2289; x_wconf 89' lang='lat' dir='ltr'><strong>tam</strong></span> <span class='ocrx_word' id='word_1_266' title='bbox 1839 2223 1945 2292; x_wconf 88' lang='lat' dir='ltr'><strong>lacile</strong></span> <span class='ocrx_word' id='word_1_267' title='bbox 1967 2235 2046 2293; x_wconf 92' lang='lat' dir='ltr'><strong>erat</strong></span> <span class='ocrx_word' id='word_1_268' title='bbox 2054 2218 2150 2295; x_wconf 84' lang='lat' dir='ltr'><strong>Aler-</strong></span> 
     </span>
     <span class='ocr_line' id='line_1_21' title="bbox 134 2320 2150 2416; baseline 0 -22"><span class='ocrx_word' id='word_1_269' title='bbox 134 2327 257 2395; x_wconf 90' lang='lat' dir='ltr'><strong>riculis</strong></span> <span class='ocrx_word' id='word_1_270' title='bbox 280 2325 447 2394; x_wconf 90' lang='lat' dir='ltr'><strong>discenda</strong></span> <span class='ocrx_word' id='word_1_271' title='bbox 471 2337 540 2406; x_wconf 91' lang='lat' dir='ltr'><strong>est,</strong></span> <span class='ocrx_word' id='word_1_272' title='bbox 568 2338 601 2393; x_wconf 88' lang='lat' dir='ltr'><strong>et</strong></span> <span class='ocrx_word' id='word_1_273' title='bbox 625 2323 700 2409; x_wconf 91' lang='lat' dir='ltr'><strong>ipsa</strong></span> <span class='ocrx_word' id='word_1_274' title='bbox 724 2323 805 2390; x_wconf 83' lang='lat' dir='ltr'><strong>fidei</strong></span> <span class='ocrx_word' id='word_1_275' title='bbox 829 2326 993 2395; x_wconf 77' lang='lat' dir='ltr'><strong>exercitia</strong></span> <span class='ocrx_word' id='word_1_276' title='bbox 1018 2351 1123 2396; x_wconf 90' lang='lat' dir='ltr'><strong>mon·</strong></span> <span class='ocrx_word' id='word_1_277' title='bbox 1171 2323 1284 2393; x_wconf 87' lang='lat' dir='ltr'><strong>andro</strong></span> <span class='ocrx_word' id='word_1_278' title='bbox 1315 2322 1486 2412; x_wconf 86' lang='lat' dir='ltr'><strong>dissipare</strong></span> <span class='ocrx_word' id='word_1_279' title='bbox 1512 2320 1696 2406; x_wconf 85' lang='lat' dir='ltr'><strong>Iudaeam,</strong></span> <span class='ocrx_word' id='word_1_280' title='bbox 1726 2337 1787 2392; x_wconf 90' lang='lat' dir='ltr'><strong>aut</strong></span> <span class='ocrx_word' id='word_1_281' title='bbox 1810 2337 1948 2394; x_wconf 90' lang='lat' dir='ltr'><strong>mutare</strong></span> <span class='ocrx_word' id='word_1_282' title='bbox 1974 2322 2054 2395; x_wconf 89' lang='lat' dir='ltr'><strong>eius</strong></span> <span class='ocrx_word' id='word_1_283' title='bbox 2069 2324 2150 2416; x_wconf 91' lang='lat' dir='ltr'><strong>poli·</strong></span> 
     </span>
     <span class='ocr_line' id='line_1_22' title="bbox 135 2418 2149 2527; baseline 0 -31"><span class='ocrx_word' id='word_1_284' title='bbox 135 2430 300 2498; x_wconf 89' lang='lat' dir='ltr'><strong>strabunt</strong></span> <span class='ocrx_word' id='word_1_285' title='bbox 329 2425 519 2496; x_wconf 89' lang='lat' dir='ltr'><strong>discrimen</strong></span> <span class='ocrx_word' id='word_1_286' title='bbox 544 2418 720 2493; x_wconf 91' lang='lat' dir='ltr'><strong>humanae</strong></span> <span class='ocrx_word' id='word_1_287' title='bbox 747 2419 1123 2527; x_wconf 76' lang='grc' dir='ltr'><em>πολυπραγμοσύνης,</em></span> <span class='ocrx_word' id='word_1_288' title='bbox 1170 2425 1275 2510; x_wconf 90' lang='lat' dir='ltr'><strong>tiam,</strong></span> <span class='ocrx_word' id='word_1_289' title='bbox 1300 2447 1408 2517; x_wconf 90' lang='lat' dir='ltr'><strong>quam</strong></span> <span class='ocrx_word' id='word_1_290' title='bbox 1428 2423 1531 2492; x_wconf 82' lang='lat' dir='ltr'><strong>facile</strong></span> <span class='ocrx_word' id='word_1_291' title='bbox 1554 2425 1625 2493; x_wconf 83' lang='lat' dir='ltr'><strong>fuit</strong></span> <span class='ocrx_word' id='word_1_292' title='bbox 1647 2447 1819 2517; x_wconf 83' lang='lat' dir='ltr'><strong>occupare</strong></span> <span class='ocrx_word' id='word_1_293' title='bbox 1836 2440 1871 2495; x_wconf 89' lang='lat' dir='ltr'><strong>et</strong></span> <span class='ocrx_word' id='word_1_294' title='bbox 1887 2438 2029 2498; x_wconf 91' lang='lat' dir='ltr'><strong>mutare</strong></span> <span class='ocrx_word' id='word_1_295' title='bbox 2043 2422 2149 2521; x_wconf 87' lang='lat' dir='ltr'><strong>Aegy·</strong></span> 
     </span>
     <span class='ocr_line' id='line_1_23' title="bbox 137 2522 2068 2618; baseline -0.001 -20"><span class='ocrx_word' id='word_1_296' title='bbox 137 2543 170 2600; x_wconf 89' lang='lat' dir='ltr'><strong>et</strong></span> <span class='ocrx_word' id='word_1_297' title='bbox 185 2530 273 2601; x_wconf 92' lang='lat' dir='ltr'><strong>lucis</strong></span> <span class='ocrx_word' id='word_1_298' title='bbox 292 2528 385 2597; x_wconf 86' lang='lat' dir='ltr'><strong>fidei.</strong></span> <span class='ocrx_word' id='word_1_299' title='bbox 1174 2541 1286 2618; x_wconf 91' lang='lat' dir='ltr'><strong>ptum,</strong></span> <span class='ocrx_word' id='word_1_300' title='bbox 1314 2527 1374 2595; x_wconf 90' lang='lat' dir='ltr'><strong>sed</strong></span> <span class='ocrx_word' id='word_1_301' title='bbox 1391 2522 1521 2595; x_wconf 89' lang='lat' dir='ltr'><strong>Iudaea</strong></span> <span class='ocrx_word' id='word_1_302' title='bbox 1535 2526 1718 2617; x_wconf 89' lang='lat' dir='ltr'><strong>tegebatur</strong></span> <span class='ocrx_word' id='word_1_303' title='bbox 1733 2529 1853 2596; x_wconf 83' lang='lat' dir='ltr'><strong>dextra</strong></span> <span class='ocrx_word' id='word_1_304' title='bbox 1869 2522 1953 2600; x_wconf 88' lang='lat' dir='ltr'><strong>Dei.</strong></span> <span class='ocrx_word' id='word_1_305' title='bbox 2061 2536 2068 2543; x_wconf 90' lang='lat'>&#39;</span> 
     </span>
     <span class='ocr_line' id='line_1_24' title="bbox 236 2622 2148 2726; baseline 0 -27"><span class='ocrx_word' id='word_1_306' title='bbox 236 2628 523 2720; x_wconf 91' lang='lat' dir='ltr'><strong>Propositioest:</strong></span> <span class='ocrx_word' id='word_1_307' title='bbox 548 2622 655 2694; x_wconf 85' lang='lat' dir='ltr'><strong>Deus</strong></span> <span class='ocrx_word' id='word_1_308' title='bbox 672 2634 840 2698; x_wconf 81' lang='lat' dir='ltr'><strong>nostrum</strong></span> <span class='ocrx_word' id='word_1_309' title='bbox 863 2628 1049 2726; x_wconf 80' lang='lat' dir='ltr'><strong>refugium</strong></span> <span class='ocrx_word' id='word_1_310' title='bbox 1072 2639 1123 2699; x_wconf 84' lang='lat' dir='ltr'><strong>est</strong></span> <span class='ocrx_word' id='word_1_311' title='bbox 1274 2623 1432 2715; x_wconf 85' lang='lat' dir='ltr'><strong>Octavus</strong></span> <span class='ocrx_word' id='word_1_312' title='bbox 1463 2649 1584 2715; x_wconf 76' lang='lat' dir='ltr'><strong>versus</strong></span> <span class='ocrx_word' id='word_1_313' title='bbox 1613 2640 1666 2695; x_wconf 91' lang='lat' dir='ltr'><strong>est</strong></span> <span class='ocrx_word' id='word_1_314' title='bbox 1695 2622 1968 2719; x_wconf 89' lang='lat' dir='ltr'><strong>Epiphonema,</strong></span> <span class='ocrx_word' id='word_1_315' title='bbox 2006 2628 2148 2700; x_wconf 79' lang='lat' dir='ltr'><strong>invitans</strong></span> 
     </span>
     <span class='ocr_line' id='line_1_25' title="bbox 139 2723 2148 2829; baseline -0.001 -26"><span class='ocrx_word' id='word_1_316' title='bbox 139 2742 169 2803; x_wconf 81' lang='lat' dir='ltr'><strong>el</strong></span> <span class='ocrx_word' id='word_1_317' title='bbox 184 2724 394 2829; x_wconf 82' lang='lat' dir='ltr'><strong>fortitudo,</strong></span> <span class='ocrx_word' id='word_1_318' title='bbox 422 2726 681 2798; x_wconf 79' lang='lat' dir='ltr'><strong>ctouxiliator</strong></span> <span class='ocrx_word' id='word_1_319' title='bbox 698 2727 735 2796; x_wconf 80' lang='lat' dir='ltr'><strong>in</strong></span> <span class='ocrx_word' id='word_1_320' title='bbox 753 2726 1007 2805; x_wconf 79' lang='lat' dir='ltr'><strong>tribulatione.</strong></span> <span class='ocrx_word' id='word_1_321' title='bbox 1047 2730 1124 2801; x_wconf 88' lang='lat' dir='ltr'><strong>Hac</strong></span> <span class='ocrx_word' id='word_1_322' title='bbox 1172 2726 1334 2798; x_wconf 92' lang='lat' dir='ltr'><strong>omnium</strong></span> <span class='ocrx_word' id='word_1_323' title='bbox 1361 2741 1562 2818; x_wconf 88' lang='lat' dir='ltr'><strong>temporum</strong></span> <span class='ocrx_word' id='word_1_324' title='bbox 1582 2725 1796 2814; x_wconf 84' lang='lat' dir='ltr'><strong>Ecclesiam,</strong></span> <span class='ocrx_word' id='word_1_325' title='bbox 1823 2743 1863 2800; x_wconf 91' lang='lat' dir='ltr'><strong>ut</strong></span> <span class='ocrx_word' id='word_1_326' title='bbox 1886 2723 1979 2802; x_wconf 88' lang='lat' dir='ltr'><strong>haec</strong></span> <span class='ocrx_word' id='word_1_327' title='bbox 2000 2732 2148 2805; x_wconf 87' lang='lat' dir='ltr'><strong>miranda</strong></span> 
     </span>
     <span class='ocr_line' id='line_1_26' title="bbox 139 2827 2147 2928; baseline -0.001 -24"><span class='ocrx_word' id='word_1_328' title='bbox 139 2831 396 2904; x_wconf 88' lang='lat' dir='ltr'><strong>asseveratione</strong></span> <span class='ocrx_word' id='word_1_329' title='bbox 420 2830 571 2900; x_wconf 87' lang='lat' dir='ltr'><strong>celebrat</strong></span> <span class='ocrx_word' id='word_1_330' title='bbox 595 2831 803 2901; x_wconf 88' lang='lat' dir='ltr'><strong>beneficium</strong></span> <span class='ocrx_word' id='word_1_331' title='bbox 826 2830 915 2916; x_wconf 89' lang='lat' dir='ltr'><strong>Dei,</strong></span> <span class='ocrx_word' id='word_1_332' title='bbox 952 2848 987 2905; x_wconf 91' lang='lat' dir='ltr'><strong>et</strong></span> <span class='ocrx_word' id='word_1_333' title='bbox 1016 2834 1123 2903; x_wconf 91' lang='lat' dir='ltr'><strong>simul</strong></span> <span class='ocrx_word' id='word_1_334' title='bbox 1173 2827 1344 2899; x_wconf 83' lang='lat' dir='ltr'><strong>factaDei</strong></span> <span class='ocrx_word' id='word_1_335' title='bbox 1362 2829 1571 2917; x_wconf 87' lang='lat' dir='ltr'><strong>consideret,</strong></span> <span class='ocrx_word' id='word_1_336' title='bbox 1596 2830 1990 2923; x_wconf 83' lang='lat' dir='ltr'><strong>ctfirmafidepetatet</strong></span> <span class='ocrx_word' id='word_1_337' title='bbox 2007 2846 2147 2928; x_wconf 83' lang='lat' dir='ltr'><strong>expectet</strong></span> 
     </span>
     <span class='ocr_line' id='line_1_27' title="bbox 139 2930 1427 3028; baseline -0.002 -24"><span class='ocrx_word' id='word_1_338' title='bbox 139 2937 209 3025; x_wconf 85' lang='lat' dir='ltr'><strong>agit</strong></span> <span class='ocrx_word' id='word_1_339' title='bbox 223 2936 369 3025; x_wconf 90' lang='lat' dir='ltr'><strong>gratias,</strong></span> <span class='ocrx_word' id='word_1_340' title='bbox 386 2946 421 3004; x_wconf 89' lang='lat' dir='ltr'><strong>et</strong></span> <span class='ocrx_word' id='word_1_341' title='bbox 434 2933 703 3025; x_wconf 89' lang='lat' dir='ltr'><strong>promissionem</strong></span> <span class='ocrx_word' id='word_1_342' title='bbox 721 2935 824 3004; x_wconf 89' lang='lat' dir='ltr'><strong>nobis</strong></span> <span class='ocrx_word' id='word_1_343' title='bbox 839 2935 1024 3027; x_wconf 89' lang='lat' dir='ltr'><strong>proponit,</strong></span> <span class='ocrx_word' id='word_1_344' title='bbox 1043 2938 1124 3028; x_wconf 89' lang='lat' dir='ltr'><strong>pol·</strong></span> <span class='ocrx_word' id='word_1_345' title='bbox 1173 2930 1427 3001; x_wconf 80' lang='lat' dir='ltr'><strong>defensionem.</strong></span> 
     </span>
     <span class='ocr_line' id='line_1_28' title="bbox 138 3027 2147 3127; baseline 0 -21"><span class='ocrx_word' id='word_1_346' title='bbox 138 3038 302 3108; x_wconf 88' lang='lat' dir='ltr'><strong>licentem</strong></span> <span class='ocrx_word' id='word_1_347' title='bbox 318 3035 489 3106; x_wconf 86' lang='lat' dir='ltr'><strong>auxilium</strong></span> <span class='ocrx_word' id='word_1_348' title='bbox 507 3058 720 3127; x_wconf 90' lang='lat' dir='ltr'><strong>quocunque</strong></span> <span class='ocrx_word' id='word_1_349' title='bbox 736 3046 905 3125; x_wconf 88' lang='lat' dir='ltr'><strong>tempore.</strong></span> <span class='ocrx_word' id='word_1_350' title='bbox 1277 3031 1348 3103; x_wconf 90' lang='lat' dir='ltr'><strong>Sed</strong></span> <span class='ocrx_word' id='word_1_351' title='bbox 1362 3027 1421 3101; x_wconf 93' lang='lat' dir='ltr'><strong>hic</strong></span> <span class='ocrx_word' id='word_1_352' title='bbox 1435 3032 1593 3124; x_wconf 90' lang='lat' dir='ltr'><strong>quaestio</strong></span> <span class='ocrx_word' id='word_1_353' title='bbox 1609 3048 1678 3117; x_wconf 88' lang='lat' dir='ltr'><strong>est,</strong></span> <span class='ocrx_word' id='word_1_354' title='bbox 1706 3034 1886 3126; x_wconf 91' lang='lat' dir='ltr'><strong>quomodo</strong></span> <span class='ocrx_word' id='word_1_355' title='bbox 1896 3033 2064 3108; x_wconf 87' lang='lat' dir='ltr'><strong>Psalmus</strong></span> <span class='ocrx_word' id='word_1_356' title='bbox 2077 3061 2147 3107; x_wconf 89' lang='lat' dir='ltr'><strong>con-</strong></span> 
     </span>
     <span class='ocr_line' id='line_1_29' title="bbox 241 3131 2146 3233; baseline -0.001 -23"><span class='ocrx_word' id='word_1_357' title='bbox 241 3138 427 3211; x_wconf 88' lang='lat' dir='ltr'><strong>Secondus</strong></span> <span class='ocrx_word' id='word_1_358' title='bbox 445 3160 565 3207; x_wconf 89' lang='lat' dir='ltr'><strong>versus</strong></span> <span class='ocrx_word' id='word_1_359' title='bbox 589 3149 640 3206; x_wconf 88' lang='lat' dir='ltr'><strong>est</strong></span> <span class='ocrx_word' id='word_1_360' title='bbox 654 3150 891 3228; x_wconf 86' lang='lat' dir='ltr'><strong>consequens,</strong></span> <span class='ocrx_word' id='word_1_361' title='bbox 919 3150 953 3207; x_wconf 92' lang='lat' dir='ltr'><strong>et</strong></span> <span class='ocrx_word' id='word_1_362' title='bbox 967 3141 1010 3207; x_wconf 93' lang='lat' dir='ltr'><strong>ad</strong></span> <span class='ocrx_word' id='word_1_363' title='bbox 1015 3138 1123 3228; x_wconf 87' lang='lat' dir='ltr'><strong>plica·</strong></span> <span class='ocrx_word' id='word_1_364' title='bbox 1173 3148 1274 3225; x_wconf 88' lang='lat' dir='ltr'><strong>gruat</strong></span> <span class='ocrx_word' id='word_1_365' title='bbox 1289 3136 1331 3203; x_wconf 89' lang='lat' dir='ltr'><strong>ad</strong></span> <span class='ocrx_word' id='word_1_366' title='bbox 1349 3131 1440 3205; x_wconf 77' lang='lat' dir='ltr'><strong>nos?</strong></span> <span class='ocrx_word' id='word_1_367' title='bbox 1479 3133 1598 3205; x_wconf 89' lang='lat' dir='ltr'><strong>Potest</strong></span> <span class='ocrx_word' id='word_1_368' title='bbox 1612 3136 1709 3204; x_wconf 90' lang='lat' dir='ltr'><strong>enim</strong></span> <span class='ocrx_word' id='word_1_369' title='bbox 1723 3135 1848 3220; x_wconf 92' lang='lat' dir='ltr'><strong>obiici,</strong></span> <span class='ocrx_word' id='word_1_370' title='bbox 1871 3133 2146 3233; x_wconf 87' lang='lat' dir='ltr'><strong>Hierosolymam</strong></span> 
     </span>
     <span class='ocr_line' id='line_1_30' title="bbox 138 3235 2146 3335; baseline 0 -24"><span class='ocrx_word' id='word_1_371' title='bbox 138 3243 188 3312; x_wconf 93' lang='lat' dir='ltr'><strong>tio</strong></span> <span class='ocrx_word' id='word_1_372' title='bbox 215 3239 480 3335; x_wconf 89' lang='lat' dir='ltr'><strong>propositionis.</strong></span> <span class='ocrx_word' id='word_1_373' title='bbox 532 3236 615 3307; x_wconf 91' lang='lat' dir='ltr'><strong>ldeo</strong></span> <span class='ocrx_word' id='word_1_374' title='bbox 640 3260 714 3305; x_wconf 91' lang='lat' dir='ltr'><strong>non</strong></span> <span class='ocrx_word' id='word_1_375' title='bbox 730 3239 935 3323; x_wconf 89' lang='lat' dir='ltr'><strong>timeamus,</strong></span> <span class='ocrx_word' id='word_1_376' title='bbox 961 3264 1036 3309; x_wconf 93' lang='lat' dir='ltr'><strong>non</strong></span> <span class='ocrx_word' id='word_1_377' title='bbox 1061 3244 1125 3325; x_wconf 81' lang='lat' dir='ltr'><strong>de-¹</strong></span> <span class='ocrx_word' id='word_1_378' title='bbox 1174 3235 1361 3317; x_wconf 88' lang='lat' dir='ltr'><strong>mansisse,</strong></span> <span class='ocrx_word' id='word_1_379' title='bbox 1405 3237 1487 3330; x_wconf 91' lang='lat' dir='ltr'><strong>quia</strong></span> <span class='ocrx_word' id='word_1_380' title='bbox 1521 3236 1734 3306; x_wconf 88' lang='lat' dir='ltr'><strong>nominatim</strong></span> <span class='ocrx_word' id='word_1_381' title='bbox 1764 3238 1875 3305; x_wconf 85' lang='lat' dir='ltr'><strong>deca</strong></span> <span class='ocrx_word' id='word_1_382' title='bbox 1907 3240 2146 3326; x_wconf 86' lang='lat' dir='ltr'><strong>promissiones</strong></span> 
     </span>
     <span class='ocr_line' id='line_1_31' title="bbox 138 3334 2144 3430; baseline -0.001 -18"><span class='ocrx_word' id='word_1_383' title='bbox 138 3345 295 3414; x_wconf 78' lang='lat' dir='ltr'><strong>siciamus</strong></span> <span class='ocrx_word' id='word_1_384' title='bbox 320 3341 450 3424; x_wconf 89' lang='lat' dir='ltr'><strong>aDeo,</strong></span> <span class='ocrx_word' id='word_1_385' title='bbox 473 3340 575 3410; x_wconf 83' lang='lat' dir='ltr'><strong>fracti</strong></span> <span class='ocrx_word' id='word_1_386' title='bbox 590 3352 686 3407; x_wconf 89' lang='lat' dir='ltr'><strong>metu</strong></span> <span class='ocrx_word' id='word_1_387' title='bbox 703 3334 871 3408; x_wconf 72' lang='lat' dir='ltr'><strong>hostium.</strong></span> <span class='ocrx_word' id='word_1_388' title='bbox 1174 3339 1289 3409; x_wconf 90' lang='lat' dir='ltr'><strong>editae</strong></span> <span class='ocrx_word' id='word_1_389' title='bbox 1301 3352 1403 3417; x_wconf 89' lang='lat' dir='ltr'><strong>sunt,</strong></span> <span class='ocrx_word' id='word_1_390' title='bbox 1429 3358 1632 3408; x_wconf 89' lang='lat' dir='ltr'><strong>mansuram</strong></span> <span class='ocrx_word' id='word_1_391' title='bbox 1655 3362 1728 3407; x_wconf 89' lang='lat' dir='ltr'><strong>esse</strong></span> <span class='ocrx_word' id='word_1_392' title='bbox 1743 3341 1910 3430; x_wconf 84' lang='lat' dir='ltr'><strong>usquead</strong></span> <span class='ocrx_word' id='word_1_393' title='bbox 1930 3336 2144 3413; x_wconf 88' lang='lat' dir='ltr'><strong>Messiacad·</strong></span> 
     </span>
     <span class='ocr_line' id='line_1_32' title="bbox 240 3436 2145 3536; baseline -0.002 -22"><span class='ocrx_word' id='word_1_394' title='bbox 240 3443 381 3515; x_wconf 88' lang='lat' dir='ltr'><strong>Deinde</strong></span> <span class='ocrx_word' id='word_1_395' title='bbox 396 3454 593 3534; x_wconf 90' lang='lat' dir='ltr'><strong>sequuntur</strong></span> <span class='ocrx_word' id='word_1_396' title='bbox 614 3440 921 3531; x_wconf 88' lang='lat' dir='ltr'><strong>amplificationes,</strong></span> <span class='ocrx_word' id='word_1_397' title='bbox 940 3441 979 3510; x_wconf 92' lang='lat' dir='ltr'><strong>in</strong></span> <span class='ocrx_word' id='word_1_398' title='bbox 994 3446 1124 3536; x_wconf 89' lang='lat' dir='ltr'><strong>quibus</strong></span> <span class='ocrx_word' id='word_1_399' title='bbox 1174 3453 1331 3510; x_wconf 90' lang='lat' dir='ltr'><strong>ventum.</strong></span> <span class='ocrx_word' id='word_1_400' title='bbox 1384 3436 1434 3509; x_wconf 90' lang='lat' dir='ltr'><strong>At</strong></span> <span class='ocrx_word' id='word_1_401' title='bbox 1453 3440 1499 3507; x_wconf 93' lang='lat' dir='ltr'><strong>de</strong></span> <span class='ocrx_word' id='word_1_402' title='bbox 1522 3442 1654 3510; x_wconf 89' lang='lat' dir='ltr'><strong>nostris</strong></span> <span class='ocrx_word' id='word_1_403' title='bbox 1676 3440 1878 3510; x_wconf 89' lang='lat' dir='ltr'><strong>civitatibus</strong></span> <span class='ocrx_word' id='word_1_404' title='bbox 1895 3442 2145 3515; x_wconf 88' lang='lat' dir='ltr'><strong>nonsuntedi-</strong></span> 
     </span>
     <span class='ocr_line' id='line_1_33' title="bbox 141 3536 2145 3636; baseline -0.003 -19"><span class='ocrx_word' id='word_1_405' title='bbox 141 3545 376 3623; x_wconf 87' lang='lat' dir='ltr'><strong>similitudine</strong></span> <span class='ocrx_word' id='word_1_406' title='bbox 398 3545 551 3636; x_wconf 90' lang='lat' dir='ltr'><strong>quadam</strong></span> <span class='ocrx_word' id='word_1_407' title='bbox 579 3542 776 3632; x_wconf 87' lang='lat' dir='ltr'><strong>pinguntur</strong></span> <span class='ocrx_word' id='word_1_408' title='bbox 803 3541 1035 3633; x_wconf 89' lang='lat' dir='ltr'><strong>imperiorum</strong></span> <span class='ocrx_word' id='word_1_409' title='bbox 1066 3560 1123 3618; x_wconf 90' lang='lat' dir='ltr'><strong>tu·</strong></span> <span class='ocrx_word' id='word_1_410' title='bbox 1176 3555 1230 3613; x_wconf 89' lang='lat' dir='ltr'><strong>tae</strong></span> <span class='ocrx_word' id='word_1_411' title='bbox 1251 3541 1519 3632; x_wconf 89' lang='lat' dir='ltr'><strong>promissiones,</strong></span> <span class='ocrx_word' id='word_1_412' title='bbox 1545 3556 1584 3613; x_wconf 91' lang='lat' dir='ltr'><strong>ut</strong></span> <span class='ocrx_word' id='word_1_413' title='bbox 1607 3536 1771 3633; x_wconf 87' lang='lat' dir='ltr'><strong>Ephesus</strong></span> <span class='ocrx_word' id='word_1_414' title='bbox 1795 3543 1919 3631; x_wconf 87' lang='lat' dir='ltr'><strong>periit,</strong></span> <span class='ocrx_word' id='word_1_415' title='bbox 1946 3544 2085 3615; x_wconf 85' lang='lat' dir='ltr'><strong>etiamsi</strong></span> <span class='ocrx_word' id='word_1_416' title='bbox 2105 3544 2145 3613; x_wconf 88' lang='lat' dir='ltr'><strong>ibi</strong></span> 
     </span>
     <span class='ocr_line' id='line_1_34' title="bbox 140 3640 2144 3738; baseline -0.002 -20"><span class='ocrx_word' id='word_1_417' title='bbox 140 3650 286 3719; x_wconf 90' lang='lat' dir='ltr'><strong>multus.</strong></span> <span class='ocrx_word' id='word_1_418' title='bbox 338 3645 545 3717; x_wconf 89' lang='lat' dir='ltr'><strong>Similitudo</strong></span> <span class='ocrx_word' id='word_1_419' title='bbox 566 3642 719 3712; x_wconf 90' lang='lat' dir='ltr'><strong>sumitur</strong></span> <span class='ocrx_word' id='word_1_420' title='bbox 742 3666 762 3712; x_wconf 90' lang='lat' dir='ltr'><strong>a</strong></span> <span class='ocrx_word' id='word_1_421' title='bbox 782 3656 929 3716; x_wconf 90' lang='lat' dir='ltr'><strong>naturae</strong></span> <span class='ocrx_word' id='word_1_422' title='bbox 951 3648 1123 3738; x_wconf 91' lang='lat' dir='ltr'><strong>partibus,</strong></span> <span class='ocrx_word' id='word_1_423' title='bbox 1174 3646 1374 3714; x_wconf 90' lang='lat' dir='ltr'><strong>docuerunt</strong></span> <span class='ocrx_word' id='word_1_424' title='bbox 1394 3641 1562 3724; x_wconf 89' lang='lat' dir='ltr'><strong>loannes,</strong></span> <span class='ocrx_word' id='word_1_425' title='bbox 1589 3640 1817 3725; x_wconf 86' lang='lat' dir='ltr'><strong>Timotheus,</strong></span> <span class='ocrx_word' id='word_1_426' title='bbox 1844 3657 1879 3714; x_wconf 85' lang='lat' dir='ltr'><strong>ct</strong></span> <span class='ocrx_word' id='word_1_427' title='bbox 1904 3641 2037 3717; x_wconf 91' lang='lat' dir='ltr'><strong>horum</strong></span> <span class='ocrx_word' id='word_1_428' title='bbox 2059 3648 2144 3717; x_wconf 89' lang='lat' dir='ltr'><strong>audi·</strong></span> 
     </span>
     <span class='ocr_line' id='line_1_35' title="bbox 142 3740 1279 3842; baseline -0.005 -21"><span class='ocrx_word' id='word_1_429' title='bbox 142 3753 201 3821; x_wconf 92' lang='lat' dir='ltr'><strong>sed</strong></span> <span class='ocrx_word' id='word_1_430' title='bbox 218 3749 390 3839; x_wconf 85' lang='lat' dir='ltr'><strong>significat</strong></span> <span class='ocrx_word' id='word_1_431' title='bbox 407 3746 567 3838; x_wconf 88' lang='lat' dir='ltr'><strong>imperia.</strong></span> <span class='ocrx_word' id='word_1_432' title='bbox 618 3740 769 3816; x_wconf 82' lang='lat' dir='ltr'><strong>Etiamsi</strong></span> <span class='ocrx_word' id='word_1_433' title='bbox 793 3758 887 3816; x_wconf 90' lang='lat' dir='ltr'><strong>terra</strong></span> <span class='ocrx_word' id='word_1_434' title='bbox 904 3764 1064 3842; x_wconf 89' lang='lat' dir='ltr'><strong>quassata</strong></span> <span class='ocrx_word' id='word_1_435' title='bbox 1089 3764 1123 3821; x_wconf 87' lang='lat' dir='ltr'><strong>et</strong></span> <span class='ocrx_word' id='word_1_436' title='bbox 1173 3758 1279 3818; x_wconf 89' lang='lat' dir='ltr'><strong>tores.</strong></span> 
     </span>
     <span class='ocr_line' id='line_1_36' title="bbox 140 3844 2144 3938; baseline -0.002 -15"><span class='ocrx_word' id='word_1_437' title='bbox 140 3877 239 3923; x_wconf 89' lang='lat' dir='ltr'><strong>mare</strong></span> <span class='ocrx_word' id='word_1_438' title='bbox 274 3852 510 3922; x_wconf 87' lang='lat' dir='ltr'><strong>intumescens</strong></span> <span class='ocrx_word' id='word_1_439' title='bbox 544 3846 812 3919; x_wconf 78' lang='lat' dir='ltr'><strong>confundantur</strong></span> <span class='ocrx_word' id='word_1_440' title='bbox 850 3849 945 3920; x_wconf 88' lang='lat' dir='ltr'><strong>inter</strong></span> <span class='ocrx_word' id='word_1_441' title='bbox 976 3872 1050 3921; x_wconf 90' lang='lat' dir='ltr'><strong>sese</strong></span> <span class='ocrx_word' id='word_1_442' title='bbox 1084 3854 1123 3922; x_wconf 91' lang='lat' dir='ltr'><strong>in</strong></span> <span class='ocrx_word' id='word_1_443' title='bbox 1275 3844 1500 3937; x_wconf 77' lang='lat' dir='ltr'><strong>Respondeo.</strong></span> <span class='ocrx_word' id='word_1_444' title='bbox 1551 3844 1713 3918; x_wconf 88' lang='lat' dir='ltr'><strong>Psalmus</strong></span> <span class='ocrx_word' id='word_1_445' title='bbox 1736 3860 1770 3919; x_wconf 86' lang='lat' dir='ltr'><strong>et</strong></span> <span class='ocrx_word' id='word_1_446' title='bbox 1793 3847 2050 3938; x_wconf 86' lang='lat' dir='ltr'><strong>promissiones</strong></span> <span class='ocrx_word' id='word_1_447' title='bbox 2070 3872 2144 3919; x_wconf 88' lang='lat' dir='ltr'><strong>sem·</strong></span> 
     </span>
     <span class='ocr_line' id='line_1_37' title="bbox 140 3946 2145 4045; baseline 0.001 -17"><span class='ocrx_word' id='word_1_448' title='bbox 140 3978 254 4028; x_wconf 91' lang='lat' dir='ltr'><strong>unum</strong></span> <span class='ocrx_word' id='word_1_449' title='bbox 270 3950 395 4037; x_wconf 88' lang='lat' dir='ltr'><strong>chaos,</strong></span> <span class='ocrx_word' id='word_1_450' title='bbox 420 3953 457 4020; x_wconf 91' lang='lat' dir='ltr'><strong>id</strong></span> <span class='ocrx_word' id='word_1_451' title='bbox 475 3963 543 4034; x_wconf 87' lang='lat' dir='ltr'><strong>est,</strong></span> <span class='ocrx_word' id='word_1_452' title='bbox 567 3950 705 4021; x_wconf 89' lang='lat' dir='ltr'><strong>etiamsi</strong></span> <span class='ocrx_word' id='word_1_453' title='bbox 726 3949 846 4020; x_wconf 86' lang='lat' dir='ltr'><strong>omnia</strong></span> <span class='ocrx_word' id='word_1_454' title='bbox 868 3950 1016 4043; x_wconf 89' lang='lat' dir='ltr'><strong>imperia</strong></span> <span class='ocrx_word' id='word_1_455' title='bbox 1037 3948 1123 4024; x_wconf 87' lang='lat' dir='ltr'><strong>hor·</strong></span> <span class='ocrx_word' id='word_1_456' title='bbox 1173 3972 1238 4040; x_wconf 81' lang='lat' dir='ltr'><strong>pet</strong></span> <span class='ocrx_word' id='word_1_457' title='bbox 1259 3949 1504 4040; x_wconf 73' lang='lat' dir='ltr'><strong>principaliter</strong></span> <span class='ocrx_word' id='word_1_458' title='bbox 1524 3951 1568 4018; x_wconf 74' lang='lat' dir='ltr'><strong>de</strong></span> <span class='ocrx_word' id='word_1_459' title='bbox 1591 3946 1749 4020; x_wconf 72' lang='lat' dir='ltr'><strong>Ecclesia</strong></span> <span class='ocrx_word' id='word_1_460' title='bbox 1774 3950 1994 4045; x_wconf 65' lang='lat' dir='ltr'><strong>loquuntur,</strong></span> <span class='ocrx_word' id='word_1_461' title='bbox 2033 3952 2071 4023; x_wconf 77' lang='lat' dir='ltr'><strong>id</strong></span> <span class='ocrx_word' id='word_1_462' title='bbox 2094 3964 2145 4031; x_wconf 68' lang='lat' dir='ltr'><strong>etl,</strong></span> 
     </span>
     <span class='ocr_line' id='line_1_38' title="bbox 139 4046 2147 4147; baseline -0.002 -18"><span class='ocrx_word' id='word_1_463' title='bbox 139 4058 307 4129; x_wconf 91' lang='lat' dir='ltr'><strong>ribilibus</strong></span> <span class='ocrx_word' id='word_1_464' title='bbox 321 4054 532 4127; x_wconf 89' lang='lat' dir='ltr'><strong>tumultibus</strong></span> <span class='ocrx_word' id='word_1_465' title='bbox 547 4053 642 4121; x_wconf 86' lang='lat' dir='ltr'><strong>inter</strong></span> <span class='ocrx_word' id='word_1_466' title='bbox 654 4072 728 4123; x_wconf 91' lang='lat' dir='ltr'><strong>sese</strong></span> <span class='ocrx_word' id='word_1_467' title='bbox 741 4053 978 4147; x_wconf 81' lang='lat' dir='ltr'><strong>collidantur,</strong></span> <span class='ocrx_word' id='word_1_468' title='bbox 1003 4067 1123 4126; x_wconf 90' lang='lat' dir='ltr'><strong>tamen</strong></span> <span class='ocrx_word' id='word_1_469' title='bbox 1174 4052 1337 4121; x_wconf 86' lang='lat' dir='ltr'><strong>decoctu</strong></span> <span class='ocrx_word' id='word_1_470' title='bbox 1356 4074 1482 4142; x_wconf 91' lang='lat' dir='ltr'><strong>puram</strong></span> <span class='ocrx_word' id='word_1_471' title='bbox 1498 4046 1684 4140; x_wconf 83' lang='lat' dir='ltr'><strong>Evangelii</strong></span> <span class='ocrx_word' id='word_1_472' title='bbox 1704 4075 1826 4122; x_wconf 88' lang='lat' dir='ltr'><strong>vocem</strong></span> <span class='ocrx_word' id='word_1_473' title='bbox 1849 4066 2021 4138; x_wconf 76' lang='lat' dir='ltr'><strong>sonante,</strong></span> <span class='ocrx_word' id='word_1_474' title='bbox 2048 4067 2082 4127; x_wconf 86' lang='lat' dir='ltr'><strong>et</strong></span> <span class='ocrx_word' id='word_1_475' title='bbox 2101 4078 2147 4124; x_wconf 80' lang='lat' dir='ltr'><strong>re·</strong></span> 
     </span>
     <span class='ocr_line' id='line_1_39' title="bbox 141 4144 2146 4244; baseline -0.005 -12"><span class='ocrx_word' id='word_1_476' title='bbox 141 4183 305 4232; x_wconf 89' lang='lat' dir='ltr'><strong>mansura</strong></span> <span class='ocrx_word' id='word_1_477' title='bbox 321 4170 371 4228; x_wconf 88' lang='lat' dir='ltr'><strong>est</strong></span> <span class='ocrx_word' id='word_1_478' title='bbox 387 4155 545 4228; x_wconf 87' lang='lat' dir='ltr'><strong>Ecclesia</strong></span> <span class='ocrx_word' id='word_1_479' title='bbox 559 4152 639 4226; x_wconf 82' lang='lat' dir='ltr'><strong>Dei.</strong></span> <span class='ocrx_word' id='word_1_480' title='bbox 856 4144 863 4154; x_wconf 72' lang='grc'>’</span> <span class='ocrx_word' id='word_1_481' title='bbox 1174 4165 1229 4224; x_wconf 91' lang='lat' dir='ltr'><strong>cte</strong></span> <span class='ocrx_word' id='word_1_482' title='bbox 1245 4151 1360 4222; x_wconf 91' lang='lat' dir='ltr'><strong>Deum</strong></span> <span class='ocrx_word' id='word_1_483' title='bbox 1382 4153 1580 4225; x_wconf 87' lang='lat' dir='ltr'><strong>invocante.</strong></span> <span class='ocrx_word' id='word_1_484' title='bbox 1631 4151 1739 4223; x_wconf 82' lang='lat' dir='ltr'><strong>Hcrnc</strong></span> <span class='ocrx_word' id='word_1_485' title='bbox 1757 4157 1890 4223; x_wconf 88' lang='lat' dir='ltr'><strong>servari</strong></span> <span class='ocrx_word' id='word_1_486' title='bbox 1914 4176 2064 4244; x_wconf 87' lang='lat' dir='ltr'><strong>prorsus</strong></span> <span class='ocrx_word' id='word_1_487' title='bbox 2085 4176 2146 4225; x_wconf 85' lang='lat' dir='ltr'><strong>nor</strong></span> 
     </span>
     <span class='ocr_line' id='line_1_40' title="bbox 232 4254 2130 4354; baseline -0.002 -21"><span class='ocrx_word' id='word_1_488' title='bbox 232 4262 359 4334; x_wconf 85' lang='lat' dir='ltr'><strong>&#39;Huius</strong></span> <span class='ocrx_word' id='word_1_489' title='bbox 374 4258 657 4351; x_wconf 84' lang='lat' dir='ltr'><strong>amplificationis</strong></span> <span class='ocrx_word' id='word_1_490' title='bbox 673 4254 824 4327; x_wconf 88' lang='lat' dir='ltr'><strong>illustria</strong></span> <span class='ocrx_word' id='word_1_491' title='bbox 849 4257 1005 4351; x_wconf 89' lang='lat' dir='ltr'><strong>exempla</strong></span> <span class='ocrx_word' id='word_1_492' title='bbox 1026 4275 1124 4354; x_wconf 91' lang='lat' dir='ltr'><strong>sunt,</strong></span> <span class='ocrx_word' id='word_1_493' title='bbox 1173 4254 1325 4327; x_wconf 89' lang='lat' dir='ltr'><strong>dubium</strong></span> <span class='ocrx_word' id='word_1_494' title='bbox 1343 4270 1413 4341; x_wconf 88' lang='lat' dir='ltr'><strong>est,</strong></span> <span class='ocrx_word' id='word_1_495' title='bbox 1439 4255 1575 4325; x_wconf 85' lang='lat' dir='ltr'><strong>etiamsi</strong></span> <span class='ocrx_word' id='word_1_496' title='bbox 1592 4258 1748 4326; x_wconf 90' lang='lat' dir='ltr'><strong>membra</strong></span> <span class='ocrx_word' id='word_1_497' title='bbox 1765 4256 1884 4350; x_wconf 89' lang='lat' dir='ltr'><strong>aliqua</strong></span> <span class='ocrx_word' id='word_1_498' title='bbox 1899 4259 2130 4330; x_wconf 85' lang='lat' dir='ltr'><strong>trucidantur.</strong></span> 
     </span>
     <span class='ocr_line' id='line_1_41' title="bbox 139 4352 2148 4449; baseline 0.002 -13"><span class='ocrx_word' id='word_1_499' title='bbox 139 4365 232 4437; x_wconf 90' lang='lat' dir='ltr'><strong>bella</strong></span> <span class='ocrx_word' id='word_1_500' title='bbox 248 4359 491 4448; x_wconf 89' lang='lat' dir='ltr'><strong>Sennaherib,</strong></span> <span class='ocrx_word' id='word_1_501' title='bbox 514 4360 700 4430; x_wconf 90' lang='lat' dir='ltr'><strong>Persarum</strong></span> <span class='ocrx_word' id='word_1_502' title='bbox 717 4373 751 4430; x_wconf 89' lang='lat' dir='ltr'><strong>et</strong></span> <span class='ocrx_word' id='word_1_503' title='bbox 766 4359 961 4431; x_wconf 85' lang='lat' dir='ltr'><strong>Alexandri</strong></span> <span class='ocrx_word' id='word_1_504' title='bbox 976 4363 1123 4447; x_wconf 87' lang='lat' dir='ltr'><strong>bellum,</strong></span> <span class='ocrx_word' id='word_1_505' title='bbox 1276 4355 1461 4428; x_wconf 87' lang='lat' dir='ltr'><strong>Praeterea</strong></span> <span class='ocrx_word' id='word_1_506' title='bbox 1477 4381 1557 4427; x_wconf 90' lang='lat' dir='ltr'><strong>cum</strong></span> <span class='ocrx_word' id='word_1_507' title='bbox 1579 4356 1615 4425; x_wconf 91' lang='lat' dir='ltr'><strong>in</strong></span> <span class='ocrx_word' id='word_1_508' title='bbox 1633 4352 1699 4426; x_wconf 93' lang='lat' dir='ltr'><strong>hac</strong></span> <span class='ocrx_word' id='word_1_509' title='bbox 1715 4359 1786 4430; x_wconf 88' lang='lat' dir='ltr'><strong>vita</strong></span> <span class='ocrx_word' id='word_1_510' title='bbox 1801 4382 1890 4449; x_wconf 85' lang='lat' dir='ltr'><strong>opus</strong></span> <span class='ocrx_word' id='word_1_511' title='bbox 1907 4357 1954 4427; x_wconf 70' lang='lat' dir='ltr'><strong>sil</strong></span> <span class='ocrx_word' id='word_1_512' title='bbox 1968 4360 2148 4441; x_wconf 57' lang='lat' dir='ltr'><strong>domicilia</strong></span> 
     </span>
     <span class='ocr_line' id='line_1_42' title="bbox 141 4459 2149 4562; baseline -0.004 -21"><span class='ocrx_word' id='word_1_513' title='bbox 141 4468 284 4562; x_wconf 90' lang='lat' dir='ltr'><strong>Syriaca</strong></span> <span class='ocrx_word' id='word_1_514' title='bbox 302 4480 335 4537; x_wconf 85' lang='lat' dir='ltr'><strong>ct</strong></span> <span class='ocrx_word' id='word_1_515' title='bbox 350 4464 512 4537; x_wconf 84' lang='lat' dir='ltr'><strong>Romana</strong></span> <span class='ocrx_word' id='word_1_516' title='bbox 537 4462 648 4541; x_wconf 88' lang='lat' dir='ltr'><strong>bella,</strong></span> <span class='ocrx_word' id='word_1_517' title='bbox 674 4461 857 4553; x_wconf 88' lang='lat' dir='ltr'><strong>inquibus</strong></span> <span class='ocrx_word' id='word_1_518' title='bbox 882 4486 962 4531; x_wconf 93' lang='lat' dir='ltr'><strong>cum</strong></span> <span class='ocrx_word' id='word_1_519' title='bbox 986 4464 1131 4535; x_wconf 59' lang='lat' dir='ltr'><strong>vicina-⁴</strong></span> <span class='ocrx_word' id='word_1_520' title='bbox 1174 4462 1274 4532; x_wconf 88' lang='lat' dir='ltr'><strong>Deus</strong></span> <span class='ocrx_word' id='word_1_521' title='bbox 1292 4460 1396 4529; x_wconf 90' lang='lat' dir='ltr'><strong>ctiam</strong></span> <span class='ocrx_word' id='word_1_522' title='bbox 1410 4459 1549 4552; x_wconf 89' lang='lat' dir='ltr'><strong>aliquos</strong></span> <span class='ocrx_word' id='word_1_523' title='bbox 1563 4460 1667 4528; x_wconf 89' lang='lat' dir='ltr'><strong>nidos</strong></span> <span class='ocrx_word' id='word_1_524' title='bbox 1688 4473 1723 4531; x_wconf 91' lang='lat' dir='ltr'><strong>et</strong></span> <span class='ocrx_word' id='word_1_525' title='bbox 1744 4460 1880 4553; x_wconf 88' lang='lat' dir='ltr'><strong>aliquas</strong></span> <span class='ocrx_word' id='word_1_526' title='bbox 1903 4461 2051 4550; x_wconf 89' lang='lat' dir='ltr'><strong>politias</strong></span> <span class='ocrx_word' id='word_1_527' title='bbox 2070 4484 2149 4533; x_wconf 85' lang='lat' dir='ltr'><strong>seca·</strong></span> 
     </span>
     <span class='ocr_line' id='line_1_43' title="bbox 129 4557 2150 4659; baseline -0.003 -19"><span class='ocrx_word' id='word_1_528' title='bbox 129 4593 221 4640; x_wconf 87' lang='lat' dir='ltr'><strong>rum</strong></span> <span class='ocrx_word' id='word_1_529' title='bbox 245 4569 403 4659; x_wconf 88' lang='lat' dir='ltr'><strong>gentium</strong></span> <span class='ocrx_word' id='word_1_530' title='bbox 426 4564 571 4657; x_wconf 90' lang='lat' dir='ltr'><strong>politiae</strong></span> <span class='ocrx_word' id='word_1_531' title='bbox 589 4577 623 4634; x_wconf 88' lang='lat' dir='ltr'><strong>et</strong></span> <span class='ocrx_word' id='word_1_532' title='bbox 636 4562 824 4652; x_wconf 86' lang='lat' dir='ltr'><strong>religiones</strong></span> <span class='ocrx_word' id='word_1_533' title='bbox 839 4564 941 4632; x_wconf 91' lang='lat' dir='ltr'><strong>valde</strong></span> <span class='ocrx_word' id='word_1_534' title='bbox 968 4581 1124 4639; x_wconf 90' lang='lat' dir='ltr'><strong>mutatae</strong></span> <span class='ocrx_word' id='word_1_535' title='bbox 1174 4565 1313 4655; x_wconf 88' lang='lat' dir='ltr'><strong>perdat</strong></span> <span class='ocrx_word' id='word_1_536' title='bbox 1328 4557 1411 4632; x_wconf 92' lang='lat' dir='ltr'><strong>huic</strong></span> <span class='ocrx_word' id='word_1_537' title='bbox 1426 4561 1575 4651; x_wconf 87' lang='lat' dir='ltr'><strong>agmini:</strong></span> <span class='ocrx_word' id='word_1_538' title='bbox 1592 4564 1652 4631; x_wconf 91' lang='lat' dir='ltr'><strong>sed</strong></span> <span class='ocrx_word' id='word_1_539' title='bbox 1669 4558 1736 4633; x_wconf 89' lang='lat' dir='ltr'><strong>hoc</strong></span> <span class='ocrx_word' id='word_1_540' title='bbox 1752 4561 1943 4632; x_wconf 86' lang='lat' dir='ltr'><strong>discrimen</strong></span> <span class='ocrx_word' id='word_1_541' title='bbox 1960 4577 2030 4648; x_wconf 90' lang='lat' dir='ltr'><strong>est,</strong></span> <span class='ocrx_word' id='word_1_542' title='bbox 2052 4562 2150 4634; x_wconf 82' lang='lat' dir='ltr'><strong>Tem·</strong></span> 
     </span>
     <span class='ocr_line' id='line_1_44' title="bbox 139 4662 2150 4757; baseline -0.003 -14"><span class='ocrx_word' id='word_1_543' title='bbox 139 4672 231 4757; x_wconf 90' lang='lat' dir='ltr'><strong>sint,</strong></span> <span class='ocrx_word' id='word_1_544' title='bbox 256 4684 375 4742; x_wconf 90' lang='lat' dir='ltr'><strong>tamen</strong></span> <span class='ocrx_word' id='word_1_545' title='bbox 389 4668 486 4741; x_wconf 90' lang='lat' dir='ltr'><strong>Deus</strong></span> <span class='ocrx_word' id='word_1_546' title='bbox 499 4664 712 4736; x_wconf 90' lang='lat' dir='ltr'><strong>mirabiliter</strong></span> <span class='ocrx_word' id='word_1_547' title='bbox 730 4665 817 4736; x_wconf 84' lang='lat' dir='ltr'><strong>texit</strong></span> <span class='ocrx_word' id='word_1_548' title='bbox 837 4688 922 4736; x_wconf 90' lang='lat' dir='ltr'><strong>suae</strong></span> <span class='ocrx_word' id='word_1_549' title='bbox 941 4669 1123 4740; x_wconf 90' lang='lat' dir='ltr'><strong>doctrinae</strong></span> <span class='ocrx_word' id='word_1_550' title='bbox 1175 4688 1261 4755; x_wconf 91' lang='lat' dir='ltr'><strong>pore</strong></span> <span class='ocrx_word' id='word_1_551' title='bbox 1282 4664 1369 4753; x_wconf 85' lang='lat' dir='ltr'><strong>legis</strong></span> <span class='ocrx_word' id='word_1_552' title='bbox 1389 4662 1570 4735; x_wconf 89' lang='lat' dir='ltr'><strong>Mosaicae</strong></span> <span class='ocrx_word' id='word_1_553' title='bbox 1592 4665 1796 4735; x_wconf 91' lang='lat' dir='ltr'><strong>nominatus</strong></span> <span class='ocrx_word' id='word_1_554' title='bbox 1817 4663 1887 4734; x_wconf 85' lang='lat' dir='ltr'><strong>luit</strong></span> <span class='ocrx_word' id='word_1_555' title='bbox 1908 4678 2031 4735; x_wconf 86' lang='lat' dir='ltr'><strong>certus</strong></span> <span class='ocrx_word' id='word_1_556' title='bbox 2051 4667 2150 4744; x_wconf 87' lang='lat' dir='ltr'><strong>locus,</strong></span> 
     </span>
     <span class='ocr_line' id='line_1_45' title="bbox 140 4766 2193 4849; baseline -0.005 -2"><span class='ocrx_word' id='word_1_557' title='bbox 140 4775 256 4847; x_wconf 90' lang='lat' dir='ltr'><strong>sedem</strong></span> <span class='ocrx_word' id='word_1_558' title='bbox 274 4770 528 4845; x_wconf 86' lang='lat' dir='ltr'><strong>etEcclesiam.</strong></span> <span class='ocrx_word' id='word_1_559' title='bbox 1175 4791 1271 4837; x_wconf 85' lang='lat' dir='ltr'><strong>nnnc</strong></span> <span class='ocrx_word' id='word_1_560' title='bbox 1293 4789 1368 4834; x_wconf 93' lang='lat' dir='ltr'><strong>non</strong></span> <span class='ocrx_word' id='word_1_561' title='bbox 1389 4767 1597 4837; x_wconf 87' lang='lat' dir='ltr'><strong>nominatus</strong></span> <span class='ocrx_word' id='word_1_562' title='bbox 1621 4779 1673 4837; x_wconf 87' lang='lat' dir='ltr'><strong>est</strong></span> <span class='ocrx_word' id='word_1_563' title='bbox 1695 4780 1810 4836; x_wconf 89' lang='lat' dir='ltr'><strong>certus</strong></span> <span class='ocrx_word' id='word_1_564' title='bbox 1832 4766 1949 4849; x_wconf 90' lang='lat' dir='ltr'><strong>locus,</strong></span> <span class='ocrx_word' id='word_1_565' title='bbox 1984 4780 2149 4839; x_wconf 79' lang='lat' dir='ltr'><strong>ettamen</strong></span> <span class='ocrx_word' id='word_1_566' title='bbox 2191 4798 2193 4837; x_wconf 78' lang='grc' dir='ltr'>ε</span> 
     </span>
     <span class='ocr_line' id='line_1_46' title="bbox 131 4864 2193 4967; baseline -0.003 -22"><span class='ocrx_word' id='word_1_567' title='bbox 131 4892 139 4902; x_wconf 90' lang='grc'><em>·</em></span> <span class='ocrx_word' id='word_1_568' title='bbox 241 4874 326 4947; x_wconf 84' lang='lat' dir='ltr'><strong>ldeo</strong></span> <span class='ocrx_word' id='word_1_569' title='bbox 343 4874 503 4967; x_wconf 90' lang='lat' dir='ltr'><strong>sequitur</strong></span> <span class='ocrx_word' id='word_1_570' title='bbox 520 4871 557 4938; x_wconf 91' lang='lat' dir='ltr'><strong>in</strong></span> <span class='ocrx_word' id='word_1_571' title='bbox 576 4883 702 4963; x_wconf 88' lang='lat' dir='ltr'><strong>quarto</strong></span> <span class='ocrx_word' id='word_1_572' title='bbox 717 4890 820 4939; x_wconf 88' lang='lat' dir='ltr'><strong>versu</strong></span> <span class='ocrx_word' id='word_1_573' title='bbox 836 4870 984 4939; x_wconf 89' lang='lat' dir='ltr'><strong>alterum</strong></span> <span class='ocrx_word' id='word_1_574' title='bbox 1011 4896 1123 4940; x_wconf 87' lang='lat' dir='ltr'><strong>mem·</strong></span> <span class='ocrx_word' id='word_1_575' title='bbox 1174 4864 1356 4941; x_wconf 85' lang='lat' dir='ltr'><strong>datDeus</strong></span> <span class='ocrx_word' id='word_1_576' title='bbox 1379 4869 1498 4962; x_wconf 89' lang='lat' dir='ltr'><strong>aliqua</strong></span> <span class='ocrx_word' id='word_1_577' title='bbox 1520 4869 1720 4952; x_wconf 90' lang='lat' dir='ltr'><strong>domicilia,</strong></span> <span class='ocrx_word' id='word_1_578' title='bbox 1746 4867 1948 4938; x_wconf 88' lang='lat' dir='ltr'><strong>sicutenim</strong></span> <span class='ocrx_word' id='word_1_579' title='bbox 1971 4871 2012 4937; x_wconf 89' lang='lat' dir='ltr'><strong>in</strong></span> <span class='ocrx_word' id='word_1_580' title='bbox 2027 4871 2150 4963; x_wconf 85' lang='lat' dir='ltr'><strong>populo</strong></span> <span class='ocrx_word' id='word_1_581' title='bbox 2190 4896 2193 4905; x_wconf 93' lang='grc'><strong><em>·</em></strong></span> 
     </span>
     <span class='ocr_line' id='line_1_47' title="bbox 67 4965 2150 5064; baseline -0.006 -13"><span class='ocrx_word' id='word_1_582' title='bbox 67 5016 72 5023; x_wconf 85' lang='grc'>·</span> <span class='ocrx_word' id='word_1_583' title='bbox 138 4983 243 5052; x_wconf 89' lang='lat' dir='ltr'><strong>hrum</strong></span> <span class='ocrx_word' id='word_1_584' title='bbox 267 4976 486 5057; x_wconf 86' lang='lat' dir='ltr'><strong>collationis,</strong></span> <span class='ocrx_word' id='word_1_585' title='bbox 511 4965 706 5042; x_wconf 78' lang='lat' dir='ltr'><strong>Fluminis</strong></span> <span class='ocrx_word' id='word_1_586' title='bbox 730 4966 845 5039; x_wconf 79' lang='lat' dir='ltr'><strong>rivuli</strong></span> <span class='ocrx_word' id='word_1_587' title='bbox 871 4968 1048 5064; x_wconf 78' lang='lat' dir='ltr'><strong>rigabunt</strong></span> <span class='ocrx_word' id='word_1_588' title='bbox 1072 4970 1123 5040; x_wconf 82' lang='lat' dir='ltr'><strong>ci·</strong></span> <span class='ocrx_word' id='word_1_589' title='bbox 1175 4969 1285 5041; x_wconf 80' lang='lat' dir='ltr'><strong>lsrael</strong></span> <span class='ocrx_word' id='word_1_590' title='bbox 1309 4971 1581 5062; x_wconf 90' lang='lat' dir='ltr'><strong>promissionem</strong></span> <span class='ocrx_word' id='word_1_591' title='bbox 1608 4971 1726 5062; x_wconf 89' lang='lat' dir='ltr'><strong>potius</strong></span> <span class='ocrx_word' id='word_1_592' title='bbox 1747 4973 1791 5040; x_wconf 91' lang='lat' dir='ltr'><strong>de</strong></span> <span class='ocrx_word' id='word_1_593' title='bbox 1806 4965 1964 5039; x_wconf 83' lang='lat' dir='ltr'><strong>Ecclesia</strong></span> <span class='ocrx_word' id='word_1_594' title='bbox 1985 4996 2094 5063; x_wconf 83' lang='lat' dir='ltr'><strong>quam</strong></span> <span class='ocrx_word' id='word_1_595' title='bbox 2115 4974 2150 5041; x_wconf 88' lang='lat' dir='ltr'><strong>de</strong></span> 
     </span>
     <span class='ocr_line' id='line_1_48' title="bbox 44 5068 2150 5170; baseline -0.003 -19"><span class='ocrx_word' id='word_1_596' title='bbox 44 5125 45 5128; x_wconf 61' lang='lat'><em>=</em></span> <span class='ocrx_word' id='word_1_597' title='bbox 139 5081 286 5152; x_wconf 78' lang='lat' dir='ltr'><strong>vitatem</strong></span> <span class='ocrx_word' id='word_1_598' title='bbox 309 5074 404 5162; x_wconf 79' lang='lat' dir='ltr'><strong>Det,</strong></span> <span class='ocrx_word' id='word_1_599' title='bbox 440 5077 540 5170; x_wconf 90' lang='lat' dir='ltr'><strong>quasi</strong></span> <span class='ocrx_word' id='word_1_600' title='bbox 564 5075 673 5145; x_wconf 91' lang='lat' dir='ltr'><strong>dicat:</strong></span> <span class='ocrx_word' id='word_1_601' title='bbox 703 5068 852 5142; x_wconf 87' lang='lat' dir='ltr'><strong>Etiamsi</strong></span> <span class='ocrx_word' id='word_1_602' title='bbox 869 5074 955 5143; x_wconf 88' lang='lat' dir='ltr'><strong>alibi</strong></span> <span class='ocrx_word' id='word_1_603' title='bbox 972 5087 1063 5144; x_wconf 88' lang='lat' dir='ltr'><strong>terra</strong></span> <span class='ocrx_word' id='word_1_604' title='bbox 1088 5089 1122 5144; x_wconf 92' lang='lat' dir='ltr'><strong>et</strong></span> <span class='ocrx_word' id='word_1_605' title='bbox 1174 5074 1252 5143; x_wconf 92' lang='lat' dir='ltr'><strong>loco</strong></span> <span class='ocrx_word' id='word_1_606' title='bbox 1267 5073 1417 5163; x_wconf 88' lang='lat' dir='ltr'><strong>intelligi</strong></span> <span class='ocrx_word' id='word_1_607' title='bbox 1434 5073 1559 5145; x_wconf 86' lang='lat' dir='ltr'><strong>voluit.</strong></span> <span class='ocrx_word' id='word_1_608' title='bbox 1613 5071 1697 5143; x_wconf 93' lang='lat' dir='ltr'><strong>ldeo</strong></span> <span class='ocrx_word' id='word_1_609' title='bbox 1715 5072 1879 5164; x_wconf 91' lang='lat' dir='ltr'><strong>dispersit</strong></span> <span class='ocrx_word' id='word_1_610' title='bbox 1897 5073 2022 5140; x_wconf 87' lang='lat' dir='ltr'><strong>decem</strong></span> <span class='ocrx_word' id='word_1_611' title='bbox 2039 5075 2150 5152; x_wconf 82' lang='lat' dir='ltr'><strong>tribus,</strong></span> 
     </span>
     <span class='ocr_line' id='line_1_49' title="bbox 136 5171 2193 5283; baseline -0.005 -28"><span class='ocrx_word' id='word_1_612' title='bbox 136 5208 232 5256; x_wconf 90' lang='lat' dir='ltr'><strong>mare</strong></span> <span class='ocrx_word' id='word_1_613' title='bbox 257 5192 418 5278; x_wconf 85' lang='lat' dir='ltr'><strong>quassata</strong></span> <span class='ocrx_word' id='word_1_614' title='bbox 439 5179 684 5248; x_wconf 87' lang='lat' dir='ltr'><strong>miscebuntur</strong></span> <span class='ocrx_word' id='word_1_615' title='bbox 713 5174 751 5243; x_wconf 91' lang='lat' dir='ltr'><strong>in</strong></span> <span class='ocrx_word' id='word_1_616' title='bbox 773 5200 885 5246; x_wconf 92' lang='lat' dir='ltr'><strong>unum</strong></span> <span class='ocrx_word' id='word_1_617' title='bbox 910 5171 1036 5265; x_wconf 92' lang='lat' dir='ltr'><strong>chaos,</strong></span> <span class='ocrx_word' id='word_1_618' title='bbox 1068 5189 1121 5244; x_wconf 86' lang='lat' dir='ltr'><strong>ta·</strong></span> <span class='ocrx_word' id='word_1_619' title='bbox 1144 5188 1148 5283; x_wconf 64' lang='lat' dir='ltr'><strong>y</strong></span> <span class='ocrx_word' id='word_1_620' title='bbox 1172 5191 1208 5246; x_wconf 87' lang='lat' dir='ltr'><strong>et</strong></span> <span class='ocrx_word' id='word_1_621' title='bbox 1227 5189 1348 5267; x_wconf 91' lang='lat' dir='ltr'><strong>postea</strong></span> <span class='ocrx_word' id='word_1_622' title='bbox 1364 5174 1511 5245; x_wconf 86' lang='lat' dir='ltr'><strong>abduxit</strong></span> <span class='ocrx_word' id='word_1_623' title='bbox 1525 5175 1658 5245; x_wconf 86' lang='lat' dir='ltr'><strong>tribum</strong></span> <span class='ocrx_word' id='word_1_624' title='bbox 1676 5173 1764 5246; x_wconf 92' lang='lat' dir='ltr'><strong>luda</strong></span> <span class='ocrx_word' id='word_1_625' title='bbox 1779 5176 1817 5243; x_wconf 91' lang='lat' dir='ltr'><strong>in</strong></span> <span class='ocrx_word' id='word_1_626' title='bbox 1833 5172 2077 5267; x_wconf 87' lang='lat' dir='ltr'><strong>Babylonem,</strong></span> <span class='ocrx_word' id='word_1_627' title='bbox 2099 5178 2151 5247; x_wconf 88' lang='lat' dir='ltr'><strong>de·</strong></span> <span class='ocrx_word' id='word_1_628' title='bbox 2191 5186 2193 5191; x_wconf 86' lang='lat'>&#39;</span> 
     </span>
     <span class='ocr_line' id='line_1_50' title="bbox 134 5273 2193 5408; baseline -0.005 -50"><span class='ocrx_word' id='word_1_629' title='bbox 134 5312 217 5359; x_wconf 87' lang='lat' dir='ltr'><strong>men</strong></span> <span class='ocrx_word' id='word_1_630' title='bbox 239 5310 314 5357; x_wconf 90' lang='lat' dir='ltr'><strong>non</strong></span> <span class='ocrx_word' id='word_1_631' title='bbox 336 5283 576 5355; x_wconf 90' lang='lat' dir='ltr'><strong>turbabuntur</strong></span> <span class='ocrx_word' id='word_1_632' title='bbox 596 5280 713 5349; x_wconf 83' lang='lat' dir='ltr'><strong>fontes</strong></span> <span class='ocrx_word' id='word_1_633' title='bbox 737 5291 771 5348; x_wconf 89' lang='lat' dir='ltr'><strong>et</strong></span> <span class='ocrx_word' id='word_1_634' title='bbox 787 5278 916 5361; x_wconf 88' lang='lat' dir='ltr'><strong>rivuli,</strong></span> <span class='ocrx_word' id='word_1_635' title='bbox 941 5279 1002 5370; x_wconf 88' lang='lat' dir='ltr'><strong>qul</strong></span> <span class='ocrx_word' id='word_1_636' title='bbox 1027 5274 1119 5348; x_wconf 90' lang='lat' dir='ltr'><strong>hanc</strong></span> <span class='ocrx_word' id='word_1_637' title='bbox 1144 5316 1147 5408; x_wconf 60' lang='lat' dir='ltr'><strong>y</strong></span> <span class='ocrx_word' id='word_1_638' title='bbox 1172 5279 1241 5349; x_wconf 89' lang='lat' dir='ltr'><strong>leta</strong></span> <span class='ocrx_word' id='word_1_639' title='bbox 1263 5275 1531 5369; x_wconf 82' lang='lat' dir='ltr'><strong>Hierosolyma,</strong></span> <span class='ocrx_word' id='word_1_640' title='bbox 1557 5291 1598 5348; x_wconf 86' lang='lat' dir='ltr'><strong>ut</strong></span> <span class='ocrx_word' id='word_1_641' title='bbox 1618 5279 1749 5348; x_wconf 88' lang='lat' dir='ltr'><strong>scirent</strong></span> <span class='ocrx_word' id='word_1_642' title='bbox 1764 5273 1943 5346; x_wconf 85' lang='lat' dir='ltr'><strong>Ecclesiae</strong></span> <span class='ocrx_word' id='word_1_643' title='bbox 1964 5280 2088 5349; x_wconf 90' lang='lat' dir='ltr'><strong>sedem</strong></span> <span class='ocrx_word' id='word_1_644' title='bbox 2108 5276 2150 5348; x_wconf 80' lang='lat' dir='ltr'><strong>ibi</strong></span> <span class='ocrx_word' id='word_1_645' title='bbox 2191 5328 2193 5335; x_wconf 87' lang='lat'>-</span> 
     </span>
     <span class='ocr_line' id='line_1_51' title="bbox 134 5378 2151 5481; baseline -0.003 -21"><span class='ocrx_word' id='word_1_646' title='bbox 134 5390 329 5474; x_wconf 86' lang='lat' dir='ltr'><strong>civitatem,</strong></span> <span class='ocrx_word' id='word_1_647' title='bbox 355 5411 446 5481; x_wconf 91' lang='lat' dir='ltr'><strong>quae</strong></span> <span class='ocrx_word' id='word_1_648' title='bbox 462 5399 511 5456; x_wconf 86' lang='lat' dir='ltr'><strong>cst</strong></span> <span class='ocrx_word' id='word_1_649' title='bbox 524 5384 625 5455; x_wconf 84' lang='lat' dir='ltr'><strong>sedes</strong></span> <span class='ocrx_word' id='word_1_650' title='bbox 638 5378 824 5472; x_wconf 86' lang='lat' dir='ltr'><strong>praecipua</strong></span> <span class='ocrx_word' id='word_1_651' title='bbox 841 5380 1023 5452; x_wconf 89' lang='lat' dir='ltr'><strong>doctrinae</strong></span> <span class='ocrx_word' id='word_1_652' title='bbox 1037 5380 1118 5463; x_wconf 86' lang='lat' dir='ltr'><strong>Dei,</strong></span> <span class='ocrx_word' id='word_1_653' title='bbox 1144 5414 1147 5427; x_wconf 93' lang='lat'><em>·</em></span> <span class='ocrx_word' id='word_1_654' title='bbox 1171 5382 1267 5466; x_wconf 86' lang='lat' dir='ltr'><strong>lore,</strong></span> <span class='ocrx_word' id='word_1_655' title='bbox 1299 5379 1505 5472; x_wconf 86' lang='lat' dir='ltr'><strong>ubicunque</strong></span> <span class='ocrx_word' id='word_1_656' title='bbox 1528 5403 1609 5451; x_wconf 90' lang='lat' dir='ltr'><strong>vera</strong></span> <span class='ocrx_word' id='word_1_657' title='bbox 1631 5380 1795 5454; x_wconf 88' lang='lat' dir='ltr'><strong>doctrina</strong></span> <span class='ocrx_word' id='word_1_658' title='bbox 1817 5392 1978 5460; x_wconf 76' lang='lat' dir='ltr'><strong>sonaret,</strong></span> <span class='ocrx_word' id='word_1_659' title='bbox 2011 5404 2081 5453; x_wconf 87' lang='lat' dir='ltr'><strong>nec</strong></span> <span class='ocrx_word' id='word_1_660' title='bbox 2100 5404 2151 5452; x_wconf 91' lang='lat' dir='ltr'><strong>su·</strong></span> 
     </span>
    </p>
   </div>
   <div class='ocr_carea' id='block_1_4' title="bbox 0 0 2280 5748">
    <p class='ocr_par' dir='ltr' id='par_1_4' title="bbox 0 0 2280 5748">
     <span class='ocr_line' id='line_1_52' title="bbox 0 0 2280 5748; baseline 0 0"><span class='ocrx_word' id='word_1_661' title='bbox 0 0 2280 5748; x_wconf 95' lang='lat' dir='ltr'><strong> </strong></span> 
     </span>
    </p>
   </div>
  </div>
 </body>
</html>
