4538 5754
632 251 677 324 V.
726 242 1048 333 EROTEMATA
1082 237 1418 319 DlALECTlCES.
1969 249 2047 330 682

96 438 145 510 st,
180 423 296 496 Filius
320 423 390 497 Dei
420 438 496 496 erat
525 422 564 491 in
592 422 783 514 principio.
840 423 1007 518 Syutaxis
1059 433 1121 491 aut
1137 415 1342 509 proprium,
1363 427 1424 486 aut
1441 426 1514 486 tota
1534 416 1695 489 delinitio
1721 421 1965 512 praedicatur,
1991 440 2045 501 ut:

96 528 175 598 ndit
197 528 416 607 subiectum,
443 524 622 608 Verbum,
648 524 774 609 idest,
799 522 914 595 Filius
928 524 1008 609 Dei,
1059 518 1179 591 Homo
1201 531 1253 589 est
1274 516 1409 587 animal
1429 516 1620 604 rationale,
1648 533 1712 591 etc.
1764 519 1904 594 Harum
1927 541 2044 598 autem

115 629 194 698 loco
227 629 423 699 subiectum
450 639 512 698 est.
546 624 699 718 Reliqua
726 648 822 715 pars:
856 623 944 696 Erat
968 628 1006 694 in
1059 619 1346 714 propositionum
1369 617 1515 690 materia
1541 634 1688 692 vocatur
1709 625 1896 699 naturalis.
1948 625 2045 698 Con·

96 731 214 822 cipio,
253 731 495 821 praedicatum
525 741 593 812 est,
627 741 661 796 et
683 728 809 818 copula
837 728 874 795 io
898 728 1007 799 verbo
1032 746 1035 809 ι
1059 727 1233 814 tingentes
1256 735 1359 806 sunt,
1393 719 1587 813 inquibus
1615 722 1810 795 accidentia
1839 729 2044 800 communia

96 831 253 902 tinclusa
270 843 340 912 est,
367 829 528 899 Verbum
556 842 607 899 est
630 850 796 918 persona,
821 852 895 897 non
919 852 1006 897 con·
1030 832 1034 911 Ι
1058 828 1103 895 de
1134 822 1300 893 subiectis
1331 821 1601 911 praedicantur,
1635 837 1690 893 ut:
1725 824 1831 918 Lapis
1857 842 1909 897 est
1931 830 2044 910 albus,

103 956 144 1002 ex
161 927 301 1016 nihilo,
326 933 387 1001 sed
406 955 495 1024 quae
513 930 583 1000 fuit
608 929 712 999 initio
735 931 849 1018 imago
872 930 1007 1000 aeterni
1030 913 1034 965 ¹
1058 923 1161 1019 Aqua
1187 937 1239 993 est
1254 924 1439 1008 calefacta,
1464 923 1604 992 Aeneas
1621 924 1707 994 vicit
1722 924 1899 1002 Turnum.
1952 929 2043 1000 Nam

96 1034 150 1114 is,
177 1033 391 1123 cogitatione
408 1032 525 1121 genita
542 1033 585 1099 de
600 1029 797 1101 substantia
812 1029 950 1101 Patris,
1030 1052 1033 1154 p
1058 1041 1091 1097 et
1106 1022 1174 1095 bae
1189 1026 1462 1116 propositiones,
1489 1025 1527 1093 in
1544 1024 1676 1118 quibus
1695 1031 1882 1118 praeterita
1900 1031 1944 1099 de
1959 1035 2044 1102 sub-

392 1138 419 1221 .'
547 1204 571 1220 ..
642 1205 650 1220 .
1029 1130 1147 1223 ,iecto
1164 1128 1351 1212 dicuntur,
1376 1150 1466 1219 quae
1485 1128 1616 1197 mutari
1633 1129 1703 1197 iam
1720 1144 1799 1221 post
1813 1133 1944 1200 factum
1969 1156 2042 1203 non

200 1206 260 1274 De
287 1201 591 1296 “elmlwnenfm
614 1223 824 1297 ⁸²9n⁰²⁴¹⁴m·
1029 1243 1032 1340 ἲ
1056 1241 1223 1320 possunt,
1255 1245 1429 1300 vocantur
1455 1229 1719 1317 contingentes,
1752 1232 1835 1323 quia
1863 1234 2043 1322 praedica-

116 1334 209 1407 Usus
228 1335 484 1426 particularum
503 1356 522 1401 a
539 1328 791 1402 Grammaticis
816 1332 1005 1401 discendus
1029 1341 1032 1419 1
1056 1345 1132 1401 tum
1150 1342 1202 1400 est
1217 1342 1313 1398 extra
1339 1330 1593 1415 substantiam,
1618 1352 1681 1401 seu
1706 1345 1801 1402 extra
1824 1335 2043 1405 substantia-

130 1435 212 1505 Non
229 1459 352 1505 omnes
368 1436 490 1504 stellae
507 1449 590 1505 sunt
606 1433 757 1503 maiores
784 1449 896 1513 terra,
923 1457 1006 1523 par·
1029 1426 1031 1504 i
1056 1433 1125 1501 lem
1141 1430 1384 1500 definitionem
1400 1432 1559 1501 subiecti.
1593 1430 1666 1501 Nec
1684 1433 1775 1502 illud
1791 1435 1918 1512 obstat,
1946 1440 2043 1528 quod

96 1537 176 1605 laris
191 1537 354 1626 negativa
371 1548 436 1619 est,
459 1536 496 1603 id
514 1549 577 1616 est,
603 1536 775 1628 quaedam
793 1535 914 1605 stellae
931 1557 1003 1602 non
1029 1511 1031 1577 i
1056 1533 1242 1623 praeterita
1261 1534 1390 1602 mutari
1412 1557 1485 1602 non
1504 1545 1664 1622 possunt.
1717 1533 1787 1606 Sed
1810 1536 1900 1604 illud
1926 1539 2044 1606 consi-

96 1639 262 1707 :rnaiores
279 1652 392 1721 terra,
417 1652 457 1707 ut
473 1637 596 1720 Luna,
625 1634 657 1702 V
660 1658 765 1719 enus,
789 1634 1004 1710 Mercurius.
1056 1637 1217 1718 deratur,
1244 1635 1329 1727 quid
1350 1635 1544 1704 necessario
1560 1634 1647 1704 insit
1662 1637 1892 1709 substantiae.
1944 1635 2043 1708 Con-

100 1740 200 1807 nulla
218 1741 312 1809 bona
336 1739 478 1826 ingenia
503 1737 781 1829 corrumpuntur
804 1737 928 1828 pravis
945 1761 1002 1807 so·
1056 1749 1124 1806 stat
1140 1749 1257 1805 autem
1272 1750 1368 1806 extra
1376 1736 1610 1807 substantiam
1618 1737 1758 1806 Aeneae
1770 1762 1844 1809 esse
1860 1733 2042 1809 basactio-

96 1840 163 1924 tiis,
189 1839 413 1929 particularis
427 1831 637 1908 affirmativa
654 1853 716 1924 est,
743 1840 781 1907 id
796 1853 858 1917 cst,
886 1839 1002 1932 aliqua
1055 1862 1117 1907 nes
1134 1851 1168 1908 et
1184 1851 1344 1918 eventus,
1371 1837 1536 1926 praeliari
1553 1850 1586 1908 et
1602 1838 1754 1908 vincere.
1783 1838 1908 1909 Postea
1923 1853 2042 1910 autem

96 1965 111 2011 a
136 1942 279 2031 ingenia
305 1953 582 2030 corrumpuntur
610 1942 868 2011 consuetudine
890 1940 1003 2010 malo·
1055 1963 1134 2008 cum
1158 1941 1202 2008 de
1222 1938 1425 2008 modalibus
1440 1939 1617 2023 dicemus,
1643 1940 1745 2029 plura
1770 1943 1814 2010 de
1838 1943 2042 2015 necessitate

96 2097 104 2111 .
159 2041 272 2112 Nemo
291 2066 364 2110 non
380 2054 477 2133 optat
491 2042 560 2110 sibi
576 2042 719 2112 divitias
734 2057 768 2112 et
784 2043 915 2112 bonam
940 2066 1001 2110 va·
1055 2053 1089 2110 et
1110 2040 1352 2128 contingentia
1377 2041 1551 2110 dicentur.
1604 2038 1899 2131 Contingentium
1922 2058 2040 2114 autem

96 2143 230 2228 linem,
269 2144 480 2212 universalis
510 2143 718 2212 affirmativa
751 2160 823 2228 est,
864 2145 900 2211 id
929 2158 1002 2224 est,
1055 2141 1338 2232 propositionum
1359 2142 1504 2212 materia
1526 2154 1672 2211 vocatur
1696 2145 1913 2233 contingens.
1968 2144 2040 2213 lm-

96 2267 138 2314 ies
160 2257 302 2336 optant,
329 2260 392 2315 etc.
445 2246 548 2314 Duae
575 2244 780 2334 negationes
793 2244 931 2317 Latinis
949 2246 1002 2314 la·
1054 2244 1238 2334 possibiles
1261 2256 1365 2326 sunt,
1399 2243 1436 2312 in
1463 2241 1593 2336 quibus
1615 2245 1807 2334 pugnantia
1831 2245 2040 2334 iunguntur,

96 2360 114 2417 ι
132 2347 423 2430 affirmationem,
448 2349 509 2413 sed
534 2347 668 2435 positus
685 2346 889 2417 discrimina
906 2346 1002 2421 lacit.
1053 2359 1114 2415 aut
1128 2345 1260 2438 species
1278 2346 1487 2437 disparatae,
1513 2357 1568 2414 ut:
1583 2342 1739 2429 Caecitas
1750 2360 1800 2417 est
1812 2347 1919 2433 visus,
1942 2349 2039 2438 Aper

96 2449 155 2517 ilia
177 2443 314 2539 phrasis
337 2463 387 2519 est
411 2446 561 2516 aliarum
583 2448 798 2538 linguarum.
850 2444 1000 2518 Ebraica
1053 2461 1254 2520 estcervus.
1305 2443 1442 2516 Harum
1459 2446 1604 2516 materia
1621 2462 1756 2518 remota
1774 2442 1914 2519 dicitur.
1966 2448 2039 2520 Re·

96 2551 155 2619 isis
183 2565 249 2620 est:
283 2548 365 2617 Non
388 2548 637 2618 iustificabitur
664 2551 700 2617 in
724 2563 914 2640 conspectu
939 2564 1000 2621 tuo
1053 2548 1167 2618 citatis
1194 2543 1250 2617 bis
1285 2548 1586 2617 communissimis
1617 2549 1874 2634 divisionibus,
1911 2552 2039 2621 addam

96 2653 134 2721 tis
153 2652 286 2734 vivens,
307 2652 344 2719 id
364 2663 426 2734 est,
451 2649 573 2720 nullus
586 2651 710 2737 vivens
721 2652 835 2721 iustus
852 2669 903 2722 est
917 2676 1000 2742 pro·
1053 2652 1210 2741 exempla
1226 2650 1394 2735 exercitii,
1421 2674 1492 2742 quo
1505 2650 1668 2720 rudiores
1686 2652 1941 2723 assuefaciendi
1956 2668 2040 2723 sunt

115 2753 316 2837 mundicie‚
343 2765 377 2820 et
399 2751 476 2820 sine
497 2766 637 2843 peccato
661 2776 778 2821 coram
800 2749 896 2838 Deo,
927 2749 1000 2822 Cu·
1052 2752 1095 2819 ad
1112 2752 1404 2821 considerandam
1422 2751 1598 2845 syntaxin,
1625 2756 1718 2822 etad
1737 2753 2039 2845 iudicandaspro·

96 2854 145 2924 iat
167 2851 343 2923 Dominus
368 2853 486 2922 omnia
509 2876 584 2922 ossa
605 2878 745 2938 eorum,
773 2866 807 2923 et
827 2878 939 2925 unum
959 2879 999 2923 ex
1053 2853 1266 2944 positiones,
1292 2864 1333 2922 ut
1348 2866 1440 2923 recte
1456 2867 1490 2923 et
1507 2855 1627 2922 dextre
1643 2853 1844 2943 intelligant
1861 2879 1930 2929 eas.
1979 2855 2038 2926 Fit

96 2979 164 3026 son
189 2969 411 3038 conteretur,
447 2955 483 3022 id
509 2968 578 3034 est,
613 2956 752 3024 nullum
787 2970 999 3026 conteretur.
1051 2966 1167 3023 autem
1197 2954 1427 3042 interrogatio
1458 2953 1623 3044 puerilis,
1664 2950 1731 3024 boc
1762 2959 1883 3025 modo:
1925 2955 2038 3044 Quae,

96 3070 199 3131 ctota
214 3057 412 3125 observatio
425 3053 665 3126 Grammatica
680 3069 742 3135 est,
768 3069 802 3126 et
817 3056 855 3124 in
868 3055 999 3127 Gram-
1051 3055 1185 3149 qualis,
1210 3056 1367 3148 quanta?
1417 3053 1536 3124 Prima
1551 3054 1726 3151 particula
1749 3055 1963 3145 interrogat,
1991 3083 2035 3127 an

96 3161 153 3228 ¹cis
169 3158 342 3229 exercitiis
359 3158 535 3226 discenda.
591 3154 765 3225 ideonon
787 3159 916 3228 addam
941 3155 998 3228 bic
1051 3157 1246 3249 propositio
1269 3158 1313 3227 sit
1337 3159 1542 3245 categorica.
1595 3150 1777 3243 Secunda,
1804 3181 1850 3226 an
1873 3160 1917 3227 sit
1940 3161 2036 3228 affir-

96 3286 115 3331 a
133 3261 303 3350 exempla.
330 3259 424 3329 Satis
439 3272 491 3329 est
504 3259 598 3327 enim
616 3259 910 3332 commonefactos
925 3283 998 3329 esse
1050 3259 1180 3328 mativa
1200 3274 1260 3328 aut
1284 3259 1459 3349 negativa.
1508 3255 1651 3343 Tertia,
1677 3282 1724 3327 an
1745 3259 1792 3329 sit
1813 3261 2036 3347 universalis,

96 3375 211 3445 entes,
239 3374 278 3430 ut
301 3356 393 3429 banc
416 3360 619 3431 varietatem
642 3360 839 3435 observent.
890 3358 998 3453 Apud
1049 3375 1110 3431 aut
1126 3362 1366 3452 particularis,
1393 3373 1454 3429 aut
1470 3357 1673 3447 indefinita,
1701 3375 1761 3433 aut
1777 3360 1975 3451 singularis.

96 3486 174 3532 eros
191 3462 302 3551 magis
317 3463 436 3530 varius
450 3475 501 3530 est
517 3485 601 3531 usus
617 3463 858 3549 negationum.
885 3463 998 3534 Strut-

96 3564 268 3635 studiosis
286 3564 361 3632 eius
384 3564 524 3650 linguae
545 3561 678 3656 ubique
704 3561 808 3633 obvia
830 3566 997 3654 exempla.
1079 3535 1126 3602 IV
1147 3534 1336 3625 primm
1362 3539 1450 3603 Μ
1474 3528 1641 3602 ‘'erim”
1692 3535 1819 3622 Quae,
1853 3536 1998 3627 Vnam>

98 3679 134 3736 et
157 3659 242 3733 baec
265 3665 462 3733 admonitio
482 3665 526 3733 de
549 3664 879 3754 signisnecessaria.
931 3665 996 3735 Vr·
1455 3630 1630 3727 VWVV?

96 3771 170 3838 lum
202 3779 270 3846 est,
303 3767 446 3859 quando
478 3765 688 3836 universalis
715 3791 796 3836 vere
825 3768 997 3858 significet
1150 3768 1376 3858 Categorica,
1401 3769 1630 3850 affirmativa,
1656 3781 1690 3837 et
1704 3768 1903 3858 singularis.
1941 3772 2069 3856 Nam⁸

96 3868 283 3946 'ersaliter‚
325 3868 467 3960 quaudo
492 3891 554 3957 per
578 3864 823 3960 synecdochen
855 3885 996 3940 contra·
1050 3866 1207 3937 Verbum
1223 3865 1289 3939 hoc
1304 3871 1381 3938 loco
1398 3870 1571 3958 significat
1583 3869 1721 3939 Filium
1737 3868 1817 3956 Dei,
1836 3887 1871 3942 et
1883 3890 1934 3946 est
1948 3877 2032 3944 sub-

96 3975 127 4041 la
145 3970 201 4053 sit,
227 3984 281 4039 ut:
309 3966 440 4037 Omnis
458 3967 586 4038 iudaea
603 3969 719 4040 exibat
734 3966 993 4045 adlohannem.
1048 3971 1177 4041 iectum
1196 3966 1302 4040 buius
1318 3970 1591 4063 propositionis,
1616 3971 1717 4043 cuius
1734 3975 1892 4044 membra
1907 3978 1954 4046 sic
1970 4001 2031 4046 or·

96 4097 146 4142 tac
163 4071 330 4141 varietate
347 4071 385 4139 in
403 4070 472 4139 fine
489 4069 861 4144 Dialectices‘dicetur.
1048 4074 1205 4144 dinanda
1221 4086 1319 4144 sunt:
1348 4072 1508 4145 Verbum
1526 4088 1600 4144 erat
1617 4074 1656 4143 in
1673 4074 1862 4166 principio.

269 4255 361 4336 θυαε
383 4261 430 4318 est
451 4259 573 4341 quarm
594 4249 738 4320 divisio?
1046 4249 1094 4318 ut
1115 4247 1223 4318 Deus
1246 4256 1329 4318 erat
1350 4246 1514 4321 verdum.
1548 4253 1677 4340 Quae,
1699 4248 1837 4342 qualis,
1862 4245 2029 4345 quantu?

110 4379 403 4474 Propositionum
421 4378 490 4448 alia
505 4401 585 4446 vera
603 4391 664 4461 est,
689 4379 757 4448 alia
770 4380 867 4448 falsa.
903 4376 995 4448 Vera
1148 4378 1367 4470 Categorica,
1393 4381 1624 4466 affirmativa,
1650 4395 1684 4451 et
1697 4380 1897 4468 singularis.
1937 4380 2026 4451 Nam

96 4482 299 4554 asseveratio
322 4503 402 4549 cum
428 4505 465 4549 re
491 4481 733 4567 consentiens,
767 4496 820 4553 ut:
846 4478 994 4551 Coelum
1047 4484 1141 4553 etin
1168 4477 1234 4553 hac
1263 4484 1424 4554 oratione
1450 4482 1607 4554 Verbum
1638 4481 1811 4570 significat
1839 4506 2026 4573 personam

96 4609 148 4654 rer
170 4596 343 4655 movetur.
405 4580 506 4650 Falsa
527 4594 579 4650 est
602 4584 715 4653 oratio
741 4583 996 4653 dissentiensa
1046 4585 1179 4655 Filium
1196 4582 1281 4670 Dei,
1307 4600 1340 4656 et
1355 4586 1552 4655 subiectum
1572 4597 1623 4653 est
1640 4577 1746 4651 huius
1763 4585 2027 4675 propositionis,

96 4701 147 4758 ut:
175 4682 301 4753 Plures
315 4697 397 4752 sunt
412 4682 557 4761 mundi,
578 4696 611 4750 et
628 4686 780 4755 subinde
796 4685 857 4752 alii
883 4686 996 4752 inter·
1047 4689 1147 4758 cuius
1175 4690 1333 4758 membra
1364 4689 1414 4758 sic
1438 4686 1637 4756 ordinanda
1659 4697 1762 4754 suut:
1801 4682 1853 4769 Et
1874 4690 2023 4757 verbum

104 4801 178 4875 ,et
192 4787 254 4854 alii
270 4811 309 4852 ex
326 4787 451 4854 atomis
466 4784 609 4854 conflati
625 4788 852 4871 exoriuntur,
877 4799 915 4855 ut
938 4787 996 4855 lu·
1047 4790 1246 4861 eratDeus.
1286 4788 1442 4860 Articuli
1458 4787 1553 4856 enim
1569 4787 1698 4859 usitate
1717 4788 1898 4861 adduntur
1913 4791 2025 4880 priori

96 4915 128 4960 er
142 4889 235 4958 dixit
251 4884 440 4977 Epicurus.
549 4919 556 4927 ·
1046 4895 1225 4975 membro,
1251 4891 1415 4960 videlicet
1435 4888 1618 4981 supposito
1642 4912 1705 4959 seu
1726 4890 1902 4974 subiecto,
1934 4907 2027 4962 utet

505 5066 514 5082 ,
982 4989 985 4993 ⁴
1049 4993 1281 5066 Germanicae
1296 4993 1437 5081 linguae
1453 4994 1671 5062 consuetudo
1690 5006 1750 5065 est.
1801 4987 1848 5062 Et
1865 4987 1949 5063 huic
1970 4996 2026 5063 di-

273 5067 365 5149 Quae
387 5073 435 5131 θη
456 5074 573 5155 ‘IV-”²¹⁰
595 5063 738 5135 dmm?
1046 5095 1229 5168 stinctioni
1245 5087 1352 5192 λόγος
1369 5095 1510 5166 additus
1527 5108 1580 5165 est
1596 5094 1783 5179 articulus,
1808 5119 1917 5187 quare
1942 5099 2026 5166 sub-

110 5194 403 5286 Propositionum
428 5194 517 5262 aliae
542 5209 623 5265 sunt
649 5197 882 5280 necessariae,
906 5196 995 5282 aliae
1046 5199 1126 5268 iecti
1144 5198 1261 5266 locum
1277 5210 1384 5270 tenet.
1425 5195 1609 5267 Praeterea
1626 5220 1704 5265 cum
1721 5197 1891 5266 vocabula
1912 5221 2025 5286 angu-

95 5300 276 5389 iogentes‚
290 5297 378 5364 aliae
394 5295 641 5387 impossibiles.
665 5293 886 5368 Necessariae
901 5315 994 5384 sunt,
1046 5300 1154 5369 stiora
1168 5299 1378 5369 declaranda
1400 5299 1474 5370 sint
1491 5323 1554 5391 per
1576 5298 1842 5383 communiora,
1867 5299 1903 5367 id
1928 5301 2024 5391 quod

96 5401 203 5472 uibus
228 5399 273 5467 de
295 5397 429 5488 specie,
463 5413 677 5487 autgerus,
701 5414 762 5472 aut
783 5400 996 5487 differentia,
1046 5401 1268 5473 communius
1282 5413 1344 5487 est,
1368 5414 1487 5476 teneat
1502 5399 1696 5495 praedicati
1709 5399 1852 5481 locum,
1864 5399 2050 5465 sidetem

1529 5500 1579 5576 b‘l
1594 5505 1618 5551 't
