4538 5754
118 252 191 330 on
354 234 564 314 sunum
590 231 668 307 en
692 230 809 309 uun.
837 226 908 306 au
934 229 1235 312 uisuntur.
1260 231 1328 308 ur
1353 229 1547 309 euuos.
1574 231 1899 317 superatum.
2008 179 2142 318 'on

288 408 475 502 Quomodo
499 405 764 481 discernuntur
782 400 941 497 portes?
1584 413 1722 480 Aliud.

224 534 304 608 Hoc
324 529 447 600 modo:
474 523 635 596 Partium
654 512 845 594 aliae'sunt
860 520 985 593 Minus
1000 520 1126 591 Prin-'
1305 523 1380 605 Lex
1407 537 1458 596 est
1485 525 1581 595 bona
1601 527 1758 618 legitime
1781 527 1917 615 utenti,
1950 543 1992 603 ut
2014 529 2139 604 Paulus

125 641 273 735 cipales‚
318 644 358 702 ut
381 629 422 698 in
445 649 593 718 corpore
617 620 775 695 bumano
801 647 920 709 corna,
958 647 1106 713 ungues.
1365 625 1529 712 affirmat,

126 748 213 820 Sine
242 737 298 808 bis
319 745 433 805 totum
458 750 532 797 esse
556 741 591 798 et
615 727 793 798 incolume
817 749 959 815 manere
983 738 1107 817 potest.
1312 725 1426 818 Igitur
1440 740 1476 799 et
1490 728 1715 818 magistratus
1731 755 1852 822 gerere
1865 757 2072 808 concessum
2087 749 2139 822 est,

125 846 229 920 Aliae
249 849 332 910 sunt
347 830 582 922 Principales,
608 829 685 899 sine
708 827 837 920 quibus
856 840 970 898 totum
987 851 1060 898 esse
1074 842 1107 898 et
1366 830 1451 925 quia
1477 831 1703 922 magistratus
1726 849 1777 906 est
1798 858 1855 907 res
1875 838 2043 911 ordinata
2064 862 2138 911 voce
2167 831 2169 834 ⁴

124 966 267 1019 manere
288 935 467 1008 incolume
490 955 565 1001 non
585 943 718 1024 potest,
744 941 784 999 ut
805 929 845 997 in
868 954 1016 1021 corpore
1039 924 1106 1000 bu·
1365 932 1463 1023 logie.
1857 1017 1887 1033 Μ
2006 963 2010 967 .

124 1072 231 1120 mano
253 1051 378 1133 caput,
410 1048 549 1128 pectus,
580 1058 659 1118 cor,
682 1043 826 1116 venter,
850 1026 1019 1118 brechia,
1044 1057 1107 1123 pe·
1441 1107 1449 1124 .

123 1154 197 1226 des.
248 1144 334 1218 Sine
356 1136 412 1210 bis
436 1160 511 1206 non
535 1149 651 1231 potest
672 1147 787 1206 totum
811 1156 884 1204 esse
904 1147 941 1206 et
965 1147 1108 1204 manere
1394 1105 1472 1177 9⁸⁰
1495 1102 1703 1179 80ΜᾶοΜ
1727 1112 1913 1208 wyslam.

122 1251 314 1326 incolume.
1261 1237 1448 1311 Destructa
1476 1264 1548 1311 una
1575 1242 1768 1335 principali
1795 1261 1912 1339 parte,
1945 1259 2061 1319 totum
2085 1249 2137 1318 de·

1160 1344 1330 1423 struitur,
1352 1356 1410 1414 ut:

1315 1441 1411 1514 Huic
1427 1442 1587 1514 aedificio
1604 1447 1701 1517 deest
1717 1462 1860 1532 tectum,

1368 1543 1451 1616 Non
1469 1559 1520 1616 est
1535 1547 1645 1635 igitur
1660 1551 1797 1622 domus.

1314 1647 1468 1741 Corpori
1486 1648 1671 1721 Ciceronis
1685 1654 1882 1742 praecisum
1899 1668 1951 1728 est
1968 1670 2082 1748 caput,

1368 1749 1451 1822 Non
1465 1752 1575 1841 igitur
1592 1754 1721 1825 mansit
1737 1756 1928 1826 incolumis
1942 1754 2079 1834 Cicero.

1255 1850 1370 1922 'Valet
1381 1854 1646 1946 consequentia,
1672 1857 1756 1949 quia
1770 1859 1948 1929 destructa
1963 1883 2036 1930 una
2052 1860 2137 1954 prin·

1162 1955 1267 2048 cipali
1284 1969 1383 2045 parte
1400 1968 1513 2026 toturn
1531 1956 1738 2033 destruitur.

1263 2055 1409 2128 Moneri
1430 2070 1547 2129 autern
1562 2053 1631 2129 boc
1646 2060 1724 2129 loco
1743 2060 1918 2131 discentes
1933 2085 2074 2133 necesse
2087 2076 2136 2143 est,
2169 2135 2171 2160 Ι

1275 2146 1433 2248 regulam
1456 2161 1500 2229 dc
1520 2161 1683 2253 partibus
1705 2163 1824 2253 loqui,
1855 2187 1931 2232 non
1954 2167 1999 2234 de
2020 2166 2138 2257 specie·
2168 2196 2171 2281 q

1291 2257 1373 2332 Non
1396 2261 1490 2330 enim
1519 2263 1613 2334 valet
1631 2265 1901 2357 consequentia,
1926 2283 2064 2340 remota
2078 2290 2137 2338 una
2167 2286 2171 2335 t

1163 2364 1278 2458 specie
1289 2362 1467 2433 removeri
1477 2386 1598 2452 genus,
1625 2378 1749 2435 utnon
1762 2367 1855 2437 valet
1867 2370 2128 2464 consequentia:

1316 2464 1395 2535 Hoc
1411 2488 1484 2533 non
1500 2479 1554 2536 est
1566 2464 1760 2548 Creticum,

1316 2564 1412 2666 Ergo
1427 2591 1502 2636 non
1516 2580 1569 2637 est
1582 2569 1720 2638 vinum.

1262 2668 1354 2740 Nam
1384 2694 1403 2739 a
1424 2670 1539 2760 specie
1561 2672 1607 2739 ad
1629 2693 1741 2760 genus
1765 2695 1841 2740 non
1864 2678 2140 2762 argumentamur

1161 2772 1342 2863 negative,
1370 2771 1440 2841 nisi
1457 2795 1581 2841 omnes
1596 2773 1727 2864 species
1743 2789 2011 2852 enumerentur.

387 1391 605 1471 Secundum
626 1389 842 1466 discrimen.

227 1519 389 1592 Portium
412 1512 664 1609 principalium
688 1512 778 1583 aliae
801 1511 970 1583 dicuntur
992 1533 1110 1582 essen-

125 1630 227 1702 tiales
243 1647 304 1693 scu
319 1611 595 1696 substantiales,
621 1613 920 1704 aliaeIntegroles.
971 1611 1109 1684 Dicun-

125 1748 186 1803 tur
206 1740 323 1798 autem
339 1718 554 1792 Essentiales
575 1740 637 1787 seu
652 1715 899 1787 substantiales
914 1716 1060 1786 materia
1076 1729 1112 1788 ει

124 1837 259 1914 forma,
292 1839 334 1895 ut
357 1844 484 1914 corpus
506 1833 540 1889 et
562 1816 680 1888 anima
701 1831 784 1888 sunt
806 1831 922 1909 partes
944 1819 1109 1888 substan-

127 1935 227 2007 tiales
255 1925 422 1998 hominis.
480 1919 550 1993 Sed
573 1933 687 2012 partes
712 1919 899 2010 integrales
920 1944 940 1990 ε
965 1919 1109 2014 quanti·

125 2051 197 2109 tate
226 2056 287 2102 seu
314 2048 463 2098 numero
491 2023 764 2116 appellationem
787 2018 937 2106 babent,
967 2035 1009 2093 ut
1029 2046 1110 2092 curn

125 2139 256 2208 molem
290 2128 483 2224 partimur,
522 2149 585 2196 seu
622 2145 788 2194 numeros
818 2121 1030 2209 dividimus,
1071 2138 1112 2195 ut
1160 2153 1253 2231 hm

126 2257 252 2314 trunco
283 2258 342 2304 sex
372 2231 502 2322 pedum
530 2228 679 2296 dissecto
707 2225 746 2293 in
776 2237 892 2314 partes
921 2225 1112 2317 bipedales,
1161 2264 1227 2339 hus

126 2341 194 2414 bae
211 2339 381 2410 dicuntur
395 2345 510 2423 partes
525 2327 724 2416 integrales.
777 2324 888 2418 Saepe
901 2327 940 2397 in
953 2328 1111 2398 relativis
1230 2314 1240 2338 ’

126 2440 334 2515 nominibus
362 2434 498 2503 utimur
521 2426 588 2499 bac
612 2426 865 2521 appellatione,
895 2442 936 2502 ιιι
959 2429 1111 2501 civitatis

127 2558 242 2640 partes
279 2534 468 2626 integrales
505 2545 589 2602 sunt
620 2529 863 2621 magistratus,
902 2533 1111 2614 sacerdotes,
1147 2552 1153 2564 ·

127 2630 269 2720 senatus
302 2652 336 2710 et
372 2635 536 2729 populus.
607 2631 736 2703 ludicii
771 2647 887 2725 partes
920 2635 1112 2726 integrales

128 2762 229 2821 sunt:
256 2740 370 2814 oratio
387 2737 534 2816 actoris,
559 2734 673 2806 oratio
688 2734 759 2821 rei,
785 2738 1003 2824 testimonia,
1028 2761 1111 2808 sen-

126 2850 238 2924 tentia
252 2843 390 2916 iudicis.
433 2838 686 2912 Conversionis
701 2861 762 2908 seu
778 2839 1016 2929 poenitentiae
1030 2863 1113 2934 par-

127 2963 178 3026 tes
200 2945 390 3031 contritio,
423 2944 526 3026 tides,
556 2948 649 3011 nov'a
672 2941 888 3018 obedientia.
938 2941 1113 3036 Baptismi

126 3071 244 3150 partes
270 3061 370 3120 sunt:
407 3045 535 3116 mersio
560 3044 772 3136 inaquam,
803 3057 838 3114 et
863 3045 1112 3136 pronunciatio

127 3161 336 3236 verborum,
363 3173 452 3244 quae
468 3148 508 3216 fit
521 3148 565 3216 ab
582 3136 801 3245 intelligente
816 3141 913 3218 bunc
927 3147 1055 3231 ritum,
1080 3160 1114 3217 et
1318 3165 1319 3168 ’
1575 3128 1736 3222 Reputo.

128 3287 200 3330 non
218 3263 466 3328 contemnente
483 3249 642 3318 divinam
660 3245 943 3332 ordinationem,
972 3250 1031 3319 sed
1049 3243 1114 3318 ha·
1266 3259 1417 3351 Quoties
1438 3275 1729 3353 argumentamur
1747 3285 1768 3330 a
1790 3261 1987 3344 divisione,
2015 3286 2077 3335 ιρι]
2091 3285 2151 3353 ge.

42 3370 46 3375 ’
128 3367 232 3432 bente
247 3357 315 3427 hoc
330 3351 572 3445 propositum,
597 3360 855 3419 ullewrffllef
869 3348 990 3435 ficiat,
1018 3352 1113 3444 (ιῦοἆ
1163 3365 1259 3435 ιιειὶε
1281 3365 1320 3433 ἱιι
1343 3363 1493 3455 species,
1519 3386 1581 3434 seu
1601 3364 1711 3434 totius
1725 3362 1764 3432 in
1780 3377 1917 3455 partes,
1943 3367 2005 3437 bat
2018 3366 2149 3454 integra

129 3463 301 3534 divinitus
317 3455 488 3525 traditum
504 3463 568 3521 ⁶⁵¹·
1165 3468 1388 3539 enumeratio
1405 3466 1600 3557 specierum
1618 3489 1678 3535 seu
1695 3465 1871 3558 partium,
1899 3480 1954 3536 nt:

532 3640 542 3656 ‚
1317 3564 1450 3641 Omnis
1463 3568 1565 3639 stella
1579 3582 1639 3639 aut
1652 3582 1702 3638 est
1715 3568 1801 3653 lira,
1825 3579 1888 3638 aut
1901 3569 2065 3658 planeta,
2089 3590 2148 3637 nec

418 3693 424 3706 ·
486 3642 563 3712 9⁸⁰
585 3637 754 3734 fedum·
1371 3671 1589 3762 suntplures
1606 3669 1750 3761 species,

494 3843 499 3850 ,
553 3775 687 3839 Primo.
1320 3771 1463 3845 Cometa
1478 3796 1553 3840 non
1569 3788 1620 3843 est
1635 3771 1701 3840 lira
1717 3771 1817 3841 stella
1835 3795 1899 3841 nec
1915 3772 2070 3862 planeta,

231 3881 351 3952 Posito
372 3891 469 3962 toto,
496 3897 636 3944 necesse
657 3887 707 3944 est
732 3874 817 3966 poni
837 3898 962 3945 ornnes
982 3875 1118 3968 princi·
1318 3872 1401 3944 Non
1419 3888 1467 3944 est
1487 3874 1595 3963 igitur
1611 3872 1723 3945 stella.
1834 3940 1840 3949 ,

130 3988 226 4080 pales
243 3996 369 4078 partes.
1268 3972 1351 4045 Non
1373 3997 1446 4044 esse
1468 3975 1571 4043 lixam
1596 3973 1690 4045 oculi
1710 3986 1903 4059 testantur,
1928 3976 2013 4069 quia
2034 3995 2149 4046 omnes

1169 4090 1325 4148 cometae
1356 4077 1555 4166 agitantur,
1587 4089 1622 4145 et
1646 4076 1790 4168 quidem
1813 4076 1921 4145 variis
1940 4079 2098 4148 motibus
2119 4087 2152 4146 ct

1167 4179 1312 4270 rapidis.
1371 4176 1454 4248 Non
1482 4200 1555 4248 esse
1574 4178 1751 4270 planetam
1774 4178 1860 4246 inde
1884 4178 2149 4259 ratiocinamur,

282 4325 396 4417 lgitur
414 4323 591 4393 debentur
608 4316 696 4402 cibi,
723 4328 835 4386 vestes
850 4328 885 4385 et
900 4310 1084 4390 habitatio.
1167 4279 2151 4474 ὲζίἓηέΐξῗὲἶρὲῘῖὃξῗέἑῖξᾚέυὲἰιὲῗωυῐῑᾛῗῑίἰῑ

1495 4437 1506 4466 s
1927 4435 1938 4467 s
2134 4422 2150 4436 ⁶

496 4549 502 4557 ,
553 4458 692 4525 Aliud·
797 4555 805 4571 ,
924 4554 933 4570 ,
991 4553 1037 4571 ,,
1168 4486 1302 4570 dimus,
1329 4498 1363 4555 et
1385 4498 1508 4554 narrat
1522 4481 1672 4568 Seneca,
1698 4496 1779 4552 ante
1794 4482 1930 4553 bellum
1947 4478 2152 4566 Achaicum,

287 4564 518 4653 Masslsifflffi
540 4571 591 4628 ‘⁸²
608 4571 726 4627 ⁰⁰⁸¹⁰⁵
740 4553 1119 4675 {⁰¹f⁰³‚¹‘3¹⁸,d¹'j¹¹¹³⁹’
1167 4588 1207 4657 in
1236 4612 1307 4680 quo
1329 4578 1543 4670 Corinthus,
1575 4579 1722 4656 Thebae
1743 4597 1776 4654 ει
1798 4584 1887 4654 aliae
1910 4585 2046 4656 multae
2069 4583 2150 4656 civi-

341 4665 438 4761 (ιῦοἆ
453 4663 697 4782 idf¹l⁰r¹¹³¹¹¹
716 4658 943 4749 ‘l'ffll'hmm
960 4668 1096 4740 ²¹¹¹¹¹²¹²
1170 4702 1258 4760 tates
1288 4713 1308 4759 a
1332 4684 1507 4760 Romanis
1531 4687 1693 4757 funditus
1715 4686 1851 4757 deletae
1870 4700 1973 4772 sunt,
2007 4709 2150 4780 conspe-

287 4768 383 4861 Efg⁰
406 4764 440 4836 ei
462 4789 596 4857 immae
611 4761 885 4882 tabulaecmtm
900 4770 961 4829 ²⁸¹·
1012 4754 1121 4880 cum
1170 4804 1266 4864 ctum
1289 4786 1362 4863 es'se
1384 4801 1556 4860 cometam
1574 4787 1668 4860 Solis
1691 4787 1956 4877 magnitudine,
1982 4801 2019 4858 et
2034 4790 2152 4881 paula·

340 4869 451 4960 ῗὲῗῑῃΐ
473 4879 566 4936 ‘⁰⁰¹²
588 4867 726 4949 d⁰⁰ffi²
753 4875 789 4933 ‘t
803 4860 944 4932 ⁸b⁰¹⁰⁸²
959 4871 1121 4931 ‘¹¹⁰¹¹¹⁰⁸
1169 4894 1270 4966 latim
1292 4894 1506 4964 absumtum.
1554 4888 1616 4961 Sic
1631 4880 1840 4961 Aristoteles
1862 4915 1926 4982 per
1943 4891 2154 4962 divisionem

1410 2975 1478 3058 De
1503 2975 1596 3058 loco
1621 2999 1648 3059 a
1672 2976 1898 3066 divisione.

414 4147 432 4177 ι
523 4118 723 4201 Exempla.

284 4222 328 4293 ln
343 4222 457 4309 legato
474 4216 733 4310 promittuntur
747 4212 928 4294 alimenta,

250 5044 257 5053 -
342 4959 964 5057 ⁶⁰¹¹¹¹⁵3⁶⁰¹⁰mm⁶²b¹³⁸ph⁸mi⁸⁸·
1170 4996 1320 5091 quaerit,
1345 4995 1432 5090 quid
1449 4994 1495 5063 sit
1510 4991 1632 5067 virtus.
1675 4989 1719 5061 ln
1733 4994 1850 5062 anima
1866 4988 1953 5062 baec
1967 5007 2068 5096 sunt:
2096 5017 2154 5085 po·

560 5108 695 5176 Aliud.
942 5124 944 5126 ’
1170 5098 1318 5184 tentiae,
1348 5095 1523 5180 actiones,
1555 5094 1717 5181 affectus,
1745 5095 1924 5167 naturales
1953 5096 2155 5168 inclinatio-

169 5226 170 5230 ’
291 5213 424 5284 Τοιιιιιι
441 5207 612 5279 iudicium
630 5220 683 5277 est
696 5230 751 5276 res
765 5204 957 5297 approbata
973 5226 991 5272 a
1006 5199 1095 5287 Deo,
1171 5223 1253 5282 nes,
1278 5214 1315 5284 et
1329 5192 1471 5268 babitus
1488 5220 1529 5265 ex
1547 5197 1748 5268 actionibus
1762 5198 1850 5282 orti,
1873 5211 1912 5268 ut
1928 5212 2036 5268 artes.
2087 5196 2156 5267 De-

284 5313 382 5405 Ergo
399 5327 432 5383 et
449 5324 564 5402 partes
581 5333 765 5381 concessae
781 5321 883 5389 sunt,
910 5327 1071 5378 accusare
1087 5317 1123 5376 et
1173 5304 1257 5373 inde
1281 5302 1324 5371 de
1345 5299 1494 5389 singulis
1516 5299 1857 5408 membrisdisserit‚
1884 5301 1998 5369 donec
2015 5299 2158 5374 remotis

341 5415 568 5509 respondere.
1171 5403 1333 5489 caeteris,
1361 5400 1545 5475 constituit
1561 5402 1725 5475 virtutem
1742 5396 1904 5473 habitum
1921 5426 2005 5472 esse.
