4538 5754
115 245 226 321 1009.
324 245 325 249 ’
1937 302 1944 316 1
2012 251 2145 327 ,1010
2193 246 2196 250 ’

113 416 315 495 beneficiis,
351 430 385 486 et
423 415 661 485 accusationes
696 438 775 482 curn
814 413 1103 506 amplificatione:
1129 409 1134 495 l
1157 427 1293 502 gestans
1319 434 1445 502 panem
1479 422 1740 498 consecratum,
1771 412 1860 482 sicut
1882 411 2061 486 Persicum
2085 443 2141 488 re-

113 514 284 592 Caeterae
305 529 426 610 gentes
451 519 499 588 ita
524 517 659 587 deletae
680 539 720 584 ac
734 516 924 608 dissipatae
939 530 1039 599 sunt,
1065 528 1104 584 ut
1157 539 1246 604 gem,
1272 514 1501 606 praecedebat
1515 535 1637 606 equus,
1663 527 1800 601 gestans
1816 515 1944 604 ignem,
1971 520 2030 610 qni
2047 524 2141 609 apud

115 645 191 693 non
213 621 287 692 sint
310 619 505 691 restitutae:
543 614 616 688 Vos
642 617 778 689 etiamsi
807 619 912 687 eratis
935 616 1106 707 dissipati,
1157 615 1279 687 Persas
1302 616 1504 698 colebatur,
1532 629 1563 685 et
1595 614 1845 685 nominabatur
1870 612 2078 705 Ocimasda,
2103 622 2141 690 id

113 735 237 794 tamen
261 721 435 794 divinitus
456 719 610 792 restituti
633 720 733 803 estis,
766 719 857 791 sicut
877 719 995 812 inquit
1012 716 1104 787 lere·
1157 732 1227 810 est,
1253 720 1374 788 lumen
1390 730 1562 787 sanctum.
1614 710 1672 783 Ad
1693 710 1784 785 hanc
1800 729 1908 787 totam
1925 722 2144 810 profanatio-

115 824 226 895 tnias:
254 818 701 902 MisericordiaeDomini,
727 822 824 913 quod
839 845 913 891 non
929 819 1103 890 consumti
1157 845 1240 889 nem
1260 819 1557 892 accommodanda
1582 830 1634 886 est
1656 811 1741 885 haec
1770 818 1879 890 tristis
1900 826 2073 894 accusatio
2098 828 2142 893 cle

537 241 642 316 viu.
670 189 672 191 ⁸
696 239 1096 346 axrtrca'nonas
1123 240 1173 312 ru
1199 241 1399 314 rutatum
1427 237 1733 358 ualeamus.
1824 301 1829 309 .

116 944 253 997 sumus.
291 923 398 996 luitio
409 936 526 995 autem
541 935 650 994 totam
664 935 801 1013 gentem
816 935 964 1006 accusat,
986 933 1104 1014 postea

117 1014 332 1130 nominatim
346 1025 542 1120 alloquitur
557 1027 764 1096 sacerdotes.

271 1189 431 1295 offertis
452 1217 594 1291 punem
617 1196 811 1290 pollutum.

220 1331 399 1427 quuitur
414 1346 532 1404 autem
548 1334 593 1403 de
608 1333 759 1423 panibus
773 1330 1039 1424 propositionis,
1065 1343 1104 1400 ut

102 1449 242 1507 noster
258 1449 373 1507 textos
390 1435 572 1517 nominat,
597 1436 641 1505 de
657 1436 922 1528 quibusextant
938 1435 1104 1503 mandata

117 1532 239 1618 Exodi
252 1533 315 1610 26.
331 1549 365 1608 et
384 1535 534 1608 Levitiei
547 1539 609 1609 24.
624 1536 689 1606 ubi
705 1537 804 1607 iubet
822 1557 931 1626 panes
957 1536 1004 1606 12
1029 1533 1104 1602 sin-

117 1637 214 1728 gulis
234 1634 390 1709 sabbatis
421 1638 593 1708 collocare
618 1637 657 1705 in
683 1660 839 1708 mensam
874 1637 1103 1711 tabernaculi.

119 1736 168 1810 Et
181 1730 347 1830 singulos
358 1738 437 1811 vult
449 1739 528 1809 fieri
548 1762 589 1808 ex
611 1740 749 1810 duabus
763 1737 909 1832 decimis
926 1733 1040 1830 Epiri,
1065 1739 1104 1808 id

119 1853 173 1913 est
195 1839 377 1913 medimui
403 1835 527 1911 Attici.
586 1838 674 1911 Erat
708 1854 826 1912 autem
856 1840 988 1931 decima
1020 1835 1104 1932 ephi

119 1953 256 2034 septem
285 1940 428 2013 sextarii
458 1942 613 2026 farinae,
655 1957 688 2015 et
725 1943 908 2035 aliquanto
942 1942 1105 2034 amplius.

118 2039 238 2114 Erant
259 2041 368 2133 igitur
388 2044 479 2113 duae
494 2044 650 2114 decimae
668 2043 936 2136 quatuordecim
951 2043 1104 2117 sextarii.

122 2141 222 2214 Hinc
238 2143 391 2235 intelligi
408 2157 522 2236 potest
538 2168 646 2237 panes
663 2147 813 2234 grandes
828 2144 947 2237 luisse,
972 2159 1007 2216 et
1023 2145 1105 2238 qui-

120 2245 202 2333 dem
224 2260 459 2335 congruentes
485 2248 529 2316 ad
560 2268 760 2316 mensuram
786 2247 912 2316 veteris
935 2247 1103 2316 demensi.

120 2340 283 2418 Chaenix
297 2346 432 2417 farinae
447 2361 522 2418 erat
537 2347 640 2440 panis
662 2372 726 2440 pro
742 2361 894 2441 quatuor
910 2349 1106 2418 nummulis

122 2447 352 2523 nostratibus.
417 2445 634 2520 Continebat
673 2453 798 2520 autem
825 2442 973 2518 chaenix
1015 2451 1106 2519 duos

121 2548 292 2622 sextarios
311 2549 459 2624 farinae.
509 2551 603 2640 Ergo
619 2575 711 2622 unua
736 2550 837 2643 panis
853 2552 1106 2642 propositionis

121 2649 329 2722 continebat
349 2666 481 2743 septem
505 2647 708 2737 chaenicas,
731 2666 771 2722 ut
794 2675 888 2723 unns
913 2654 1015 2744 panis
1031 2654 1114 2749 suf-x

123 2751 241 2825 liceret
253 2751 336 2823 nani
349 2748 507 2823 hominis
523 2779 586 2845 per
606 2754 852 2846 septimanam.
1084 2737 1120 2764 'L

223 2849 322 2924 Haec
341 2853 591 2941 observentur,
626 2869 668 2927 ut
690 2872 793 2926 causa
822 2856 925 2938 istius
955 2855 1044 2927 ritus
1072 2867 1108 2925 et

123 2952 260 3026 utilitas
279 2955 540 3036 consideretur,
569 2957 650 3050 quia
677 2952 734 3025 his
766 2957 917 3048 panibus
946 2958 1107 3027 alebatur

123 3050 232 3125 buius
248 3057 440 3127 sacerdotis
454 3057 588 3128 familia
606 3058 666 3152 qui
682 3083 746 3129 suo
762 3072 919 3151 tempore
934 3059 1107 3128 sacrifica-

123 3156 191 3225 bat.
245 3151 353 3243 Quod
367 3172 484 3234 autem
500 3159 637 3253 inquit,
664 3157 799 3230 Offerri
817 3183 923 3252 panes
938 3161 1105 3252 pollutos,

125 3256 313 3348 praecipue
333 3259 378 3337 de
397 3261 557 3350 personis
577 3260 813 3353 intelligatur,
838 3286 928 3356 quae
950 3262 1106 3353 pollutae

126 3373 225 3431 eraut
245 3358 368 3452 impiis
389 3362 640 3453 opinionibus,
664 3364 763 3435 cultu
792 3364 1000 3457 idolorum,·
1021 3363 1106 3433 libi-

127 3458 290 3546 dinibus,
320 3460 416 3531 odiis
435 3463 648 3549 factionum,
685 3464 903 3555 parricidiis,
930 3479 966 3547 et
988 3478 1106 3537 tamen

126 3558 338 3644 offerebant,
363 3574 398 3633 et
420 3563 599 3654 fingebant
622 3562 709 3638 haec
732 3567 898 3637 sacrificia
920 3588 995 3636 esse
1009 3590 1107 3637 sum-

126 3677 183 3733 ma·
204 3663 350 3743 merita,
376 3676 417 3735 ut
439 3661 573 3736 Oniam
594 3691 773 3738 summum
796 3670 1013 3739 sacerdotem
1045 3693 1107 3738 cu-

128 3764 215 3834 ravit
228 3763 381 3836 interfici
394 3765 501 3836 lrater
511 3766 713 3856 Menelaus,
738 3784 773 3840 et
785 3771 914 3841 invasit
929 3793 1107 3842 summum

128 3866 371 3941 sacerdotium.
421 3865 482 3940 Sic
496 3869 692 3941 offerebant
717 3862 918 3943 sacerdotes
927 3867 1108 3943 Pharisaei
1126 3898 1129 3913 ·

128 3977 161 4036 et
180 3964 380 4039 Sadducaei
407 3969 586 4062 inquinati
608 3973 707 4042 tetris
730 3975 908 4043 erroribus
930 3989 965 4046 et
986 3975 1108 4045 multis

127 4067 327 4143 sceleribus.
385 4066 529 4141 Talium
559 4074 727 4146 sacrificia
757 4089 841 4145 aunt
871 4075 978 4166 impia
1011 4077 1108 4164 iuxta

125 4166 258 4252 dictum
279 4166 363 4239 Pro.
389 4165 449 4242 15.
482 4171 653 4245 Victimae
677 4176 869 4266 impiorum
889 4178 1108 4248 abominatio

125 4258 289 4341 Domini:
313 4264 446 4344 Oratio
457 4286 573 4344 autem
589 4290 764 4347 rectorum
782 4278 894 4368 placet
912 4279 963 4359 ei,
991 4293 1027 4349 et
1039 4275 1109 4350 Ec·

126 4370 220 4443 clesi.
244 4367 299 4443 4.:
334 4370 468 4444 Melior
493 4390 545 4446 est
567 4378 787 4465 obedientia,
812 4404 917 4472 quam
945 4378 1108 4451 victimae

125 4473 335 4573 stultorum,
361 4476 423 4567 qui
441 4478 605 4549 nesciunt
630 4495 801 4572 quantum
818 4470 948 4553 saciant
965 4482 1109 4553 malum.

124 4568 255 4647 Oreas:
282 4572 566 4673 Misericordiam
588 4580 688 4665 volo,
720 4607 794 4652 non
810 4584 1031 4656 sacrificium.

92 4736 98 4756 ,
224 4672 414 4749 Praesidet
430 4692 548 4750 autem
564 4679 719 4774 Spiritus
735 4699 879 4761 sanctus„
897 4686 934 4753 in
949 4681 1109 4778 Prophe-

122 4776 336 4872 tisloquens
358 4781 402 4851 de
425 4781 576 4872 panibus
596 4785 741 4875 pollutis
757 4787 862 4857 ctiam
878 4786 1108 4859 calamitatem

119 4891 320 4971 postremae
342 4875 540 4969 Ecclesiae,
567 4885 605 4953 in
631 4911 699 4981 qua
721 4911 829 4958 coena
850 4885 1002 4957 vDomini
1023 4885 1110 4959 hor-

120 4979 279 5052 ribiliter
300 4985 539 5058 contaminata
563 5001 626 5061 est.
675 4987 765 5058 Nam
798 4975 984 5060 sacrificuli
1010 4992 1110 5083 papi·
1163 4977 1171 4987 ⁵

120 5082 203 5152 ttici
225 5083 392 5154 adferunt
412 5077 457 5154 ad
481 5111 556 5157 earn
574 5089 727 5178 pollutas
747 5106 880 5162 mentes
897 5092 1016 5182 impiis
1031 5093 1111 5185 opi-

122 5183 298 5255 nionibus
314 5198 347 5255 et
361 5187 584 5279 turpitudine
599 5192 709 5277 vitae,
732 5206 767 5262 ct
782 5195 819 5263 lit
834 5195 993 5265 adoratio
1010 5195 1111 5286 panis

121 5299 222 5357 extra
246 5285 448 5373 institutum
466 5313 587 5376 usum,
613 5317 703 5385 quae
724 5307 776 5363 est
797 5297 981 5366 manifesta
996 5297 1111 5367 idola-

121 5386 204 5459 tria.
256 5382 389 5479 Papam
412 5391 450 5461 in
474 5394 610 5482 magnis
631 5396 769 5487 pompis
788 5399 973 5488 praecedit·
1001 5423 1112 5493 equus

175 5490 356 5559 Mensura.
376 5495 479 5561 Orrn.
502 5499 584 5562 Vm..
602 5500 694 5569 Xlll.
743 5528 746 5533 ¹

1157 946 1248 1014 pane
1271 922 1427 1012 polluto,
1451 933 1486 991 et
1509 921 1553 987 de
1575 918 1798 1010 despectione
1824 945 1974 992 mensae.
2025 925 2083 996 Sic
2109 940 2143 996 et

1158 1026 1252 1113 apud
1290 1019 1432 1092 Esaiam
1470 1020 1670 1091 tristissima
1701 1022 1842 1115 querela
1878 1038 1929 1093 est
1967 1049 2041 1116 cap.
2064 1026 2140 1097 28.:

1158 1120 1295 1194 Omnes
1315 1125 1409 1192 enim
1435 1146 1574 1191 mensae
1603 1122 1757 1213 repletae
1786 1137 1869 1194 stant
1893 1127 2034 1196 <vomitu
2066 1149 2142 1197 sor-

1157 1227 1259 1295 dium
1283 1240 1347 1298 etc.
1408 1222 1503 1294 Haec
1530 1218 1707 1293 horrenda
1741 1225 1831 1293 mala
1864 1231 2082 1315 agnoscenda
2109 1244 2142 1301 et

1157 1329 1374 1418 deploranda
1391 1341 1484 1412 sunt,
1500 1337 1535 1395 et
1549 1326 1704 1395 orandus
1718 1337 1769 1394 est
1783 1323 1897 1396 Filius
1909 1325 1990 1413 Dei,
2014 1344 2052 1400 ut
2068 1332 2143 1423 ipse
2167 1353 2170 1357 ’

1157 1455 1196 1500 ea
1231 1431 1411 1522 emendet,
1441 1427 1641 1521 quaerenda
1672 1426 1778 1498 etiam
1803 1453 1885 1500 vera
1907 1431 2067 1502 doctrina
2098 1435 2142 1501 de

1157 1555 1266 1603 coena
1283 1529 1430 1603 Domini
1449 1543 1484 1600 et
1498 1528 1577 1598 aliis
1592 1527 1759 1600 cultibus.

1403 1752 1464 1804 DE
1499 1748 1670 1803 COENA
1705 1751 1895 1807 noutrtt.

1258 1868 1376 1942 Etiam
1410 1883 1566 1941 vetustas
1602 1869 1727 1941 recitat
1750 1865 1857 1960 ⁴banc
1887 1870 2142 1950 definitionem.

1156 1974 1424 2045 Sacramentum
1446 1985 1497 2041 est
1517 1971 1658 2061 signum
1675 1973 1823 2062 gratiae:
1851 1975 1946 2045 iuxta
1970 1972 2061 2047 hanc
2080 1979 2142 2047 de·

1156 2076 1355 2145 finitionem
1376 2088 1469 2144 recte
1486 2073 1699 2145 intellectam
1716 2075 1809 2144 nulli
1830 2077 1919 2154 ritus
1942 2100 2002 2147 seu
2026 2092 2142 2169 gestus

1156 2178 1311 2248 instituti
1324 2173 1480 2247 humana
1495 2177 1682 2252 autoritate
1697 2190 2014 2254 suntsacramenta.
2054 2179 2142 2250 ltem

1157 2282 1248 2350 ritus
1273 2279 1408 2370 divini,
1434 2278 1591 2370 quinon
1613 2292 1695 2348 sunt
1716 2280 1859 2369 proprie
1875 2281 1974 2370 signa
1991 2283 2142 2374 promis·-

1158 2383 1267 2452 sionis
1291 2383 1335 2450 de
1351 2380 1552 2450 Mediatore
1575 2394 1608 2450 et
1625 2381 1754 2468 gratia,
1778 2406 1851 2450 non
1866 2384 2009 2472 proprie
2025 2384 2143 2453 uomi-

1158 2500 1291 2555 nantur
1311 2494 1548 2565 sacramenta,
1579 2495 1620 2552 ut
1650 2482 1867 2571 coniugium.
1918 2483 1987 2554 Sed
2015 2485 2144 2555 omissa

1158 2580 1377 2676 logomaclria
1409 2584 1559 2654 sciamus
1586 2596 1802 2654 sacramenta
1843 2585 1880 2653 in
1911 2610 2004 2656 novo
2037 2600 2144 2658 testa-

1158 2701 1278 2758 mento
1301 2708 1373 2755 esse
1395 2687 1486 2757 ritus
1499 2685 1680 2756 institutos
1693 2687 1739 2755 ab
1754 2686 1831 2776 ipso
1849 2687 1948 2757 Filio
1964 2686 2052 2769 Dei,
2081 2689 2144 2782 qui

1004 2771 1013 2799 l
1076 2785 1083 2794 ’
1158 2804 1242 2862 sunt
1256 2788 1354 2878 signa
1369 2788 1591 2857 testificantia
1608 2789 1652 2856 de
1675 2788 1908 2878 promissione
1925 2792 2076 2882 gratiae,
2104 2805 2144 2860 ut.

1159 2903 1241 2961 sunt
1255 2887 1474 2980 Baptismus,
1500 2885 1618 2958 Coena
1633 2884 1795 2993 Domini.

1262 3021 1356 3093 Sunt
1377 3034 1494 3092 autem
1520 3020 1674 3090 instituti
1701 3019 1790 3090 ritus
1817 3034 1961 3113 propter
1986 3025 2145 3114 publicas
2204 3038 2206 3042 '

1159 3139 1193 3196 et
1208 3125 1362 3217 privatas
1376 3145 1516 3204 causas,
1542 3122 1683 3213 publice
1696 3136 1781 3192 sunt
1794 3124 1891 3212 signa
1907 3125 2146 3196 distinctionis

1159 3223 1335 3298 Ecclesiae
1361 3251 1381 3297 a
1403 3226 1547 3295 caeteris
1568 3219 1792 3310 hominibus,
1825 3240 1864 3296 ut
1887 3227 2082 3318 baptismus
2112 3242 2145 3300 et

1158 3353 1268 3399 coena
1290 3325 1438 3397 Domini
1462 3326 1667 3396 discernunt
1685 3323 1879 3397 Ecclesiam
1902 3329 1946 3397 ab
1976 3329 2056 3398 aliis
2079 3326 2145 3400 ho·
2186 3380 2189 3385 -

1158 3430 1326 3502 minibus.
1381 3428 1469 3501 Vult
1499 3429 1594 3497 enirn
1621 3424 1718 3499 Deus
1754 3452 1831 3499 eam
1862 3430 2035 3522 conspici,
2069 3433 2148 3502 vult

1159 3532 1301 3624 agnosci
1316 3530 1450 3603 Filium
1465 3546 1501 3605 et
1513 3530 1672 3601 exaudiri
1690 3531 1818 3604 intuto
1835 3555 1962 3622 genere
1978 3527 2147 3619 humano,

1159 3635 1250 3705 sicut
1265 3633 1398 3705 dictum
1415 3648 1483 3705 est:
1508 3630 1616 3703 Hune
1630 3633 1760 3705 audite.
1811 3632 1919 3719 ltem,
1946 3631 1988 3703 ln
2003 3660 2145 3706 omnem

1157 3751 1290 3808 terram
1311 3736 1419 3807 exivit
1438 3758 1556 3818 sonus,
1572 3758 1706 3808 eorum.
1758 3734 1846 3807 Vult
1867 3750 1984 3807 extare
2009 3739 2146 3808 conles-

1160 3839 1317 3922 sionem,
1341 3852 1376 3909 et
1396 3838 1518 3906 notam
1540 3859 1613 3906 esse
1634 3836 1895 3908 invocationem
1921 3838 2146 3915 Sanctorum.

1161 3940 1268 4025 ltem,
1293 3936 1411 4009 Coena
1432 3936 1581 4008 Domini
1597 3952 1648 4008 est
1663 3962 1793 4025 nervus
1809 3941 1972 4032 publicae
1996 3966 2146 4031 cougre-

1160 4041 1326 4135 gationis:
1352 4042 1435 4136 quia
1450 4042 1545 4112 enim
1561 4040 1656 4113 Deus
1670 4036 1738 4111 hoc
1750 4046 1856 4114 modo
1872 4044 2007 4132 colligit
2022 4039 2146 4113 Eccle-

1161 4147 1250 4216 siam
1274 4157 1308 4214 et
1322 4168 1395 4214 non
1419 4145 1543 4237 aliter,
1566 4141 1700 4215 scilicet
1720 4159 1805 4215 voce
1827 4141 2034 4235 Evangelii,
2067 4144 2146 4215 vult

1160 4243 1253 4317 hanc
1282 4268 1407 4318 sonare
1444 4247 1482 4315 in
1518 4245 1671 4338 publicis
1702 4241 1858 4315 honestis
1879 4245 2145 4332 ‘'congressibns,

1160 4351 1250 4419 sicut
1264 4349 1396 4418 dictum
1422 4362 1490 4418 est:
1518 4346 1560 4417 ln
1577 4348 1820 4416 conveniendo
1837 4349 2008 4438 populum
2031 4361 2064 4417 et
2088 4374 2147 4418 rc-

1160 4474 1218 4542 ges
1240 4450 1278 4518 in
1300 4474 1434 4535 unum,
1467 4463 1507 4521 ut
1531 4450 1685 4519 serviant
1706 4448 1877 4522 Domino.
1929 4445 1977 4520 Et
2002 4464 2041 4519 ut
2064 4451 2146 4520 talis

1161 4552 1383 4642 congregatio
1407 4553 1452 4622 sit
1472 4551 1707 4642 conspectior,
1734 4564 1767 4619 et
1793 4550 1892 4644 quasi
1913 4552 2055 4621 foedere
2078 4550 2144 4622 ali-

1161 4679 1232 4750 quo
1255 4655 1436 4746 copulata,
1460 4649 1520 4723 hic
1536 4653 1625 4723 ritus
1641 4652 1782 4723 additus
1798 4667 1867 4738 est,
1894 4655 1954 4748 qui
1978 4668 2028 4724 est
2046 4654 2143 4723 simi-

1160 4758 1204 4826 lis
1220 4754 1384 4827 libationi
1397 4757 1545 4826 usitatae
1559 4753 1728 4846 patribus.
1778 4751 1856 4826 Hae
1877 4756 2038 4848 publicae
2060 4781 2144 4827 cau-

1161 4884 1218 4929 sae
1235 4878 1309 4941 non
1323 4871 1405 4929 sunt
1418 4859 1599 4929 obscurae.

1262 4990 1460 5082 Diligenter
1478 4983 1606 5060 'autem
1639 4988 1775 5080 privata
1800 5011 1901 5059 causa
1933 4990 1972 5059 in
1998 4994 2146 5084 singulis

1162 5095 1416 5165 consideranda
1438 5105 1507 5178 est,
1531 5091 1695 5161 videlicet
1719 5092 1812 5195 quod
1836 5108 2051 5176 sacramenta
2076 5097 2147 5166 sint

1163 5197 1362 5268 testimonia
1386 5194 1579 5267 voluntatis
1602 5190 1669 5263 Dei
1699 5216 1779 5282 erga
1797 5215 1872 5265 nos.
1917 5193 1967 5265 Ut
1989 5199 2083 5265 enim
2106 5199 2144 5264 in

1149 5298 1398 5393 ¹promissione
1414 5298 1566 5368 offertur
1586 5295 1697 5384 gratia
1721 5316 1781 5363 seu
1808 5296 2068 5382 reconciliatio,
2098 5299 2147 5366 sic

1164 5403 1203 5469 in
1225 5397 1282 5472 his
1306 5402 1458 5476 cateruis
1479 5401 1608 5473 ritibus
1629 5397 1725 5477 idem
1738 5410 1914 5482 servatur,
1938 5413 1972 5467 et
1992 5399 2081 5470 ritus
2096 5412 2149 5469 est

1584 5497 1636 5568 64
