4538 5754
183 216 260 355 sn

62 467 64 471 .
99 466 102 471 ,
182 407 315 486 tiones,
336 414 396 474 aut
409 376 525 473 motus
540 399 690 487 locales,
714 398 785 471 alia
800 401 914 487 aliter,
936 402 1100 488 tendunt,
1125 415 1167 472 ut

183 529 331 601 corpora
347 503 509 575 coelestia
523 504 687 574 feruntur
703 502 851 574 assiduis
864 501 1021 574 motibus
1042 502 1168 573 locali-

182 614 264 693 bus,
289 620 323 677 et
338 605 446 675 radiis
460 596 532 674 suis
547 616 743 695 temperant
759 603 929 675 inferiora
945 627 1109 696 corpora,
1134 616 1168 673 et

185 707 411 782 alterationes
434 705 541 774 ineis
565 704 735 776 efficiunt.
786 703 935 776 Plantae
955 705 995 774 in
1015 720 1108 777 terra
1134 716 1170 774 ει

186 808 379 884 animantia
396 809 549 878 tendunt
563 807 607 877 ad
622 805 887 896 generationes,
913 817 947 876 et
961 802 1094 877 babent
1107 829 1169 875 va-

187 914 257 983 rias
280 910 481 981 effectioues
504 905 601 976 alias.
652 905 712 978 Sic
730 903 838 977 homo
860 921 901 980 ut
914 919 1074 977 servetur
1091 930 1169 998 spe-

187 1017 276 1098 cies,
308 1024 434 1079 natura
463 1011 509 1077 ad
535 1007 801 1098 generationem
833 1021 868 1080 et
896 1010 941 1080 ad
969 1009 1170 1100 quaerenda

187 1116 281 1185 vitae
296 1110 488 1204 praesidia,
513 1110 606 1180 etad
621 1109 708 1179 alias
727 1109 882 1181 actiones
898 1110 1026 1200 speciei
1040 1132 1171 1179 conve·

187 1215 326 1287 nientes
342 1226 377 1282 et
391 1211 562 1280 salutares
576 1211 736 1292 ducitur,
760 1224 800 1281 ut
813 1213 858 1280 ad
874 1210 1042 1282 tuendam
1059 1209 1170 1281 socie-

98 1356 101 1364 =
188 1331 315 1400 tatem,
337 1313 449 1384 certis
476 1311 610 1397 modis,
642 1335 731 1405 quos
760 1311 849 1383 ratio
876 1325 1063 1386 monstrat.
1122 1307 1171 1381 Et

188 1415 437 1488 universaliter
459 1413 547 1482 fines
570 1425 656 1484 sunt
678 1435 886 1505 corporum,
905 1426 1024 1485 motus
1046 1411 1171 1504 aliqui,

132 1510 136 1517 ’
190 1540 252 1589 seu
267 1515 438 1598 actiones,
460 1513 645 1606 inquibus
665 1537 746 1584 cum
767 1526 971 1599 versentur,
995 1508 1089 1583 nibil
1106 1513 1171 1582 ad-

189 1630 313 1713 petunt
337 1616 509 1700 ulterius,
532 1629 573 1686 ut
591 1614 672 1685 linis
687 1627 739 1684 est
760 1616 862 1700 solis,
887 1638 951 1686 suo
969 1628 1069 1687 motu
1088 1637 1171 1705 per-

132 1756 139 1762 *
188 1742 310 1809 agrare
321 1726 449 1801 ιιιειεε,
474 1739 564 1809 quae
579 1715 612 1785 ei
628 1717 817 1788 attributae
831 1728 926 1791 sunt.
977 1715 1036 1786 Sic
1050 1711 1171 1785 homi·

59 1863 63 1872 ·
189 1823 247 1891 nis
260 1822 348 1890 lines
364 1831 449 1889 sunt
469 1816 621 1908 cogitare
643 1819 688 1886 de
701 1812 798 1897 Deo,
823 1819 870 1888 de
892 1817 1059 1909 operibus
1075 1816 1170 1885 divi-

188 1923 265 2008 nis,
289 1923 334 1991 de
352 1921 502 2002 virtute,
526 1925 561 1988 et
583 1940 684 2007 agere
705 1919 900 1988 secundum
922 1919 1110 2002 virtutem,
1135 1931 1170 1988 et

187 2025 320 2093 referre
336 2021 491 2091 actiones
505 2020 549 2089 ad
565 2019 813 2089 celebrandum
829 2016 957 2093 Deum.
990 2017 1169 2091 Tantum·

189 2147 259 2218 qne
274 2121 363 2193 lucis
375 2122 491 2192 adfert
505 2133 666 2192 motuum
686 2119 840 2207 cognitio
858 2120 896 2188 iu
912 2121 1070 2213 qualibet
1090 2143 1170 2211 spe-

188 2227 260 2308 cie,
283 2217 547 2294 utAristoteles
562 2220 671 2310 dicat:
698 2217 864 2308 Ignorato
885 2235 986 2291 motu
1011 2221 1168 2308 ignorari

187 2342 363 2398 naturam.
404 2319 512 2411 Quod
535 2320 629 2392 enim
650 2319 840 2389 discrimen
863 2319 958 2391 Solis
983 2333 1019 2392 et
1045 2318 1169 2392 Lunae

189 2426 271 2495 sciri
295 2435 429 2514 posset,
454 2421 524 2491 nisi
544 2437 644 2493 motu
660 2420 969 2492 discernerentur?
1019 2421 1078 2493 Sic
1101 2416 1169 2493 ho·

188 2527 302 2594 mines
315 2524 521 2593 discernunt
536 2521 590 2591 sui
605 2534 722 2591 motus
736 2545 755 2591 a
769 2522 893 2606 beluis,
913 2546 1045 2592 marem
1060 2550 1079 2590 a
1095 2525 1170 2593 foe-

188 2626 306 2710 mina,
331 2648 372 2694 ac
394 2624 463 2694 late
486 2635 582 2713 patet
596 2622 748 2692 dictum:
775 2619 983 2719 ἀναγκαῖον
1010 2620 1170 2722 ἀγνοου-

189 2725 301 2820 μένης
313 2717 507 2817 κινήσεως,
531 2719 754 2822 ἀγνοεῖσθαι
769 2719 832 2795 καὶ
847 2719 916 2816 τὴν
934 2721 1062 2819 φύσιν.

290 2856 521 2930 Manifestum
538 2870 589 2927 est
605 2856 733 2947 igitur,
757 2869 942 2951 postquam
959 2859 1004 2925 de
1024 2882 1170 2950 corpore

106 3010 109 3015 »
191 2960 324 3031 dictum
340 2972 404 3046 est,
430 2971 464 3030 ει
478 2960 522 3028 de
537 2970 681 3053 natura,
706 2970 740 3027 et
756 2980 940 3029 causarum
954 2958 1170 3030 discrimini-

189 3063 274 3145 bus,
298 3082 396 3132 nuuc
415 3060 646 3152 proprietates
666 3081 854 3150 corporum
880 3061 1061 3129 addendas
1084 3084 1170 3148 csse,

190 3159 338 3257 quarum
361 3163 547 3253 praecipua
568 3174 621 3232 est
636 3174 766 3231 motus.
816 3156 956 3230 Deinde
979 3175 1171 3253 sequentur

189 3265 289 3333 locus
315 3276 348 3333 et
375 3274 535 3352 tempus,
567 3261 651 3353 quia
667 3283 795 3350 corpus
812 3283 876 3329 nec
889 3260 966 3328 siue
982 3261 1079 3347 loco,
1104 3285 1170 3334 nec

189 3364 267 3434 sinc
282 3375 439 3454 tempore
458 3384 531 3431 esse
546 3372 672 3452 potest.

269 3474 398 3549 'Hunc
426 3476 587 3565 ordinem
613 3475 771 3570 ¹capitum
798 3470 906 3548 buius
926 3476 1110 3549 doctrinae
1139 3479 1169 3550 si

77 3581 80 3587 ‘
191 3577 349 3650 iuniores
362 3578 657 3663 considerabunt,
680 3576 819 3648 facilius
840 3578 1056 3670 intelligent,
1080 3580 1168 3675 quid

190 3694 314 3771 agatur
331 3679 370 3749 in
384 3675 441 3748 his
454 3677 570 3765 libris,
593 3692 627 3750 et
643 3692 788 3751 cernent
805 3703 878 3749 non
892 3702 948 3751 res
961 3680 1086 3773 procul
1102 3704 1168 3772 po-

190 3783 275 3853 sitas
305 3795 401 3850 extra
433 3792 656 3871 conspectum
683 3779 915 3852 mediocrium
943 3778 1168 3871 ingeniorum

188 3882 301 3966 tradi,
330 3883 392 3951 sed
417 3905 523 3972 parva
546 3884 717 3974 quaedam
747 3881 848 3952 initia
871 3882 1166 3974 amplissimarum

190 3982 490 4075 disputationum,
535 4006 625 4075 quae
657 3996 775 4072 postea
809 3985 853 4051 de
883 3983 1167 4070 alterationibus,

188 4083 437 4166 mixtionibus,
478 4083 764 4172 generationibus
805 4095 840 4152 et
878 4083 1167 4175 corruptionibus

189 4198 419 4270 extruuntur,
451 4207 531 4254 cum
555 4206 679 4254 causae
702 4184 910 4254 morborum
935 4198 970 4255 et
991 4186 1167 4257 remedio·

189 4310 267 4356 rum
284 4298 516 4382 quaeruntur,
539 4297 603 4355 aut
619 4308 698 4355 cum
715 4285 913 4377 quaeritur,
934 4287 1032 4357 unde
1046 4287 1166 4357 orian-

188 4400 248 4456 tur
260 4384 436 4481 μετέωρα,
462 4399 524 4458 aut
536 4387 715 4482 quomodo
728 4386 766 4452 in
781 4397 873 4456 terra
887 4400 1077 4458 nascantur
1091 4412 1167 4458 me-

188 4485 295 4573 talla,
317 4501 377 4558 aut
397 4486 482 4559 bant
507 4487 732 4559 alterationes
746 4485 962 4581 multiplices
985 4488 1023 4557 in
1039 4511 1165 4580 corpo-

288 4702 392 4776 Nunc
414 4704 523 4795 igitur
541 4688 703 4777 recitabo
719 4706 862 4777 brevem
883 4716 918 4775 et
940 4717 1081 4777 tenuem
1102 4707 1165 4777 de·

188 4806 386 4879 finitionem
401 4819 536 4889 motus,
561 4806 607 4877 ab
621 4804 813 4880 Aristotele
825 4805 1003 4878 traditam.

287 4923 410 5009 Motus
422 4937 474 4995 εει
489 4936 588 4995 εειιιε
602 4925 678 4995 eius
691 4929 786 5021 quod
803 4938 851 4996 εει
867 4924 905 4994 iu
921 4923 1090 5016 potentia,
1107 4925 1164 4993 in·

187 5039 357 5120 quantum
373 5019 591 5098 huiusmodi.

285 5141 415 5232 Figura
436 5137 608 5212 orationis
628 5139 777 5210 obscura
805 5154 856 5212 cst
881 5139 1058 5230 ignoranti
1079 5137 1164 5212 Ari-

183 5240 377 5318 stotelicam
393 5240 696 5326 consuetudinem,
715 5264 824 5335 quare
839 5241 964 5314 ordine
978 5244 1087 5315 verba
1100 5244 1163 5315 de-

184 5348 348 5420 claranda
362 5358 455 5420 sunt.
535 5416 537 5420 Α

418 228 629 307 SCRIPTA
654 226 732 303 ΡΗ.
757 224 874 305 MEL
901 221 972 301 AD
996 226 1125 306 tttsr.
1151 223 1298 308 PROF,
1321 223 1389 302 ΕΤ
1413 221 1608 306 stauos·
1635 224 1958 316 senesanna

2128 238 2211 318 860

1321 394 1396 466 Eas
1429 395 1469 466 in
1507 401 1666 493 potentia
1698 401 1874 494 significat
1900 406 2087 480 Aristoteli
2122 411 2211 482 sub-

1220 497 1369 583 iectum,
1396 500 1492 592 quod
1507 503 1662 596 recipere
1678 505 1833 600 aliquam
1846 508 1997 581 formam
2008 521 2148 603 potest,
2175 524 2211 582 et

1220 601 1265 669 ad
1281 622 1358 670 eam
1375 600 1500 670 tendit.

1321 698 1433 771 Actus
1449 724 1533 774 vero
1549 703 1722 794 significat
1744 707 1784 776 in
1799 707 1958 782 subiecto
1978 711 2210 800 agitationem

1221 799 1397 895 aliquam,
1439 802 1496 871 vel
1528 806 1811 894 substantialem,
1857 811 1916 881 vel
1946 813 2211 887 accidentalem.

1222 899 1293 972 Sed
1315 895 1374 971 hic
1398 902 1674 977 de‘aecidentali
1699 909 1890 1000 agitatione
1909 925 2049 985 tanturn
2065 914 2211 990 dicitur.

1221 999 1338 1086 llaec,
1362 1016 1401 1074 ut
1419 1005 1537 1076 miuus
1550 1007 1622 1078 sint
1637 1008 1807 1099 obscura,
1831 1013 2003 1088 addamus
2022 1016 2210 1088 manifesta

1221 1104 1391 1194 exempla.

1322 1202 1433 1275 Navis
1447 1217 1501 1276 est
1524 1230 1671 1299 corpus,
1695 1234 1736 1281 ac
1751 1213 1968 1301 subiectum,
1992 1219 2090 1310 quod
2107 1233 2209 1293 motu

1222 1307 1266 1376 ad
1283 1318 1413 1383 metam
1426 1307 1583 1399 aliquam
1598 1311 1734 1402 impelli
1748 1329 1873 1407 potest.
1911 1313 2003 1388 Cura
2016 1317 2127 1408 igitur
2140 1321 2211 1391 im-

1222 1406 1385 1498 pellitur,
1409 1408 1510 1479 navis
1525 1421 1577 1479 est
1593 1412 1765 1504 quiddam
1782 1415 1820 1484 in
1835 1417 2004 1508 potentia,
2029 1419 2113 1511 quia
2129 1434 2211 1492 ten·

1221 1508 1278 1578 dit
1291 1509 1336 1577 ad
1352 1509 1543 1579 terminum
1557 1511 1723 1605 aliquem.
1773 1514 1844 1588 Sed
1859 1519 1936 1610 ipsa
1949 1518 2114 1607 agitatio,
2137 1546 2211 1615 qua

1222 1631 1259 1679 se
1274 1608 1375 1679 navis
1392 1609 1496 1681 aliter
1508 1606 1615 1683 babet
1633 1638 1739 1707 qaam
1757 1616 1877 1708 prius,
1903 1632 1955 1690 εει
1976 1633 2112 1708 motus,
2136 1647 2208 1717 quo

1222 1710 1417 1804 acquiritur
1431 1711 1616 1786 terminus.

1323 1812 1427 1904 Aqua
1444 1813 1640 1885 subiectum
1656 1827 1725 1902 εει,
1750 1815 1789 1885 in
1806 1843 1876 1911 quo
1903 1821 2032 1890 mutari
2054 1822 2208 1914 qualitas

1222 1911 1341 2004 aliqua
1359 1926 1485 2002 potest.
1534 1911 1626 1983 Cum
1642 1917 1753 2005 igitur
1773 1921 1915 1994 admota
1936 1920 2031 2011 igni,
2054 1922 2208 1993 calefieri

1222 2012 1368 2105 incipit,
1393 2013 1464 2082 iam
1479 2014 1518 2082 in
1532 2037 1622 2108 aqua
1637 2017 1781 2109 agitatio
1797 2043 1889 2092 nova
1904 2034 1975 2108 est,
2000 2043 2062 2094 seu
2076 2023 2145 2095 iter
2159 2026 2206 2093 ad

1221 2114 1327 2183 aliam
1345 2116 1508 2188 formam.

1324 2214 1417 2286 Usus
1440 2228 1492 2286 εει
1514 2229 1631 2288 autem
1652 2218 1860 2292 Aristoteles
1882 2222 2028 2294 nomine
2047 2218 2207 2294 Eudele-

1221 2310 1312 2396 chia,
1338 2318 1435 2409 qnod
1450 2319 1554 2388 vertit
1567 2317 1714 2389 Boetius
1735 2336 1871 2408 actum,
1896 2325 2022 2410 idest,
2045 2323 2208 2413 agitatio·

1224 2440 1323 2501 nem,
1348 2418 1439 2487 sicut
1452 2429 1584 2489 veteres
1598 2419 1708 2492 locuti
1722 2434 1821 2492 sunt:
1845 2422 1999 2494 Militem
2013 2437 2156 2517 oportet
2167 2425 2208 2494 in

1222 2530 1306 2608 actu
1318 2518 1428 2603 mori,
1453 2517 1490 2587 id
1514 2535 1584 2601 est,
1610 2534 1770 2610 agentem
1786 2545 1826 2592 ac
1841 2524 2083 2616 praeliantem.
2134 2523 2207 2596 Nec

1223 2619 1371 2688 dubium
1389 2632 1442 2689 est
1457 2615 1525 2689 hoc
1541 2621 1620 2690 loco
1641 2618 1865 2716 ἐνδελέχειαν
1881 2626 2079 2714 siguificare
2095 2627 2207 2716 agita-

1222 2718 1375 2803 tionem,
1399 2741 1461 2789 seu
1483 2722 1735 2793 successionem
1760 2725 1916 2819 aliquam
1937 2727 1977 2795 in
1992 2728 2208 2820 acquirenda

1221 2820 1406 2890 formavel
1422 2833 1527 2906 meta,
1552 2847 1661 2915 quare
1675 2837 1709 2895 et
1721 2822 2106 2900 CiceroEndelecltiam
2124 2852 2204 2899 ver-

1222 2922 1267 2992 tit
1297 2921 1502 2993 continuam
1533 2925 1772 3012 agitationem.
1833 2923 1882 2998 llt
1913 2924 1973 2999 bic
2005 2929 2206 3019 promiscue

1222 3036 1370 3113 usurpat
1392 3022 1603 3096 Aristoteles
1625 3021 1711 3096 haec
1731 3029 1803 3097 duo
1825 3029 2016 3115 vocabula,
2048 3024 2206 3101 Endele·

1222 3118 1338 3193 chiam
1365 3137 1402 3193 et
1425 3120 1630 3223 ἐνέργειαν,
1656 3128 1758 3220 quasi
1780 3129 1877 3198 dicas
1893 3127 2090 3202 efficaciam.

1278 3252 1280 3256 ⁸
1323 3221 1391 3294 His
1408 3227 1590 3297 vocabulis
1606 3229 1791 3299 declaratis
1807 3230 1968 3301 delinitio
1992 3245 2112 3308 motus
2127 3255 2204 3302 non

1221 3336 1273 3394 est
1293 3326 1454 3398 obscura.
1506 3324 1576 3398 Sed
1601 3323 1694 3399 banc
1713 3332 2087 3403 commonefactioneru
2103 3333 2205 3426 prius

1221 3426 1419 3495 addendam
1447 3449 1521 3497 esse
1548 3429 1681 3504 iudico,
1729 3427 1822 3501 Cum
1850 3446 1953 3504 antea
1982 3435 2117 3506 dictum
2145 3436 2204 3515 sit,

1220 3539 1356 3596 motum
1372 3549 1445 3597 esse
1468 3530 1715 3621 proprietatem
1739 3532 1915 3621 corporis,
1939 3536 2134 3605 tenendum
2151 3551 2205 3606 est

1220 3626 1410 3698 discrimen
1424 3630 1518 3700 iuter
1531 3654 1659 3724 corpus
1675 3645 1710 3703 ει
1724 3646 1873 3708 motum.
1910 3633 1964 3706 Ac
1977 3659 2106 3727 corpus
2119 3637 2203 3729 qui-

1219 3729 1301 3798 dem
1314 3729 1511 3801 subiectum
1532 3746 1601 3814 est,
1625 3747 1665 3803 ut
1682 3734 1824 3804 denari
1842 3734 1929 3805 dixi.
1978 3734 2102 3808 Motus
2118 3761 2202 3807 vero

1219 3828 1380 3900 accidens
1393 3843 1465 3917 est,
1489 3835 1584 3925 quod
1599 3834 1751 3914 accedit,
1773 3838 1871 3928 quod
1887 3831 1947 3907 bic
1963 3850 2067 3911 vocat
2079 3833 2204 3909 Ende-

1218 3924 1391 4016 lecltiam,
1415 3932 1536 4016 idest,
1559 3935 1797 4024 agitationem.
1847 3990 1862 4005 ,,
2163 3977 2164 3980 =

1319 4028 1384 4102 Est
1401 4032 1508 4123 igitur
1522 4029 1609 4105 haec
1626 4034 1868 4128 interpretatio
1889 4036 2121 4109 delinitionis:

1320 4131 1444 4204 Motus
1465 4147 1518 4205 est
1539 4150 1652 4220 actus,
1677 4138 1788 4207 idest
1811 4137 1971 4226 agitatio,
2000 4139 2038 4207 id
2062 4153 2113 4210 est
2140 4164 2200 4211 ac-

1217 4232 1361 4326 quisitio
1378 4236 1512 4304 formae
1528 4239 1582 4308 vel
1598 4238 1753 4322 termini,
1772 4240 1828 4307 vel
1845 4237 1995 4309 abiectio
2008 4240 2145 4312 formae
2162 4243 2200 4310 in

1218 4334 1393 4421 subiecto,
1419 4338 1514 4430 quod
1533 4353 1586 4409 est
1607 4339 1829 4431 inpotentia,
1856 4339 1892 4408 id
1912 4352 1981 4424 est,
2004 4342 2101 4433 quod
2125 4344 2200 4413 for-

1217 4459 1312 4506 mam
1335 4437 1490 4529 recipere
1505 4452 1639 4531 potest,
1664 4454 1699 4511 et
1720 4441 1766 4510 ad
1784 4463 1860 4511 eam
1875 4441 2004 4514 tendit.
2053 4437 2119 4513 Est
2133 4467 2199 4514 au-

1217 4550 1288 4607 tem
1309 4548 1396 4608 tunc
1423 4539 1589 4628 agitatio,
1622 4555 1795 4634 quatenus
1821 4542 2017 4613 subiectum
2046 4545 2092 4613 ad
2120 4567 2200 4615 eam

1215 4639 1366 4708 formam
1386 4639 1512 4715 tendit.

1318 4736 1389 4810 Sed
1410 4740 1504 4812 dicet
1524 4765 1645 4811 recens
1667 4744 1828 4830 auditor,
1862 4747 2022 4815 noudum
2045 4748 2089 4815 ad
2112 4745 2199 4816 Ari-

1216 4839 1415 4911 stotelicum
1445 4864 1642 4912 sermonem
1672 4847 1909 4931 adsuefactus,
1940 4842 2058 4916 adhuc
2082 4848 2198 4917 rideri

1214 4940 1400 5011 obscuram
1425 4938 1517 5012 hanc
1538 4942 1791 5013 definitionem.
1849 4944 1944 5018 lluic
1964 4960 2102 5018 tantum
2129 4943 2200 5019 ltoc

1215 5044 1427 5132 respondeo:
1451 5040 1620 5115 Exilitate
1634 5045 1748 5114 videri
1763 5048 1966 5133 obscuram,
1991 5048 2030 5116 in
2045 5071 2085 5117 re
2101 5046 2197 5118 nihil

1214 5163 1289 5211 esse
1301 5143 1530 5218 difficultatis,
1571 5143 1654 5214 ldeo
1671 5162 1788 5219 autem
1804 5150 1988 5218 obscurior
2001 5162 2053 5220 εει
2067 5150 2197 5219 delini-

1211 5243 1277 5335 tio,
1301 5244 1383 5335 quia
1402 5243 1502 5313 nulla
1516 5245 1555 5315 fit
1570 5247 1703 5319 mentio
1719 5271 1844 5318 musae
1858 5249 2040 5321 efficientis
2053 5264 2090 5320 et
2105 5250 2196 5321 lina-

1212 5342 1276 5433 lis,
1303 5345 1363 5417 sed
1383 5355 1520 5418 tantum
1538 5347 1724 5436 recitator,
1750 5371 1842 5444 quae
1862 5371 1919 5422 res
1933 5351 2131 5424 formaliter
2148 5351 2194 5425 sit
