4538 5754
120 240 193 316 ast
374 260 377 267 ·
690 237 757 314 111.
811 220 970 314 muta
996 235 1291 315 uocantum
1317 238 1569 319 nursinae.
2067 258 2143 335 ³42

116 432 212 502 quae
228 408 346 481 tristes
360 423 506 482 eventus
521 410 751 492 minitantur,
775 410 947 501 mitigare,
973 424 1014 482 ut
1029 434 1105 480 ma·
1155 413 1273 481 bonae
1304 432 1427 483 causae
1459 422 1495 480 ct
1531 410 1645 481 malae
1668 413 1844 490 vitandae.
1904 417 1956 491 Ac
1971 447 2012 493 eo
2028 432 2138 519 magis

117 510 294 583 nifestum
308 524 377 597 est,
404 512 537 602 primos
559 526 722 603 parentes
737 513 922 584 destitutos
938 512 1104 583 omnibus
1154 506 1349 581 humanam
1373 510 1649 581 imbecillitatem
1664 537 1910 602 agnoscamus,
1937 526 2019 614 quia
2036 531 2135 600 vide-

117 612 286 682 secundis
306 613 439 695 causis,
464 626 640 702 receptos,
667 628 766 683 etex
790 627 902 684 morte
923 625 1105 684 revocatos
1154 634 1234 680 mus
1251 607 1342 679 hanc
1356 611 1531 679 infirmam
1547 624 1710 682 naturam
1732 641 1805 686 non
1832 622 1945 690 solum
1962 640 2136 698 autavo.
2189 637 2192 643 ·

117 734 205 783 csse.
259 710 313 783 lta
331 710 560 783 cumMoiseu
578 728 613 783 et
628 715 800 805 populum
817 715 935 785 educit
951 738 1015 807 per
1030 738 1101 784 un·
1153 713 1309 793 luntate,
1340 726 1401 781 aut
1420 707 1550 795 aDeo,
1576 725 1636 782 aut
1658 720 1825 787 anostris
1851 732 2134 812 temperamentis

117 816 203 897 das,
234 836 315 882 cum
337 810 460 884 losuae
489 814 677 904 praelianti
698 814 789 884 sistit
812 813 950 896 Solem,
989 815 1104 883 maui—
1152 836 1191 881 ac
1210 812 1321 881 stellis
1342 811 1434 900 regi,
1460 814 1520 879 sed
1545 813 1647 881 etiam
1666 816 1876 889 saevissimis
1891 826 2050 913 tyrannis
2067 829 2143 909 ob-¹

117 914 207 982 feste
238 936 342 1004 opem
369 914 439 984 fert
465 916 538 983 suis
569 937 674 1005 supra
705 936 825 983 causas
855 917 1042 999 secundas,
1068 930 1102 986 et
1151 913 1292 981 noriam
1321 935 1412 994 esse,
1459 909 1612 979 Diabolo
1644 927 1677 982 et
1700 915 1780 984 aliis
1811 923 1961 990 externis
2007 930 2131 997 causis.

120 1008 209 1082 haec
222 1014 382 1104 exempla
402 1015 576 1099 ostendit,
601 1028 642 1084 ut
654 1037 720 1084 nos
735 1038 876 1107 quoquc
892 1016 930 1083 in
946 1039 1102 1085 necessa·
1152 1011 1267 1080 Multa
1284 1012 1392 1098 igitur
1406 1012 1562 1101 exempla
1581 1009 1915 1102 deprehenduntnr,
1940 1024 2001 1092 ubi
2017 1051 2131 1097 mores

117 1113 184 1181 riis
219 1115 377 1201 negociis
409 1127 567 1205 petamus
592 1129 626 1184 et
650 1128 867 1205 expectemus
883 1116 983 1184 abeo
1002 1116 1101 1184 anxi·
1152 1128 1186 1182 et
1211 1126 1356 1182 eventus
1379 1111 1571 1182 deteriores
1591 1128 1693 1198 sunt,
1731 1139 1836 1209 quam
1860 1120 2130 1210 significationes

119 1212 233 1297 lium,
259 1214 460 1283 etiamtum
484 1238 602 1285 rerum
625 1229 751 1284 natura
776 1237 841 1283 uos
856 1216 1034 1298 destituit,
1060 1228 1101 1284 ut
1151 1227 1337 1283 astrorum.

118 1314 155 1379 in
170 1311 318 1381 Psalmo
341 1314 484 1383 dicitur:
522 1313 625 1386 Pater
649 1330 683 1385 et
706 1328 816 1384 mater
838 1315 1101 1406 dereliquerunt
1251 1311 1320 1380 Hic
1337 1324 1370 1382 et
1384 1309 1509 1378 Basilii
1526 1329 1735 1400 argumento
1758 1321 2045 1406 respondendum
2069 1343 2131 1412 est,

117 1435 193 1496 mc,
226 1411 405 1482 Dominus
424 1427 541 1484 autem
563 1416 714 1507 suscepit
736 1439 805 1484 me.
863 1411 911 1485 Et
935 1410 1102 1486 lunathas
1151 1412 1212 1503 qui
1232 1413 1269 1479 in
1286 1413 1507 1480 enarratione
1521 1413 1648 1501 scripta
1683 1414 1721 1480 in
1752 1412 1908 1485 Genesin
1935 1428 2127 1512 contendit,

115 1512 255 1604 inquit:
283 1510 476 1583 Deosacile
494 1515 778 1606 estviucereper
795 1537 936 1607 paucos.
987 1511 1034 1585 Et
1058 1517 1102 1585 de
1150 1512 1328 1580 nouoriri
1360 1511 1505 1580 astellis
1528 1512 1776 1582 inclinationes
1799 1518 1836 1583 in
1855 1512 2039 1592 hominum
2064 1551 2129 1596 na-

115 1607 306 1683 Abraham
323 1613 441 1706 inquit
455 1613 602 1686 Paulus:
631 1615 793 1686 Credidit
810 1629 932 1686 contra
947 1638 1042 1705 spem
1063 1617 1101 1683 in
1150 1610 1250 1680 turis.
1292 1610 1331 1683 Si
1356 1612 1490 1704 inquit:
1526 1609 1655 1682 Stellae
1675 1629 1788 1685 esseut
1812 1640 1933 1687 causae
1954 1624 2127 1694 malarum

114 1735 232 1804 spem.
312 1708 474 1784 Omnino
512 1717 724 1786 tribuendus
754 1729 805 1786 est
837 1715 913 1786 Deo
942 1710 1001 1784 hic
1034 1710 1101 1783 ho·
1151 1711 1446 1796 inclinationum,
1477 1708 1572 1781 Deus
1597 1736 1698 1782 causa
1719 1730 1806 1785 esset
1829 1717 2018 1807 viciorum,
2046 1726 2126 1815 quia

115 1835 207 1893 nos,
239 1826 283 1884 ut
310 1827 502 1883 statuamus
524 1839 604 1886 eum
624 1830 658 1885 et
681 1839 799 1907 posse,
831 1828 866 1886 et
888 1839 989 1907 saepe
1011 1817 1101 1884 velle
1152 1837 1231 1881 cum
1265 1812 1463 1880 condiderit
1486 1812 1620 1895 stellas,
1646 1837 1784 1885 necesse
1805 1829 1891 1885 esset
1914 1820 2002 1904 dici,
2025 1822 2069 1890 oh
2086 1850 2126 1892 eo

112 1913 308 2004 opitulari,
333 1914 438 1984 etiam
460 1938 539 1983 eum
564 1937 716 1984 aterum
740 1927 866 1986 natura
888 1917 1017 1986 deserti
1040 1939 1101 1986 su.
1151 1914 1256 1980 talem
1278 1912 1350 1978 vim
1374 1910 1548 1978 efficiendi
1568 1913 1714 1984 viriosas
1735 1915 2001 2005 inclinationes,
2039 1923 2127 1991 insi·
2176 2001 2177 2006 ἵ

114 2037 214 2086 mus.
265 2010 378 2104 quue
396 2013 443 2082 ita
460 2014 535 2083 fieri
549 2016 653 2086 multi
675 2011 837 2086 homines
862 2017 1101 2106 experiuntur,
1151 2024 1222 2081 tam
1237 2032 1310 2081 esse
1334 2010 1457 2080 stellis.

116 2115 179 2204 qui
199 2107 289 2181 baec
303 2113 379 2181 eius
393 2115 559 2184 beneficia
581 2116 784 2207 praedicare
799 2118 945 2200 debent,
970 2130 1010 2186 ut
1025 2117 1102 2204 glo·
1248 2109 1345 2181 Haec
1383 2109 1603 2181 ratiocinatio
1634 2113 1831 2200 plausibilis
1868 2118 1981 2187 videri
2018 2127 2127 2210 possit

114 2216 170 2280 ria
186 2212 258 2283 Dei
281 2213 341 2282 bat
355 2215 593 2305 conspectior,
618 2229 651 2285 et
670 2215 862 2286 collocetur
877 2212 973 2299 Deus
994 2238 1099 2307 supra
1151 2207 1319 2282 Ethuico.
1355 2209 1404 2279 At
1419 2234 1484 2279 nos
1498 2210 1536 2278 in
1552 2206 1706 2280 Ecclesia
1725 2238 1841 2284 veram
1858 2230 1892 2286 et
1909 2221 2126 2309 perspicuam

114 2336 241 2382 rerum
265 2328 427 2383 naturam
455 2327 491 2384 et
513 2337 618 2405 supra
637 2315 766 2396 stellas,
793 2316 1099 2406 uecpropterrni·
1150 2313 1361 2410 solutionem
1379 2306 1558 2382 habemus.
1612 2311 1651 2383 si
1671 2326 1794 2383 natura
1816 2311 2002 2388 hominum
2025 2344 2126 2390 man-

113 2437 184 2481 nas
206 2426 381 2481 astrorum
404 2413 602 2483 existiment
617 2409 780 2483 homines
795 2415 907 2486 Deum
925 2417 1023 2486 fatali
1037 2440 1102 2485 ne-
1150 2413 1250 2483 sisset
1273 2412 1496 2502 incorrupta,
1522 2411 1673 2482 fulsisset
1695 2412 1733 2480 iu
1754 2437 1796 2483 ea
1820 2415 1881 2484 lux
1896 2418 2036 2504 divina,
2062 2445 2128 2509 gu·

112 2513 279 2583 cessitate
298 2513 393 2583 velut
407 2537 544 2583 carcerc
560 2515 716 2584 clausum
733 2517 855 2600 teneri,
880 2527 914 2584 et
931 2540 1005 2586 non
1021 2540 1101 2587 mu·
1150 2512 1331 2583 beruatrir
1345 2512 1506 2581 omnium
1522 2525 1700 2596 motuum,
1726 2526 1762 2584 et
1787 2515 1907 2589 stellae
1927 2518 1966 2584 in
1982 2522 2127 2592 materia

111 2614 186 2682 tari
218 2626 394 2684 astrorum
433 2615 567 2698 minas,
615 2637 683 2707 qua
714 2616 818 2685 dere
848 2629 968 2709 postea
999 2618 1101 2710 plura
1151 2637 1226 2682 non
1251 2612 1506 2696 contaminata,
1526 2613 1613 2683 alias
1636 2613 1790 2683 actiones
1813 2610 2029 2692 habuissent.
2080 2624 2127 2693 At

114 2715 249 2783 dicam.
1151 2714 1309 2785 nuncin
1333 2708 1390 2781 his
1420 2713 1573 2783 sortibus
1600 2714 1838 2785 infoeliciores
1857 2731 1942 2788 stant
1963 2720 2127 2805 actiones,

222 2809 260 2882 A
272 2809 425 2882 Diabolo
442 2827 526 2884 suut
549 2813 655 2884 multi
680 2813 761 2884 tetri
783 2814 954 2907 impetus,
977 2833 1017 2889 ut
1031 2816 1102 2886 Ne-
1152 2828 1186 2883 et
1203 2815 1354 2883 extincta
1370 2826 1421 2882 est
1438 2814 1499 2882 illa
1514 2814 1587 2899 lux,
1603 2837 1693 2906 quae
1708 2816 1852 2887 rexisset
1866 2841 1989 2887 omnes
2002 2813 2128 2892 huma-

114 2912 220 2985 ronis
237 2912 424 2994 libidines,
444 2914 510 2986 etsi
527 2915 656 2985 talibus
677 2915 836 2986 resistere
858 2917 978 3009 aliquo
995 2919 1101 2986 modo
1151 2938 1217 2984 nos
1240 2926 1368 2982 motus.
1420 2910 1541 3003 ltaque
1557 2938 1630 2983 non
1646 2915 1823 2984 tolluntur
1838 2916 1930 2986 vires
1952 2933 2125 2990 astrorum

115 3016 288 3084 voluutas
302 3006 459 3084 humana
484 3028 608 3103 potest.
659 3013 729 3085 Sed
752 3028 868 3085 tamen
890 3011 949 3084 hic
966 3017 1103 3086 discant
1152 3025 1359 3102 argumento
1374 3010 1519 3098 Basilii,
1539 3015 1598 3082 sed
1620 3037 1685 3082 nos
1702 3017 1746 3083 de
1760 3038 1798 3083 re
1813 3039 1938 3103 magna
1959 3021 2127 3089 admone-

116 3115 193 3205 pii,
218 3107 429 3182 horribilem
451 3116 646 3204 potentiam
670 3138 743 3184 esse
766 3115 910 3185 Diaboli
923 3116 961 3184 in
975 3117 1102 3207 impel·
1151 3138 1252 3198 mur,
1294 3112 1476 3197 videlicet,
1508 3115 1551 3183 de
1579 3114 1704 3182 amissa
1732 3115 1811 3183 luce
1841 3128 1877 3185 et
1908 3119 2128 3203 rectitudine,

116 3215 237 3284 leudis
259 3210 397 3301 impiis,
423 3215 582 3285 resistere
604 3227 719 3283 autem
744 3211 844 3305 posse
869 3230 1003 3286 mentes
1026 3218 1102 3308 pias
1154 3238 1242 3308 quae
1258 3213 1413 3282 nobisin
1427 3214 1541 3307 prima
1556 3213 1761 3284 conditione
1775 3217 1905 3285 donata
1922 3218 2010 3302 tuit,
2034 3235 2070 3290 et
2085 3223 2129 3288 de

116 3312 419 3384 concurrentibus
450 3308 506 3382 his
539 3314 669 3399 causis,
702 3315 835 3387 auxilio
857 3317 946 3400 Dei,
978 3331 1012 3386 et
1033 3314 1102 3390 hu·
1153 3317 1318 3385 materiae
1341 3326 1481 3384 nostrae
1510 3314 1771 3405 depravatione.
1836 3313 1932 3385 Haec
1955 3320 2046 3388 mala
2067 3321 2129 3389 de-

117 3437 227 3484 manu
246 3412 449 3498 voluntate,
473 3416 679 3484 adversante
696 3416 870 3485 illecebris
888 3414 1042 3510 Diaboli.
1153 3417 1349 3507 ploremus,
1373 3438 1449 3483 non
1470 3415 1675 3484 deiiciamus
1689 3429 1780 3484 astra
1797 3416 1840 3485 de
1857 3417 1966 3490 coelo.

223 3512 429 3599 Postremo,
455 3516 574 3585 etalii
597 3530 743 3587 eventus
768 3517 933 3586 accidunt
954 3518 1104 3588 acausis
1254 3513 1392 3584 Deinde
1418 3527 1453 3586 et
1473 3512 1541 3586 huc
1563 3517 1766 3587 addendum
1788 3529 1839 3586 est
1863 3518 2051 3587 solutioni:
2078 3516 2131 3588 Ne

120 3614 298 3704 externis,
323 3627 365 3686 ut
381 3637 463 3684 cum
484 3615 608 3695 multi,
634 3639 786 3708 quorum
811 3617 999 3685 dissimiles
1022 3631 1105 3688 sunt
1152 3638 1250 3686 nunc
1264 3617 1407 3708 qtsidem
1432 3616 1552 3686 stellae
1574 3630 1658 3687 sunt
1679 3638 1801 3686 causae
1823 3618 1997 3687 malarum
2021 3618 2132 3688 actio-

118 3729 291 3798 naturae‚
316 3715 423 3783 simul
440 3716 478 3783 iu
493 3717 718 3806 uuopraelio
737 3717 1017 3798 interficiuntur,
1041 3731 1102 3786 aut
1153 3740 1254 3785 num.
1311 3711 1389 3784 Etsi
1421 3717 1516 3784 enim
1549 3719 1588 3785 in
1617 3716 1764 3786 materia
1793 3716 1932 3808 impura
1966 3719 2131 3789 oriuntur

120 3814 287 3903 contagio
324 3814 547 3902 moriuntur,
587 3828 647 3885 aut
677 3816 912 3886 seditionibus
941 3817 1105 3909 impliciti
1156 3814 1302 3887 astellis
1325 3837 1454 3904 pravae
1470 3817 1729 3899 inclinationes,
1745 3829 1861 3885 tamen
1878 3813 2032 3887 haeuon
2049 3834 2132 3888 sunt

120 3916 232 3985 simul
248 3913 511 4004 opprimuntur.
564 3913 633 3984 Hic
654 3917 774 4006 regula
800 3917 935 3988 erudita
953 3919 1105 3987 tenenda
1154 3916 1385 4008 principales,
1422 3931 1485 3987 aut
1505 3916 1661 4006 integrae
1683 3939 1805 3989 causae
1827 3917 2000 3987 malarum
2022 3920 2133 3988 actio—

121 4029 195 4099 est,
222 4037 329 4106 quam
352 4011 578 4084 Ptolemaeus
599 4017 740 4086 recitat:
774 4015 999 4087 Universales
1022 4042 1106 4089 cau·
1155 4042 1261 4102 nram,
1297 4018 1358 4086 sed
1390 4015 1500 4088 libera
1523 4019 1708 4102 voluutas,
1745 4018 1836 4110 q'uae
1868 4031 1903 4088 et
1931 4033 2066 4110 poterat
2099 4033 2133 4086 et

121 4139 180 4184 sas
195 4114 415 4206 potentiores
435 4138 508 4185 esse
524 4116 815 4205 particularibus,
841 4130 881 4187 ut
899 4119 981 4210 quia
999 4142 1106 4188 vene·
1156 4120 1306 4188 debebat
1320 4116 1741 4198 frenarcinclinationes.
1791 4115 1864 4187 Nec
1887 4118 2132 4189 constituimus
2251 4173 2260 4210 4

119 4239 211 4286 num
237 4215 276 4282 iu
306 4235 469 4303 maguam
501 4217 592 4287 aeris
619 4229 756 4307 partem
786 4239 945 4308 sparsum
968 4233 1038 4303 cst,
1072 4233 1107 4290 et
1154 4220 1299 4289 fatalem
1332 4232 1394 4289 aut
1435 4221 1583 4291 stoicam
1617 4216 1876 4302 necessitatem,
1914 4220 1975 4286 sed
2003 4216 2132 4287 retinet

121 4322 243 4387 aeirem
271 4310 457 4386 attrahunt
483 4315 588 4386 multi
618 4316 827 4402 dissimiles,
860 4315 952 4387 nibil
975 4321 1105 4388 mirum
1156 4321 1320 4388 voluntas
1357 4320 1556 4393 libertatem
1587 4317 1846 4408 tngdtscipttna
1881 4317 2051 4404 regenda,
2091 4332 2132 4389 ut

120 4430 192 4500 est,
218 4415 354 4506 pariter
370 4437 429 4484 eos
444 4417 558 4500 inlici,
583 4416 720 4486 etiamsi
735 4418 798 4486 alii
818 4418 897 4489 aliis
913 4420 1106 4490 vivaciores
1156 4442 1257 4510 saepe
1271 4419 1342 4485 iam
1358 4420 1490 4490 dictum
1511 4438 1573 4495 est.

121 4518 298 4599 fuissent,
320 4515 439 4585 sinon
456 4516 600 4587 aliunde
624 4540 799 4588 venenum
822 4521 998 4610 potentius
1024 4545 1106 4612 par·
1258 4515 1368 4606 Quod
1394 4536 1509 4592 autem
1539 4520 1713 4592 obiiciunt
1737 4515 1868 4607 aliqui,
1899 4539 2027 4607 paucas
2058 4540 2131 4587 csse

122 4616 337 4688 titularibus
352 4617 466 4686 causis
482 4613 690 4688 hausissent.
741 4617 801 4689 Sic
824 4645 904 4690 cum
925 4621 1107 4690 universa·
1157 4620 1476 4693 demonstrationes
1506 4625 1551 4693 de
1583 4616 1826 4689 effectionibus
1856 4615 2034 4703 siderum,
2077 4612 2134 4686 his

121 4719 174 4788 les
196 4737 322 4787 causae
342 4717 537 4788 multorum
562 4719 699 4787 furores
721 4733 926 4804 movcmnt‚
951 4734 991 4791 ut
1013 4721 1107 4790 bella
1156 4722 1371 4812 respondeo:
1411 4719 1502 4794 Cum
1527 4720 1643 4792 omnis
1670 4718 1923 4787 demonstratio
1944 4719 1982 4786 in
2006 4731 2133 4789 natura

123 4817 321 4888 accendant
342 4817 382 4884 in
404 4819 488 4887 totis
508 4819 690 4906 gentibus,
721 4819 858 4889 etiamsi
881 4842 955 4889 non
975 4821 1108 4890 similes
1158 4822 1204 4891 sit
1222 4821 1414 4907 veritas,‘a
1431 4820 1507 4893 Deo
1524 4818 1701 4914 proposita
1715 4817 1990 4889 considerationi
2007 4814 2134 4888 huma·
2163 4912 2165 4916 y

123 4921 268 4988 lusores
289 4916 328 4985 iu
343 4918 511 4988 omnibus
533 4919 748 5001 excitantur,
773 4932 891 4991 tamen
916 4921 1106 4992 multitudo
1157 4945 1225 4992 nae
1238 4935 1383 5013 propter
1398 4923 1554 5015 aliquam
1567 4919 1774 5003 utilitatem,
1798 4912 1864 4988 has
1877 4919 1971 5011 ipsas
1985 4919 2134 4988 demon-

123 5019 315 5110 pauciores
329 5039 448 5089 secum
464 5019 569 5109 rapit.
1159 5022 1365 5102 strationes,
1391 5023 1528 5093 etiamsi
1551 5043 1682 5113 paucae
1703 5032 1807 5104 suut,
1831 5019 2053 5089 considerare
2068 5013 2136 5088 ho·
2202 5048 2207 5053 ·

227 5114 326 5190 llaec
351 5142 410 5189 sex
434 5142 617 5190 causamm
646 5143 773 5210 genera
802 5122 991 5212 diligenter
1013 5125 1109 5213 cogi·
1158 5137 1298 5194 nestum
1314 5136 1349 5193 et
1362 5123 1528 5194 utileest.
1567 5117 1616 5192 Et
1629 5143 1703 5190 esse
1721 5118 1858 5212 aliquas
1874 5141 1973 5189 veras
1987 5120 2136 5189 demon-

125 5221 231 5290 tanda
260 5233 365 5305 suut,
405 5234 446 5291 ut
474 5221 758 5306 consideremus,
796 5245 887 5316 quse
922 5223 1044 5295 iuvent
1075 5238 1110 5294 et
1158 5225 1345 5295 strationes
1358 5225 1404 5292 ab
1416 5224 1598 5299 effectibus
1611 5234 1787 5312 sumptas,
1810 5243 1885 5289 non
1904 5220 2052 5316 dubium
2074 5232 2137 5295 est,

124 5343 218 5413 quae
231 5320 375 5407 ledaut,
400 5334 435 5392 et
451 5324 630 5416 quonmdo
646 5322 831 5412 diligentia
851 5325 1025 5397 iuvandae
1039 5325 1112 5397 siut
1158 5349 1249 5420 quae
1268 5324 1404 5396 etiamsi
1425 5348 1557 5460 paucae
1578 5337 1680 5410 sunt,
1704 5336 1823 5394 tamen
1846 5341 1931 5392 usus
1951 5321 2020 5390 late
2031 5330 2140 5409 patet,
