4538 5754
114 262 192 338 sao
219 206 235 222 ’

354 241 564 326 SCRIPTA
590 240 667 318 PH.
690 236 809 312 MEL.
833 233 901 309 AD
926 229 1055 305 lllST.
1082 219 1228 304 PROF.
1253 215 1320 295 ET
1347 219 1543 305 PlllLOS·
1572 222 1896 307 SPECTANTIA.

2070 226 2148 305 480

38 436 52 460 ’
118 439 223 530 byses
238 425 401 497 nondum
413 419 521 492 talem
538 413 652 485 lilium
667 431 777 498 regno
794 404 991 496 genuisset,
1016 424 1106 494 qua·
1161 390 1341 481 iudicare,
1366 402 1401 463 et
1421 393 1586 467 definitas
1609 399 1744 488 negotii
1766 400 1928 490 regiones
1948 395 2082 469 melius
2100 397 2155 467 vi·

120 539 192 608 lem
218 525 364 618 reliquit
386 522 514 616 Cyrus.
577 507 674 584 llaec
703 511 851 599 figurata
876 498 1106 597 reprehensio
1161 495 1246 565 dere
1270 494 1438 582 potente
1466 493 1557 566 ham
1584 497 1693 569 iidem
1716 500 1790 573 loci
1810 524 1893 571 curn
1914 497 2153 571 confirmandi

145 638 203 708 lus
218 626 345 701 habuit
361 615 599 699 adulationis,
624 635 731 707 quarn
745 609 899 679 aliorum
923 603 1108 692 magnilica
1160 607 1223 665 aut
1239 593 1451 663 confutandi
1465 618 1567 667 causa
1585 595 1820 686 adhibentur,
1846 612 2055 691 argumenta
2071 611 2155 670 sunt

24 788 28 796 ,
120 663 301 811 incomta,
322 722 372 797 Et
384 726 529 794 inanem
552 717 647 786 ridet
671 707 849 782 barbariei
876 704 1020 802 tyranni
1045 725 1110 771 va·
1161 718 1203 764 ac
1217 694 1332 801 nervi,
1358 707 1399 766 ut
1413 710 1553 773 vocant.
1580 697 1670 772 Cum
1688 697 1908 773 adhibentur
1922 699 2153 771 illuminandi

123 840 285 910 nitatem.
337 824 445 903 Varie
459 831 611 892 utuntur
625 810 788 883 homines
805 808 924 893 astuti,
947 826 1027 875 cum
1043 796 1111 872 hac
1162 816 1283 878 cansa,
1313 792 1485 867 dicuntur
1507 815 1728 875 ornamenta.
1789 800 1843 873 Ac
1866 801 2057 895 pleeraque
2079 822 2153 870 non

122 942 254 1019 beura,
279 944 357 1002 tum
380 925 478 1003 aliis,
503 941 614 1012 eaque
635 913 787 986 varietas
812 932 893 980 cum
917 921 991 978 arte
1013 928 1112 974 com·
1163 907 1301 965 tantum
1325 897 1371 1012 ed
1395 919 1535 987 pugnae
1558 900 1709 992 speciem
1730 916 1929 996 comparata
1957 913 2062 989 sunt,
2093 901 2155 970 sed

37 1076 41 1085 ·
121 994 294 1135 piehendi
314 1052 388 1098 non
405 1004 542 1118 possit,
556 1021 596 1088 iu
611 1013 821 1111 quotidiana
844 1009 940 1080 vitae
962 1027 1112 1077 consue-
1163 1008 1382 1086 argumentis
1397 1000 1538 1088 pondus
1554 1004 1703 1074 addunt.

124 1140 249 1214 tudine
275 1126 495 1203 observanda
518 1120 603 1205 erit,
642 1137 749 1208 quam
772 1128 893 1184 tamen
913 1101 1113 1200 deprehen-

1265 1091 1333 1167 Est
1356 1111 1473 1169 autem
1497 1096 1584 1170 haec
1605 1105 1719 1193 prima
1741 1117 1777 1174 et
1798 1103 1986 1195 praecipua
2002 1100 2156 1192 augendi

125 1233 387 1315 dentlacilius,
406 1223 519 1318 siqui
538 1223 583 1292 ab
606 1230 682 1289 arte
708 1214 947 1293 adiuvantur,
971 1208 1036 1279 uhi
1056 1208 1113 1275 lo-
1165 1193 1275 1280 ratio,
1307 1197 1500 1317 transierre
1534 1195 1719 1276 ὑπόθεσίν
1751 1209 1796 1274 ad
1827 1200 1953 1288 θέσιν,
1990 1195 2061 1272 hoc
2092 1215 2156 1286 est,

127 1366 189 1416 cus
203 1333 420 1414 ostenditur,
445 1322 601 1396 etunius
618 1333 723 1413 atque
739 1313 886 1386 alterius
902 1312 1038 1381 formae
1053 1331 1113 1378 ex-
1165 1295 1358 1368 lrflnsferre
1378 1321 1518 1370 causam
1543 1304 1587 1370 ad
1613 1304 1730 1374 locum
1755 1327 2000 1388 communem,
2025 1326 2097 1396 qua
2111 1305 2155 1372 de

128 1440 243 1535 ampla
265 1435 476 1512 traduntur,
500 1449 542 1495 ex
562 1421 694 1516 quibus
718 1415 870 1488 iudicari
892 1412 1009 1482 vicina
1033 1430 1116 1525 pos-

129 1558 223 1616 sunt.
255 1538 355 1609 Sicut
369 1531 465 1601 enim
482 1526 583 1595 nulla
599 1534 673 1592 arte
687 1532 804 1610 gestus
819 1536 942 1585 omnes
957 1530 1116 1602 corpores

130 1634 382 1732 comprehendi
401 1640 562 1723 possent,
586 1624 638 1694 ita
659 1645 725 1691 nec
742 1615 915 1690 orationis
936 1625 1054 1704 gestus
1075 1631 1117 1679 ac

129 1760 248 1816 motus
261 1756 386 1809 omnes
402 1749 590 1802 numerare
604 1732 752 1820 queunt.

369 1951 525 2023 Tertius
549 1937 640 2015 ordo
664 1935 886 2037 figurarem

211 2106 256 2182 ln
272 2101 376 2177 tertio
393 2096 521 2169 ordine
538 2087 789 2162 collocavimus
804 2106 861 2154 eas
875 2082 1017 2169 figuras,
1029 2098 1121 2194 quae

134 2223 265 2304 augent
279 2202 490 2277 orationem,
516 2206 550 2264 et
565 2191 721 2262 reddunt
737 2180 1017 2275 locupletiorem.
1043 2177 1121 2295 Ste-

135 2330 176 2387 ut
190 2325 309 2383 autem
325 2300 395 2373 hoc
411 2292 637 2389 eloquentiae
653 2309 829 2358 summum
844 2304 934 2373 opus
956 2291 1028 2360 est,
1052 2277 1121 2347 aha

135 2411 371 2504 amplificare,
395 2400 466 2471 alia
482 2407 690 2473 extenuare,
714 2388 763 2457 ita
781 2382 992 2495 difficileuest
1008 2380 1123 2497 impe-

135 2516 215 2587 ritis
229 2506 337 2580 huius
352 2501 405 2572 rei
420 2493 625 2568 efficiendae
641 2489 735 2557 viam
752 2498 857 2578 atque
871 2495 1046 2596 rationem
1068 2504 1124 2546 vr-

140 2619 232 2686 dere.
283 2606 407 2697 ltaque
431 2620 511 2669 cum
539 2595 662 2681 legunt
691 2588 905 2659 disertorum
933 2593 1123 2659 matrones,

138 2715 317 2786 mirantur
330 2702 426 2775 unde
441 2691 656 2786 sumpserint
671 2712 743 2760 una
759 2688 803 2756 de
823 2708 862 2754 re
885 2695 1022 2753 tantam
1042 2702 1124 2750 sen-

125 2813 332 2888 tentiarum
355 2826 395 2874 ac
416 2798 608 2869 verborum
633 2790 782 2883 copiam.
844 2782 996 2900 Figurae
1018 2802 1124 2871 supra

58 2910 61 2915 ¹
139 2912 309 2994 traditae,
334 2905 441 2976 etiam
453 2900 501 2970 ah
515 2892 670 2965 indoctis
683 2890 786 2961 facile
797 2885 949 2958 iudicarr
964 2893 1126 2989 possunt,

141 3018 203 3090 sed
228 3002 454 3103 amplificatio
481 2993 696 3088 singularem
719 2988 868 3083 requirit
889 2997 1000 3055 artem
1020 2996 1125 3100 atque

64 3130 68 3137 “
142 3140 259 3191 usum.
312 3102 564 3180 adhererem
589 3094 710 3186 scripti
733 3088 817 3161 ¹suut
838 3088 1020 3181 utrlusrmr
1040 3084 1126 3152 hbrr

140 3217 196 3290 De
220 3213 321 3304 copia
336 3203 496 3286 Erasmi,
520 3219 674 3293 quorum
691 3195 789 3285 prior
805 3189 965 3259 continet
986 3184 1127 3273 figuras,

143 3318 275 3412 quibus
290 3310 398 3378 verba
416 3301 612 3372 variantur.
662 3291 842 3363 Posterior
860 3284 1128 3402 coutinetbgu-

25 3408 29 3423 ¹
143 3442 222 3503 ras,
253 3432 344 3506 quae
371 3403 540 3474 maiorem
572 3416 692 3466 rerum
724 3392 860 3483 copiam
890 3386 1126 3504 suppedrtant.

143 3518 243 3591 ldem
259 3533 325 3583 nos
345 3507 386 3576 in
404 3501 474 3575 hoc
493 3497 598 3571 tertio
623 3495 813 3583 figurarum
834 3489 962 3560 ordine
985 3486 1130 3557 docebr-

145 3638 237 3702 mus,
263 3607 444 3706 quomodo
456 3611 590 3673 crescat
601 3593 733 3680 oratio,
756 3593 883 3685 partim
897 3586 1028 3668 verbis,
1045 3610 1129 3680 par-

144 3721 209 3791 tim
227 3715 330 3788 etiam
345 3709 452 3779 rebus
467 3714 580 3775 ancta.
623 3695 695 3773 Sed
709 3717 775 3765 nos
790 3692 970 3763 breviores
987 3688 1130 3773 erimus,

147 3819 230 3915 quia
244 3813 410 3887 omnibus
430 3808 470 3876 in
488 3824 598 3873 manu
618 3812 706 3870 sunt
719 3792 860 3867 Erasmi
882 3790 1015 3874 libelli,
1038 3814 1130 3882 quo·

146 3944 228 3991 rum
252 3914 398 4011 quidem
419 3905 638 3978 mentionem
656 3913 693 3970 et
714 3899 761 3968 ob
782 3892 877 3966 hanc
896 3914 1039 3962 causam
1062 3886 1131 3959 hoe

147 4024 226 4093 loco
249 4016 416 4093 fecimus,
437 4021 482 4078 ut
505 4005 622 4075 obiter
641 4002 915 4070 admoneremus
937 3991 1131 4083 imperitos,

146 4108 224 4194 oua
233 4121 273 4190 in
288 4128 387 4208 parte
402 4106 596 4181 rhetorices
609 4101 796 4195 praecipue
813 4118 899 4168 usus
919 4094 966 4164 sit
985 4092 1130 4162 illorum

147 4200 289 4295 lirasmi
311 4224 592 4309 praeceptorum.
647 4200 741 4273 Cum
766 4199 872 4297 enim
887 4219 943 4267 res
967 4194 1133 4264 inventae

147 4340 254 4417 atque
276 4316 466 4410 dispositae
489 4321 591 4392 sunt,
607 4324 609 4329 ’
623 4326 714 4398 quae
740 4299 875 4390 negotii
896 4295 1130 4366 substantiam

148 4425 353 4500 continent,
392 4428 512 4509 postea
545 4407 741 4478 videndum
769 4417 841 4487 est,
875 4399 940 4470 ubi
967 4396 1132 4489 pluribus

38 4568 46 4579 ι
149 4524 268 4596 verbis
284 4522 322 4590 in
339 4539 465 4588 unare
486 4512 658 4584 utendum
679 4506 743 4586 sit,
765 4517 807 4574 ut
825 4501 944 4571 verbis
963 4512 1132 4592 tanquam

149 4624 264 4716 pictae
280 4634 316 4691 et
332 4616 556 4688 illuminatae
570 4633 627 4681 res
643 4610 729 4677 fiant
744 4602 966 4673 illustriores.
993 4599 1133 4689 Deinde

1167 1420 1205 1467 re
1219 1418 1323 1490 saepe
1337 1400 1508 1493 praecipit
1523 1398 1596 1472 Cic.
1612 1417 1647 1473 et
1660 1426 1726 1474 nos
1741 1427 1846 1496 supra
1861 1402 2028 1476 diximus.
2053 1400 2156 1491 Quo-

1168 1499 1277 1568 modo
1293 1513 1411 1568 autem
1427 1494 1496 1571 hoc
1517 1501 1596 1571 lieri
1614 1505 1821 1587 conveniat,
1847 1505 1885 1573 in
1908 1503 2077 1594 exemplis
2103 1505 2157 1574 la-

1169 1598 1273 1669 cilius
1279 1646 1297 1688 ,A
1317 1621 1425 1692 quarn
1440 1599 1480 1670 in
1501 1606 1695 1696 praeceptis
1716 1607 1814 1676 cerni
1833 1619 1964 1697 potest,
1982 1604 2014 1674 si
2037 1618 2157 1676 tamen

1169 1700 1375 1770 admonitus
1384 1699 1495 1773 lector
1504 1704 1601 1789 sciet,
1614 1729 1651 1775 se
1669 1708 1795 1777 debere
1807 1706 2045 1791 considerare,
2059 1707 2159 1798 quod

1170 1822 1227 1870 res
1243 1799 1289 1868 ad
1304 1799 1425 1869 locum
1447 1827 1671 1887 communem
1696 1809 1878 1879 reseratur.
1933 1805 2039 1874 Varie
2060 1806 2159 1874 enim

1172 1903 1435 1972 intertexuntur
1449 1904 1563 1974 causis
1580 1906 1649 1976 loci
1672 1930 1896 1992 communes,
1921 1905 2008 1975 alias
2027 1905 2067 1976 fit
2090 1899 2158 1974 hoc

1172 2014 1293 2092 aperte
1306 2014 1341 2071 et
1352 2002 1509 2090 prolixe,
1533 2007 1620 2076 alias
1638 2009 1678 2078 lit
1691 2008 1847 2080 breviter
1870 2020 1905 2077 et
1927 2005 2159 2076 dissimulan-

1172 2115 1238 2174 ter.
1287 2096 1425 2195 Estque
1447 2106 1636 2175 mediocris
1658 2108 1840 2179 cuiusdam
1863 2121 1940 2178 tum
1955 2129 2059 2192 usus,
2083 2119 2160 2177 tum

1174 2202 1403 2294 prudentiae,
1426 2204 1651 2299 videtequid
1669 2209 1709 2276 in
1731 2204 1798 2277 hac
1820 2232 1859 2277 re
1881 2210 2022 2291 deceat,
2047 2220 2082 2277 et
2097 2206 2161 2277 ubi

1174 2303 1325 2394 recipiat
1334 2303 1449 2374 oratio
1465 2305 1562 2376 locos
1579 2332 1795 2380 communes.
1834 2307 1875 2380 Si
1892 2308 2047 2378 debello
2062 2306 2161 2378 Tur-

1175 2403 1250 2474 cico
1266 2403 1458 2471 dicendum
1475 2405 1541 2491 sit,
1566 2409 1638 2477 duo
1663 2423 1746 2480 sunt
1767 2407 1948 2503 praecipui
1971 2407 2042 2479 loci
2063 2432 2162 2479 com-

1175 2526 1320 2587 munes,
1353 2504 1392 2571 in
1413 2507 1517 2574 certis
1538 2509 1699 2599 partibus
1723 2525 1841 2602 aperte
1859 2509 2054 2595 tractandi,
2079 2533 2163 2580 eae-

1175 2617 1291 2675 terum
1312 2602 1362 2672 ita
1381 2609 1570 2696 spargendi
1592 2625 1675 2682 sunt
1691 2612 1736 2695 ¹iu
1752 2625 1861 2682 totam
1878 2611 2096 2691 orationem,
2123 2623 2164 2680 ut

1175 2707 1297 2776 adens
1315 2699 1471 2775 alludere
1486 2708 1661 2779 dicentem
1678 2711 1828 2801 intelligi
1845 2711 1963 2801 possit.
1991 2708 2085 2782 Sunt
2099 2733 2165 2780 au-

1177 2812 1253 2877 tem*
1262 2798 1303 2872 hi
1317 2803 1399 2875 loci.
1451 2805 1556 2878 Prior
1570 2825 1640 2900 est,
1665 2812 1764 2903 pium
1785 2836 1825 2880 ac
1849 2810 2081 2881 necessarium
2107 2812 2166 2880 ol-

1177 2906 1295 2976 licium
1320 2926 1394 2975 esse
1423 2902 1608 2979 christiani
1631 2911 1821 3005 principis,
1854 2913 1948 2982 bello
1973 2913 2166 2981 defendere

1177 3029 1277 3092 suos,
1300 3029 1342 3076 ac
1356 3008 1449 3077 tueri
1466 3008 1607 3081 civilem
1630 3025 1759 3084 statum
1784 3013 1975 3102 religiones
1995 3035 2037 3082 ac
2059 3013 2166 3103 leges.

1179 3108 1301 3180 Altera
1316 3120 1369 3177 est
1383 3110 1428 3178 de
1447 3110 1665 3183 immanitate
1678 3113 1794 3211 gentis
1811 3113 2003 3195 l'urcicae,
2030 3129 2166 3206 quanta

1180 3210 1225 3279 sit
1239 3210 1279 3276 in
1294 3208 1356 3277 illa
1370 3209 1532 3281 barbarie
1548 3214 1709 3304 impietas
1719 3218 1885 3285 adversus
1892 3212 2020 3301 Deum,
2032 3229 2167 3307 quanta

1180 3309 1370 3380 crudelitas
1387 3323 1492 3403 atque
1507 3314 1708 3387 immanitas
1724 3318 1893 3385 adversus
1907 3311 2085 3387 homines.
2111 3313 2166 3386 Ex

1181 3406 1238 3480 his
1259 3410 1359 3503 quasi
1383 3411 1544 3482 fontibus
1568 3439 1644 3484 non
1671 3431 1881 3487 ornamenta
1909 3431 2068 3503 tantum,
2104 3419 2167 3486 sed

1182 3511 1287 3583 etiam
1312 3513 1541 3604 probationes
1560 3533 1762 3590 sumuntur.
1813 3517 1903 3587 Nam
1937 3519 2037 3588 locus
2067 3541 2169 3588 com-

1181 3613 1301 3683 munis
1316 3613 1475 3685 continet
1492 3616 1661 3694 maiorem
1685 3621 1725 3689 in
1747 3618 1936 3711 principali
1959 3618 2167 3713 syllogismo

1181 3737 1315 3787 causae.
1367 3713 1488 3807 ltaque
1502 3718 1540 3784 in
1557 3742 1596 3787 ea
1611 3735 1711 3809 parte
1728 3721 1919 3804 orationis,
1944 3741 2037 3813 quae
2051 3719 2167 3790 maio·

1182 3840 1256 3886 rem
1283 3815 1447 3905 exponit,
1481 3833 1599 3908 aperte
1622 3823 1827 3891 tractandus
1852 3834 1959 3913 atque
1983 3822 2169 3891 ornandus

1182 3930 1234 3988 est
1248 3916 1347 3985 locus
1363 3919 1573 3990 communis.
1626 3918 1668 3989 ld
1691 3923 1775 3992 lecit
1790 3919 1932 4003 Cicero,
1957 3945 2040 3991 cum
2063 3942 2167 4012 saepe

1183 4018 1289 4101 alias,
1311 4029 1389 4087 tum
1412 4041 1476 4109 pro
1499 4018 1659 4105 Milone,
1690 4024 1754 4093 ubi
1777 4035 1960 4112 exaggerat
1981 4022 2056 4090 vim
2081 4022 2168 4111 legis

1182 4131 1349 4204 naturae,
1382 4122 1477 4211 quod
1500 4121 1606 4193 liceat
1627 4123 1697 4191 vim
1722 4126 1758 4192 vi
1780 4123 1961 4215 repellere.
2011 4120 2107 4192 Nam
2127 4146 2169 4192 ex

1184 4222 1246 4290 illa
1259 4222 1336 4308 lege
1347 4221 1502 4291 sumitur
1524 4223 1638 4292 maior
1660 4224 1699 4291 in
1720 4224 1944 4316 probatione.
1994 4219 2168 4296 Isocrates

1183 4325 1314 4394 bonam
1330 4335 1464 4412 partem
1478 4324 1593 4413 operis
1606 4325 1784 4395 consumit
1799 4323 1837 4392 in
1853 4323 1942 4393 locis
1965 4324 2171 4395 communi·

1183 4426 1262 4496 bus.
1313 4423 1385 4494 Sed
1399 4419 1466 4492 hoc
1480 4423 1583 4493 illum
1597 4425 1708 4514 magis
1725 4425 1864 4510 decuit,
1888 4422 1971 4516 quia
1997 4421 2170 4495 nonnihil

1184 4550 1205 4598 a
1221 4522 1368 4595 veritate
1382 4524 1562 4594 actionum
1576 4529 1748 4594 recedunt
1765 4523 1986 4619 Panegyrici.
2028 4522 2072 4595 ln
2088 4528 2169 4597 loro

1185 4652 1224 4699 ac
1247 4626 1401 4716 negociis
1417 4626 1651 4697 verecundior
1665 4649 1740 4694 esse
1751 4628 1860 4696 debet
1875 4639 2035 4699 ornatus.
2086 4624 2173 4698 Non

149 4721 337 4799 ”biellam
354 4716 467 4810 Pf0⁵lt
484 4715 564 4807 9¹⁰⁸
580 4712 710 4781 addere
735 4728 866 4775 mum·
917 4700 1057 4770 H⁰m¹⁰
1080 4701 1135 4768 ³¹·
1185 4752 1266 4798 raro
1281 4741 1400 4798 tamn
1418 4722 1688 4806 Demosthenes,
1712 4739 1748 4795 et
1764 4727 1794 4793 si
1810 4750 1915 4798 nemo
1933 4729 2174 4799 verecundius

149 4842 265 4899 terum
281 4822 387 4892 ⁴1⁰⁰&
401 4811 725 4888 Effimfflffioer‘
739 4806 858 4903 Ρῗίοω
880 4801 1020 4884 llb‘uffi
1045 4802 1134 4871 ³¹²⁸·
1186 4829 1295 4911 dixit,
1328 4829 1483 4918 integros
1504 4826 1601 4897 locos
1622 4849 1828 4896 communes
1848 4841 1991 4906 tractat,
2024 4840 2066 4897 ut
2085 4852 2171 4898 cum

151 4950 231 4999 rum
244 4920 450 5015 posteriore·
1186 4925 1279 5001 hanc
1293 4930 1464 5001 maiorem
1478 4927 1532 4997 sui
1548 4926 1744 5020 syllogismi
1766 4929 1929 5018 exponit,
1954 4929 2174 5018 probaturus

227 5046 719 5130 Observetautemstudiosus
731 5044 844 5116 lector
856 5040 985 5131 figuras
998 5058 1134 5120 ornnes,
1187 5055 1224 5101 se
1239 5027 1388 5101 honeste
1401 5028 1633 5101 consuluisse.
1679 5026 1826 5120 Semper
1842 5024 2083 5098 Athenienses
2095 5052 2174 5099 ser-

177 5158 357 5235 raesestim
381 5151 466 5239 has,
495 5172 586 5245 quae
616 5162 745 5239 sugent
762 5142 961 5217 orationem
985 5162 1028 5209 ex
1047 5134 1136 5207 locis
1186 5133 1335 5203 vitutem
1351 5155 1427 5203 non
1444 5130 1559 5198 solum
1576 5152 1596 5198 a
1611 5152 1659 5209 se,
1686 5133 1747 5198 sed
1763 5132 1905 5199 etiama
1921 5140 1996 5198 toto
2008 5124 2175 5214 Graecia,

151 5190 346 5338 dialecticis
368 5255 479 5340 oriri,
503 5254 547 5323 ad
568 5274 658 5344 quos
679 5249 711 5318 si
731 5249 813 5340 quis
835 5244 1029 5335 prudenter
1048 5237 1137 5309 sciet
1188 5232 1384 5334 quamlibet
1409 5254 1538 5320 magno
1561 5234 1644 5300 cum
1670 5229 1826 5320 periculo
1849 5227 2075 5319 depulerunt.
2130 5230 2176 5300 ln

152 5390 210 5439 eas
229 5363 380 5446 referre,
405 5358 594 5452 plaeraque
613 5353 653 5420 in
667 5350 781 5421 musis
794 5346 972 5419 subtiliter
985 5354 1020 5413 et
1035 5353 1137 5413 acute
1188 5330 1254 5407 hac
1282 5333 1458 5404 sententia
1496 5331 1562 5401 diu
1598 5342 1860 5414 commoratur,
1906 5352 2053 5421 eamque
2088 5354 2175 5403 cum
