4538 5754
96 233 115 306 r
697 219 739 310 ι.
792 190 1069 310 conturna,
1091 231 1140 306 ru
1168 229 1394 322 uunustu.
1451 340 1454 345 ι
1575 196 1579 207 ’
1994 237 2071 310 rso
2149 288 2156 295 .

96 431 161 492 ue,
188 405 465 500 quiacaroest,
492 405 622 492 idest,
648 409 796 477 verbum
819 431 938 476 meum
957 429 1032 474 non
1084 404 1231 475 versalis
1259 419 1309 475 est
1338 404 1531 489 sententia,
1565 407 1745 496 quomodo
1767 403 1847 478 Noe‘
1873 407 2070 501 excipitur?
2146 446 2148 450 ⁸

96 510 210 594 licut,
235 532 311 578 non
331 510 492 595 credent,
519 532 594 579 non
612 522 790 594 metuent,
814 532 891 578 non
907 508 1033 578 morti-
1083 504 1266 580 Posterior
1287 508 1400 578 locus:
1427 506 1607 601 quomodo
1629 511 1762 581 cadunt
1777 509 1817 579 in
1831 508 1947 582 Deum
1962 509 2069 583 verba

96 613 266 684 abuntur:
293 626 329 682 et
349 605 599 682 inCorintbiis
622 606 706 680 hnic
728 623 870 702 peccato
891 608 1053 702 potissi»
1084 608 1231 679 dolendi
1247 623 1281 681 et
1296 608 1547 701 poenitentiae.

96 738 142 785 tm
165 713 295 784 tribuit
314 713 527 803 apostoles,
558 714 654 806 quod
678 713 894 782 carnaliores
916 712 1033 791 iaciat,
1185 709 1332 796 Primo,
1355 696 1601 783 Universalem
1619 731 1694 778 esse
1712 714 1939 800 sententiam,
1964 729 1999 788 et
2013 717 2072 787 iu-

95 816 128 886 ia
152 816 215 909 qui
241 808 410 885 adhaeret
431 829 565 898 scorto,
588 838 700 919 tanum
725 836 854 906 corpus
880 827 930 884 est
954 837 1032 880 carm
1085 812 1220 882 dicium
1244 813 1446 882 universale
1469 815 1636 882 adversus
1659 836 1801 884 omnem
1820 841 1980 908 carnem,
2007 843 2070 910 ap·

96 932 179 991 uto:
206 918 270 1010 qui
291 930 408 986 autem
430 912 598 987 adhaeret
612 916 791 1001 Domino,
817 939 912 986 unus
926 914 1034 1006 spiri·
1085 928 1186 1007 paret
1208 939 1249 983 ex
1274 939 1315 984 eo
1338 917 1435 1009 quod
1457 928 1577 1006 postea
1601 911 1706 993 dicit,
1730 912 1967 1009 Omnis-*caro
1991 943 2071 988 cor-

96 1033 186 1090 sest
215 1041 297 1087 cum
327 1015 495 1092 Domino.
560 1018 646 1088 Non
675 1021 868 1117 peccabant
894 1030 1032 1087 tantum
1086 1032 1231 1108 ruperat
1243 1017 1335 1086 viam
1353 1041 1465 1091 suam.
1505 1012 1553 1087 Ει
1567 1015 1649 1109 quia
1664 1014 1794 1110 inquit,
1823 1017 2071 1105 VidensDeus,

96 1117 221 1192 iCain
245 1119 483 1209 generationis
508 1120 659 1212 impiae,
683 1119 831 1189 sedfitii
855 1119 941 1202 Dei,
967 1113 1034 1188 hoc
1086 1142 1227 1189 necesse
1255 1119 1484 1204 sententiam,
1517 1119 1612 1211 quod
1644 1115 1766 1189 videre
1792 1120 1886 1190 idern
1906 1121 1953 1193 sit
1975 1127 2070 1214 quod

96 1278 117 1308 ,,
151 1222 218 1290 lilii
247 1222 487 1312 generationis
514 1235 673 1307 sanctae,
704 1238 737 1295 et
764 1221 961 1314 principes,
995 1233 1034 1290 ut
1087 1220 1257 1292 iudicare.
1311 1220 1415 1292 Nunc
1437 1234 1554 1290 autem
1575 1219 1659 1289 satis
1681 1235 1834 1318 constat,
1859 1226 1955 1316 quod
1977 1224 2072 1295 iudi-

96 1349 114 1392 n
142 1348 254 1415 prope
278 1324 317 1392 in
341 1325 547 1395 universum
572 1321 642 1394 Dei
666 1325 837 1393 memoria
862 1321 1035 1392 interiret.
1087 1321 1141 1393 cio
1156 1320 1223 1393 Dei
1240 1337 1312 1394 tota
1327 1346 1407 1393 caro
1424 1324 1588 1395 damnata
1605 1321 1660 1391 sit.

96 1427 357 1518 sprimebantur
380 1427 503 1517 inopes
527 1450 592 1517 pro
608 1425 766 1495 libidine
782 1425 1034 1517 potentiorum,
1190 1423 1331 1496 Psalmo
1368 1425 1561 1495 centesimo
1598 1424 1867 1516 quadragesimo
1898 1430 2070 1498 secundo:
2105 1423 2109 1429 ’

96 1554 126 1597 m
143 1522 182 1598 hi
198 1527 357 1618 gigantes
372 1543 483 1600 erant.
535 1525 855 1599 Terribilissimum
870 1526 1032 1596 omnium
1087 1525 1170 1598 Non
1195 1527 1305 1598 intres
1328 1550 1408 1597 rum
1433 1549 1534 1597 servo
1557 1541 1619 1596 tuo
1643 1525 1682 1593 in
1704 1525 1878 1597 iudicium
1893 1541 1989 1603 etc,
2026 1525 2073 1600 Et

102 1687 113 1716 ,
140 1629 236 1723 quod
253 1644 334 1701 octo
348 1643 487 1705 tanturn
500 1629 643 1707 animae
657 1630 800 1703 relictae
815 1644 919 1714 sunt,
944 1652 1035 1722 quae
1088 1629 1248 1701 videmus
1271 1628 1366 1703 Psal.
1384 1629 1442 1702 ts.
1465 1624 1551 1699 hinc
1573 1639 1753 1720 acceptum
1778 1650 1868 1699 esses
1894 1628 2073 1703 Dominus
2164 1617 2167 1631 ¹

96 1747 202 1804 vasae
215 1745 311 1804 suut.
420 1823 423 1826 ‚
1088 1732 1266 1825 prospexit
1281 1755 1386 1823 super
1400 1731 1491 1801 lilios
1504 1725 1703 1799 hominum.

145 1833 245 1905 llaec
264 1833 426 1905 conie'rre
448 1845 548 1925 potes
571 1857 652 1903 com
674 1829 786 1931 signis
808 1824 953 1914 iudicii,
979 1831 1036 1900 di·
1191 1833 1269 1905 No‘e‘
1288 1836 1336 1904 ab
1357 1832 1551 1904 universali
1576 1831 1750 1902 sententia
1773 1833 1965 1928 excipitur,
1998 1861 2072 1906 non

114 1932 415 2008 enim-Christus:
454 1933 592 2025 Edent,
628 1933 771 2018 bibent,
802 1936 940 2005 nubent
969 1947 1035 2005 etc.
1088 1937 1182 2029 quod
1212 1936 1287 2029 ipse
1313 1961 1388 2006 non
1419 1937 1464 2006 sit
1488 1948 1667 2032 peccator,
1695 1946 1758 2006 aut
1783 1957 1857 2005 non
1883 1938 2073 2018 iudicetur,
2164 1998 2168 2007 .

96 2044 119 2109 [c
142 2041 296 2129 primum
321 2037 491 2108 libidines
511 2050 547 2107 et
567 2037 690 2105 luxum
714 2037 863 2109 notavit.
923 2035 1035 2109 Secu·
1088 2041 1146 2108 sed
1177 2040 1259 2130 qnia
1292 2052 1333 2108 ιιι
1363 2050 1477 2109 textus
1504 2037 1640 2130 inquit,
1676 2032 1818 2108 lnvenit
1843 2042 1990 2127 gratiam
2014 2065 2073 2112 co·
2166 2109 2168 2112 .

96 2156 185 2213 atem
209 2155 368 2225 accusat,
401 2162 481 2209 cum
511 2139 647 2231 inquit:
682 2133 730 2208 Et
753 2161 828 2207 non
860 2160 1036 2228 cognove·
1089 2165 1162 2211 ram
1185 2137 1355 2210 Domino.
1411 2138 1451 2209 ld
1473 2141 1567 2233 quod
1592 2135 1661 2208 hoc
1684 2139 1762 2209 loco
1785 2141 2073 2213 animadverten-
2165 2131 2169 2191 Ϊ

96 2258 211 2316 otetc.
262 2237 478 2312 EtPaulus:
504 2237 596 2311 Cum
618 2239 773 2310 dixerint
796 2263 862 2330 pax
884 2234 1035 2310 etsecu·
1088 2244 1174 2312 dum
1199 2255 1272 2328 est,
1297 2242 1393 2335 quod
1417 2237 1487 2312 hoc
1508 2240 1707 2332 exemplum
1731 2243 1841 2312 secuti
1865 2239 2075 2335 Prophetae,
2165 2231 2169 2285 Ᾰ

96 2370 130 2416 as
147 2359 233 2429 etc.,
259 2345 361 2415 etde
385 2339 584 2448 hypocrisi:
610 2337 711 2410 Duae
737 2354 843 2411 erunt
863 2341 1036 2412 molentes
1088 2349 1260 2415 damnant
1283 2343 1533 2414 universaliter
1557 2364 1678 2412 omnes
1699 2338 1879 2428 homines,
1905 2360 2074 2417 ettamen

105 2472 181 2518 una
203 2447 310 2517 mola.
364 2443 571 2534 Neglectum
587 2441 768 2512 doctrinae
783 2456 923 2516 accusat
936 2443 1035 2534 Apo·
1089 2462 1206 2540 postea
1231 2446 1412 2536 excipiunt
1430 2445 1527 2538 pios,
1551 2447 1647 2537 quod
1672 2445 1727 2514 sic>
1744 2445 1988 2535 accipiendum
2011 2460 2073 2538 est,
2165 2472 2171 2502 τ

96 2545 445 2622 lusin2.'1'hessal.
465 2546 509 2614 de
526 2538 761 2615 Antichristo.
1089 2539 1169 2620 cuni
1189 2549 1361 2619 damnant
1377 2543 1576 2638 Prophetae
1596 2546 1847 2618 universaliter
1866 2573 1989 2618 omnes
2008 2544 2074 2618 ho·
2167 2583 2170 2594 ·

205 2723 290 2793 ΝΜ
314 2715 553 2817 Wm‘inebit
577 2720 737 2810 ‘pirum
761 2737 879 2790 mm·
1089 2767 1124 2823 et
1150 2767 1231 2824 ante
1254 2752 1460 2822 iudicantur
1480 2774 1587 2844 quam
1609 2750 1862 2838 iustificantur,
1894 2766 1930 2822 et
1952 2776 2075 2823 omnes

142 2855 322 2926 Videmus
346 2852 552 2945 interpretis
571 2846 664 2920 hanc
684 2851 793 2921 luisse
815 2851 1037 2938 sententiam,
1089 2869 1228 2926 sanctos
1250 2866 1388 2945 oportet
1413 2876 1530 2922 coram
1548 2850 1623 2922 Deo
1645 2840 1748 2923 lateri
1771 2866 1815 2922 se·
1828 2877 1902 2926 esse
1916 2869 2075 2946 peccato-

96 2961 144 3032 svi
160 2959 343 3041 futurum,
369 2970 410 3026 ut
426 2955 612 3025 aboleatur
627 2965 806 3037 creatura,
832 2977 913 3025 cum
930 2953 1038 3027 vertit
1077 2951 1164 3038 res,
1191 2971 1225 3026 et
1247 2957 1425 3044 resignare
1446 2978 1483 3024 se
1509 2954 1684 3023 voluntati
1705 2954 1869 3041 divinae,
1896 2980 2075 3048 quacpro

96 3049 369 3154 upermanebit
392 3056 539 3148 spiritus
564 3078 664 3124 meus
687 3054 725 3121 in
749 3048 905 3128 homine.
965 3054 1037 3126 Sed
1089 3054 1686 3148 snagloriavelsalvetveldamnet.
1713 3048 2077 3152 SicHieremiaequa-
2103 3110 2106 3117 .

106 3162 283 3235 Hebraeis
313 3175 381 3231 est:
413 3157 497 3230 Non
525 3155 721 3241 iudicabit,
752 3168 793 3226 ut
815 3150 875 3227 hic
897 3155 1037 3230 causam
1090 3160 1286 3251 dragesimo
1316 3172 1429 3229 sexto:
1462 3158 1555 3228 Cum
1576 3159 1786 3229 ’damnasset
1810 3183 1933 3228 omnes
1955 3156 2074 3229 homi-

96 3267 197 3360 plicet
211 3286 276 3333 cur
290 3260 509 3334 extincturus
525 3258 573 3329 sit
588 3279 698 3346 genus
714 3251 931 3344 humanum,
953 3259 1036 3354 quia
1091 3283 1154 3333 nes
1166 3276 1280 3333 terror
1295 3258 1537 3356 undiqueetc,
1552 3258 1682 3331 adiecit
1694 3260 1838 3331 taudem
1853 3259 2074 3334 etdelsrael:

96 3393 122 3439 n
145 3367 192 3437 sit
215 3364 403 3435 auditurus
425 3358 535 3431 homo
555 3360 705 3429 verbum
719 3356 807 3444 Dei,
833 3361 966 3434 nonsit
981 3360 1038 3431 iu·
1090 3363 1145 3436 Ta
1164 3387 1249 3453 ,vero
1263 3386 1338 3434 non
1353 3384 1577 3447 consumam,
1602 3363 1663 3430 sed
1681 3360 1858 3452 castigabo
1873 3375 1907 3435 te
1922 3360 1962 3435 in
1979 3363 2076 3432 indi-

96 3484 231 3542 caturus
254 3479 290 3537 et
309 3465 585 3537 mortificatorus
600 3484 761 3546 carnem,
787 3460 868 3533 ide‘o
885 3464 1038 3555 perden·
1090 3468 1165 3549 cio,
1190 3489 1255 3536 nec
1278 3464 1380 3560 quasi
1402 3463 1585 3535 innocenti
1606 3486 1747 3554 parcam
1764 3462 1843 3536 tibi.
1894 3458 1944 3534 Ει
1960 3465 2075 3556 prima

96 3596 135 3642 ‚m
159 3593 245 3642 csse.
307 3567 410 3640 Sicut
432 3579 466 3637 et
488 3556 664 3635 Matthaei
685 3559 746 3632 24·
770 3563 919 3635 dicitur:
960 3563 1039 3636 Nisi
1089 3567 1187 3640 Petri
1209 3581 1352 3661 quarto:
1388 3563 1565 3638 iudicium
1588 3564 1714 3656 incipit
1735 3587 1755 3634 a
1777 3562 1994 3653 domoDei5
2027 3561 2076 3636 Ει

96 3669 248 3745 breviati
285 3669 436 3741 fuissent
476 3666 552 3736 dies
588 3663 663 3749 illi,
701 3688 776 3734 nou
811 3664 911 3738 lieret
943 3666 1037 3737 salva
1091 3672 1121 3741 si
1151 3669 1264 3739 iustus
1293 3670 1352 3738 vix
1373 3667 1588 3752 salvabitur,
1622 3667 1752 3759 impius
1774 3679 1810 3736 et
1832 3682 1992 3758 peccator
2012 3668 2075 3737 ubi

96 3776 275 3845 rniscaro.
963 3774 967 3781 “
1091 3766 1299 3865 apparebit?
1349 3765 1400 3841 Et
1425 3771 1471 3840 ad
1500 3765 1685 3840 Romanos
1715 3767 1847 3858 primo:
1881 3765 2076 3841 Revelatur

451 3943 460 3961 ,
832 3876 834 3881 ’
1092 3876 1145 3945 ira
1182 3873 1251 3948 Dei
1283 3894 1390 3964 super
1426 3893 1570 3940 omnem
1610 3869 1838 3961 impietatem.
1917 3869 2075 3940 Proinde

387 3943 486 4026 Quttt
518 3960 607 4011 ΜΝ
633 3946 701 4010 ⁶⁸²·
1092 3973 1190 4047 hanc
1213 3973 1472 4045 accusationem
1503 3972 1592 4041 scias
1615 3971 1967 4057 universalem'esse,
2001 3994 2073 4042 non

149 4080 191 4152 ld
206 4093 268 4164 est,
294 4091 368 4149 tota
382 4072 476 4145 nihil
489 4074 559 4146 nisi
574 4073 728 4145 carnalia
744 4073 834 4167 sapit
846 4089 880 4149 et
889 4075 1039 4171 quaerit.
1093 4071 1364 4170 συνεκδοχικῶς
1391 4077 1435 4145 ad
1466 4073 1597 4165 impios
1624 4085 1761 4145 tantum
1788 4073 1982 4168 pertinere,
2014 4075 2074 4142 sed

1092 4180 1243 4251 iudicari
1267 4178 1375 4249 simul
1396 4199 1519 4246 omnes
1542 4170 1724 4261 homines,
1750 4170 1818 4245 hoc
1844 4189 1914 4260 est,
1940 4191 1974 4246 et
1999 4176 2075 4266 pios

1093 4296 1124 4353 et
1139 4280 1289 4372 impios,
1314 4279 1397 4374 quia
1412 4276 1553 4372 oportet
1571 4273 1753 4349 humiliari
1769 4277 1889 4346 omnia
1899 4276 1992 4361 Deo,
2019 4301 2074 4346 re-

152 4385 193 4457 ld
211 4400 280 4470 est,
305 4397 448 4457 centum
466 4395 500 4452 et
516 4380 646 4471 viginti
663 4404 777 4452 annos
792 4382 959 4474 permitto
976 4383 1040 4477 eis,
1093 4382 1204 4478 quirit
1234 4381 1331 4451 enim
1360 4395 1395 4452 et
1423 4405 1443 4453 a
1467 4380 1595 4451 sanctis
1617 4379 1780 4450 timorem
1805 4378 1871 4452 sui.
1934 4376 1984 4450 lta
2007 4374 2076 4448 hoc

96 4491 182 4560 ibus
203 4486 411 4579 resipiscant
432 4482 596 4568 interim,
634 4495 711 4554 tum
733 4485 880 4577 perdam
903 4508 963 4557 eos
983 4487 1040 4556 di·
1092 4487 1171 4557 loco
1194 4483 1309 4570 videt,
1340 4479 1410 4555 hoc
1431 4497 1501 4569 est,
1526 4481 1666 4552 'iudicat
1687 4480 1849 4581 omnium
1871 4484 1977 4551 corda
2002 4466 2109 4550 esse'
2153 4540 2159 4554 ι

96 4592 161 4665 ιίο.
722 4644 726 4649 -
1092 4611 1184 4659 vana
1207 4586 1248 4656 'et
1275 4611 1402 4680 prava,
1434 4606 1574 4664 necesse
1604 4595 1672 4668 est,
1704 4596 1745 4655 ιιι
1769 4583 1920 4654 fateatur
1940 4582 2017 4655 Noie'
2039 4608 2076 4658 se

365 4765 373 4780 ,
1093 4713 1235 4785 quoque
1258 4683 1363 4761 talem
1385 4712 1478 4775 esse,
1502 4711 1540 4757 se
1560 4710 1702 4780 quoque
1717 4683 1867 4757 mortem
1883 4698 1917 4756 et
1931 4687 2076 4758 exitium
2150 4744 2155 4753 ,

328 4756 468 4834 mm
494 4767 626 4834 “mm
650 4758 770 4829 Dm·
1093 4791 1360 4876 commeruisse,
1393 4815 1458 4860 nec
1484 4786 1589 4860 habet
1612 4791 1707 4882 quod
1729 4787 1803 4881 ipse
1828 4789 2076 4880 praecaeteris

320 4252 514 4341 licantque
540 4241 766 4318 dictinius.

1089 2652 1223 2736 mines,
1255 2650 1437 2733 damnari,
1470 2649 1553 2742 quia
1577 2662 1611 2718 et
1634 2649 1736 2721 electi
1759 2664 1957 2740 peccatores
1982 2665 2075 2736 sunt,
2204 2648 2207 2662 '

153 4897 251 4970 Deus
272 4898 495 4991 potissimum
519 4895 588 4965 loci
603 4889 662 4964 hic
678 4893 927 4963 considerandi
944 4908 1039 4982 sunt,
1094 4907 1303 4986 praesumat.
1354 4891 1446 4964 Nam
1470 4904 1503 4964 et
1517 4890 1630 4961 David
1645 4890 1696 4963 sic
1712 4891 1872 4985 queritur
1887 4888 1979 4962 Psal.
1996 4891 2075 4961 88.:
2183 4985 2185 4989 ι

95 5001 168 5088 ior,
193 5013 236 5072 sit
257 5022 303 5069 ue
319 4997 530 5069 universalis
545 4996 771 5067 sententiaet
786 4994 958 5066 iudicium
975 4999 1039 5069 ad·
1075 4995 1295 5069 Memorare
1323 5019 1415 5091 quae
1443 5018 1521 5065 mea
1549 4994 1767 5078 substantia3
1797 4992 1960 5087 nunquid
1988 5018 2077 5063 vane

96 5125 174 5175 rsus
196 5125 320 5172 omnes
343 5097 524 5183 homines,
557 5101 654 5192 quod
678 5098 747 5169 ait:
783 5095 1039 5188 Videns'Deus
1092 5098 1306 5170 constituisti
1344 5120 1468 5170 omnes
1498 5097 1589 5167 filios
1619 5092 1831 5169 hominum?
1894 5095 1964 5168 Sed
1996 5122 2074 5166 cum

96 5208 149 5277 ¹od
177 5204 289 5274 multa
317 5216 405 5274 esset
435 5197 591 5271 hominis
622 5200 762 5271 malicia
789 5199 830 5269 in
859 5213 973 5288 terra,
1004 5215 1040 5272 ct
1092 5201 1287 5288 iudicatur,
1310 5214 1498 5272 servantur
1510 5199 1573 5293 pii,
1600 5224 1673 5270 non
1690 5221 1836 5288 operum
1853 5198 1990 5283 merito,
2014 5201 2075 5267 sed

96 5332 160 5379 ane
187 5306 394 5398 figmentum
416 5302 669 5393 cogitationum
693 5302 811 5373 cordis
832 5327 953 5374 eorum
976 5327 1039 5372 va·
1091 5304 1243 5396 gratuita
1267 5304 1509 5375 misericordia
1532 5302 1614 5374 Dei.
1668 5299 1719 5372 lta
1742 5296 1801 5372 hic
1822 5304 1865 5372 de
1889 5299 1966 5371 Noe‘
1986 5301 2077 5371 diri-

96 5435 138 5483 [ιιι
161 5423 197 5482 et
217 5432 366 5502 pravum
386 5405 486 5477 omni
504 5416 698 5499 tempore.x
726 5402 884 5493 Deinde,
907 5405 937 5476 si
954 5406 1038 5480 nui·
1091 5421 1166 5478 tur:
1194 5402 1337 5480 invenit
1361 5407 1509 5499 gratiam
1534 5430 1653 5477 coram
1668 5402 1755 5480 Deo.
1809 5404 1866 5473 Ad
1891 5400 1978 5473 eum
1996 5428 2080 5471 mo-

1512 5501 1593 5583 bb*
