4538 5754
90 249 109 320 a
626 242 712 326 -ν,
751 244 1074 324 unornuara
1103 245 1436 328 nunncncns.
1667 316 1673 339 ,
1966 190 2058 316 ¹ns
2149 331 2152 335 s

90 443 113 488 n
134 442 228 503 esse,
250 420 325 492 cito
342 420 463 491 videre
484 435 720 494 monstrosam
746 424 1019 514 connexionem,
1043 427 1047 470 ¹
1072 422 1269 514 captiones,
1299 443 1390 514 quae
1419 431 1501 489 sunt
1532 429 1671 486 tantum
1700 436 1825 507 scopae
1849 412 2053 500 dissolutae,
2083 428 2089 438 ‘

90 552 92 589 a
108 524 268 593 membra
285 546 360 592 non
376 519 621 610 cohaerentia,
646 537 681 595 ει
696 516 952 612 ἀνακόλουθα,
977 539 1019 596 ut
1043 480 1047 564 l
1071 526 1215 598 crebrae
1231 537 1314 595 sunt
1332 525 1370 595 in
1388 521 1508 593 multis
1525 519 1690 609 negociis.
1736 538 1739 543 ·
2024 548 2028 554 ·

90 637 134 695 tto
155 626 328 697 nominat.
1499 682 1609 750 AM
1669 621 1670 624 ¹

435 788 609 876 Eml’l‘f·
770 832 775 841 “
1223 812 1361 888 Omnes
1376 809 1534 880 scelerati
1550 806 1746 900 aliquando
1763 803 1976 896 affligentur,

183 911 226 984 ln
241 913 409 984 omnibus
425 916 555 985 sanctis
575 915 614 983 in
631 910 697 986 hac
713 913 785 985 vita
801 925 921 986 manet
937 936 1017 1005 pec·
1223 920 1286 985 lob
1303 915 1482 1002 affligitur,

234 1030 364 1098 talum.
1222 1016 1319 1108 Ergo
1337 1013 1400 1085 lob
1417 1027 1467 1083 est
1484 1012 1681 1082 sceleratus.

182 1113 412 1188 Adulterium
428 1129 481 1188 est
499 1131 692 1209 peccatum,
1132 1116 1134 1120 '
1170 1119 1269 1208 Nego
1293 1114 1600 1209 consequentiam,
1631 1125 1667 1183 et
1691 1111 1782 1182 ratio
1808 1123 1881 1195 est,
1908 1108 1990 1204 quia
2009 1134 2050 1178 ex

183 1213 280 1309 Ergo
296 1219 335 1287 in
350 1218 483 1289 sanctis
498 1233 617 1291 manet
634 1219 864 1292 adulterium.
1069 1223 1166 1316 puris
1182 1219 1402 1291 affirmativis
1418 1216 1624 1288 insecundo
1640 1214 1751 1304 figura
1767 1207 1861 1282 nihil
1880 1211 2051 1304 sequitur.

132 1332 367 1428 Respondeo:
401 1335 500 1425 Nego
529 1338 837 1432 consequentiam,
869 1349 903 1408 et
925 1335 1016 1405 ratio
1170 1322 1249 1394 Hoc
1267 1334 1515 1412 argumentum
1534 1339 1661 1405 magna
1677 1339 1756 1405 pars
1774 1329 1826 1386 est
1839 1313 2052 1404 disputatio·

90 1489 96 1521 ,
123 1436 164 1506 in
186 1440 339 1508 secunda
360 1438 472 1529 figura
493 1462 534 1507 eg
558 1440 658 1530 puri,
679 1436 900 1509 affirmativi,
922 1431 1016 1506 nihil
1066 1425 1124 1495 nis
1137 1426 1175 1495 in
1191 1426 1285 1494 libro
1303 1423 1388 1508 lob,
1416 1423 1488 1490 imo
1505 1421 1550 1490 de
1574 1431 1647 1489 tota
1661 1415 1819 1489 Ecclesia
1833 1415 1884 1486 sic
1904 1415 2073 1521 plurimi„

90 1538 202 1609 uitur.
251 1537 331 1609 Etsi
349 1554 465 1611 antem
490 1535 556 1609 hae
579 1543 702 1610 breves
715 1541 897 1631 captiones
910 1553 945 1610 et
960 1563 1015 1608 re·
1067 1529 1256 1600 ludicassb‘

90 1641 240 1710 usiones
261 1643 429 1712 videntur
452 1664 526 1711 esse
547 1643 625 1712 ludi
647 1643 818 1735 pueriles,
844 1655 962 1713 tamen
977 1665 1016 1711 re
1091 1690 1095 1697 .
1220 1627 1390 1701 Scelerati
1404 1624 1618 1719 puniuntur,

90 1744 168 1811 ade
183 1766 312 1832 magno
329 1765 448 1813 errore
463 1743 657 1813 multorum
673 1744 872 1819 disseritur.
904 1741 1016 1814 Multi
1216 1729 1404 1814 lesemlsss
1429 1727 1605 1818 ΒθΡῑῑδῐΙ,
1633 1739 1718 1798 ⁸⁰¹¹!
1739 1723 1778 1794 5¹1
1799 1722 1937 1813 “¹³8⁰st
1959 1723 2051 1794 ⁶³¹³·

90 1867 125 1912 m
157 1844 225 1912 sihi
252 1845 493 1929 blandientes,
527 1867 608 1915 curn
638 1846 791 1917 audiunt
814 1846 854 1916 in
884 1845 1017 1915 sanctis
1271 1831 1466 1915 mlissfibub
1532 1910 1533 1916 ,
1578 1851 1580 1856 ’

90 1968 174 2014 nere
189 1961 340 2036 peccata,
363 1959 521 2029 attexunt
536 1946 623 2016 falsa
637 1942 706 2018 hoc
718 1950 843 2017 modo:
865 1942 1016 2018 Etiamsi
1132 1925 1137 1933 ¹
1217 1931 1612 2026 lsslltlrwsslssoelmfi·

90 2047 257 2136 lulgemus
289 2049 408 2140 pravis
438 2048 710 2138 cupiditatibus,
744 2062 864 2118 tamen
893 2072 1016 2119 sumus
1130 2050 1354 2123 llicnecesse
1370 2064 1422 2121 est
1438 2047 1669 2120 conscientias
1684 2047 1773 2117 scire
1792 2042 1899 2117 huius
1916 2047 2050 2138 captio·

90 2149 153 2220 icti.
206 2147 362 2219 Videant
384 2172 466 2239 ergo
487 2153 601 2219 bonae
625 2164 779 2233 mentes,
803 2174 850 2220 ue
869 2144 937 2220 hac
955 2174 1015 2221 so·
1064 2156 1122 2226 nis
1144 2180 1262 2227 veram
1285 2154 1519 2237 solutionem,
1551 2174 1658 2243 quam
1682 2149 1767 2219 dixi.
1818 2146 1904 2220 ldeo
1930 2162 2077 2219 autem·

90 2251 180 2320 stica
196 2252 429 2342 decipiantur.
470 2249 637 2321 Irenaeus
656 2251 791 2346 inquit,
817 2248 1014 2323 haereticos
1065 2258 1105 2327 in
1119 2260 1273 2329 secunda
1289 2257 1398 2347 ligura
1415 2280 1457 2324 ex
1475 2253 1571 2345 puris
1587 2250 1808 2322 affirmativis
1822 2245 1916 2318 nihil
1929 2251 2049 2344 sequi·

90 2364 172 2422 :tere
198 2353 377 2423 funiculos
402 2377 443 2423 ex
470 2376 597 2438 arena,
632 2352 669 2421 id
699 2367 771 2438 est,
804 2369 1016 2425 connectere
1065 2375 1145 2447 tur,
1165 2362 1249 2455 quia
1266 2361 1379 2450 reipsa
1405 2357 1642 2450 proceditura
1667 2352 1874 2446 particulari
1887 2353 1932 2422 ad
1949 2340 2047 2424 aliud

90 2478 101 2522 a
134 2450 380 2536 cohaerentia,
414 2467 456 2525 ut
485 2455 525 2523 in
554 2453 679 2526 multis
710 2456 880 2556 exemplis
916 2457 1014 2527 cerni
1064 2461 1298 2554 particulare,
1319 2447 1388 2530 hoc
1406 2474 1479 2542 εει,
1503 2458 1700 2528 subiectum
1722 2454 1874 2528 minoris
1895 2477 1967 2525 non
1990 2455 2049 2525 in·

90 2569 153 2627 ⁸⁸²·
1065 2565 1223 2637 cluditur
1238 2565 1276 2633 in
1294 2565 1452 2633 subiecto
1469 2560 1634 2640 maioris,
1655 2571 1710 2630 ut:
1901 2544 1906 2564 ⁸

129 2656 239 2746 Quod
256 2670 373 2728 autem
395 2657 435 2726 in
449 2657 602 2727 secunda
618 2657 729 2749 figura
744 2682 786 2728 ex
802 2656 902 2751 puris
917 2659 1015 2728 affir-
1146 2701 1148 2706 -
1218 2662 1351 2738 Omnia
1364 2665 1495 2754 gallina
1512 2675 1564 2733 est
1578 2662 1689 2753 bipes,

90 2759 170 2830 tivis
192 2754 287 2828 nihil
309 2760 487 2851 sequitur,
520 2760 610 2829 ratio
639 2772 711 2844 est,
740 2760 825 2852 quia
851 2783 893 2830 ex
915 2761 1014 2852 puris
1217 2765 1349 2838 Omnis
1364 2761 1474 2836 homo
1492 2777 1544 2835 est
1559 2764 1670 2855 bipes,

90 2860 301 2933 titularibus
325 2856 418 2929 nibil
441 2861 613 2954 sequitur.
666 2856 732 2932 Est
756 2861 850 2930 enirn
872 2886 1015 2954 proces-
1216 2867 1313 2959 Ergo
1329 2868 1447 2938 omnis
1462 2863 1571 2937 homo
1586 2878 1637 2938 εει
1651 2865 1796 2955 gallina.

99 2963 343 3055 aparticulari
364 2964 409 3033 ad
431 2962 660 3054 particulare,
684 2973 853 3055 utsupra
876 2966 1012 3036 dictum
1502 3028 1605 3099 ΔΜ

466 3191 577 3260 a...
994 3257 995 3260 ψ
1064 3146 2047 3351 m...litutztttttlllttthttatt{⁸333

1063 3376 1202 3454 pterea,
1226 3362 1321 3456 quod
1338 3360 1448 3430 alium
1463 3354 1529 3427 hac
1545 3359 1709 3449 captione
1725 3356 1946 3444 exagitasset:

1216 3461 1350 3555 Aliquo
1364 3464 1471 3530 modo
1484 3461 1701 3530 febricitanti
1714 3460 1833 3529 danda
1851 3471 1902 3528 est
1919 3481 2021 3550 aqua,

1217 3560 1349 3635 Omnis
1365 3562 1570 3633 febricitans
1584 3561 1706 3655 aliquo
1721 3563 1829 3649 modo
1846 3560 2034 3642 febricitat,

1172 3659 1313 3754 surgo
1340 3664 1507 3736 omnibus
1536 3662 1820 3735 febricitantibus
1848 3663 1966 3733 danda
1993 3673 2046 3731 εει

1266 3789 1369 3838 aua.

1162 3868 1265 3961 Nego
1281 3793 1589 3963 dlansequentiam,
1615 3868 1698 3961 quia
1720 3880 1802 3937 sunt
1820 3888 1946 3956 scopae
1970 3866 2046 3934 dis-

1062 3974 1218 4058 solutae,
1241 3994 1263 4042 a
1279 3994 1353 4040 non
1370 3971 1564 4042 distributo
1580 3973 1622 4040 ad
1640 3971 1871 4041 distributum
1889 3991 1964 4037 non
1982 3993 2044 4036 va-

1060 4077 1110 4148 let
1123 4074 1385 4168 consequentia.
1434 4072 1549 4164 Supra
1565 4072 1604 4143 in
1620 4071 1743 4163 figuris
1757 4070 2043 4165 syllogismorum

1062 4180 1165 4269 plura
1195 4176 1355 4267 exernpla
1376 4176 1521 4246 recitata
1551 4189 1654 4261 sunt,
1685 4175 1815 4269 quibus
1838 4195 2044 4241 commone·

507 4357 515 4373 ‚
1060 4280 1145 4349 facti
1168 4279 1328 4363 iuniores
1348 4280 1484 4348 discant
1515 4277 1648 4346 similes
1678 4276 1858 4367 captiones
1880 4272 2043 4346 refutare.

395 4465 397 4469 .
456 4356 570 4426 AM*
825 4454 829 4463 ,
1060 4380 1150 4451 Nam
1167 4380 1374 4473 quotidiana
1389 4381 1492 4450 lectio
1510 4392 1544 4450 et
1558 4379 1632 4448 vita
1647 4373 1886 4467 suppeditabit
1902 4373 2042 4444 infinita

144 4460 313 4534 'omnm
329 4465 623 4537 eilumsslmlffll
639 4467 837 4552 damnatae,
938 4498 943 4509 '
1061 4483 1229 4574 exempla.
1277 4479 1490 4572 Complexus
1505 4494 1558 4550 est
1572 4494 1690 4550 autem
1707 4475 1919 4548 Aristoteles
1933 4477 2040 4548 vitio·

173 4565 217 4635 1¹1
236 4565 528 4684 ludltlfffflssullae
543 4582 629 4639 ⁸⁰¹¹!
645 4569 854 4648 calumniae,
987 4635 991 4642 .
1046 4608 1114 4655 aas
1131 4583 1400 4678 consequentias
1415 4584 1454 4652 in
1469 4583 1604 4655 fallacia
1619 4579 1878 4673 consequentis.

173 4663 270 4756 Ergo
286 4670 416 4739 rudrcra
433 4684 519 4741 sunt
534 4671 712 4744 damnata.
1138 4692 1140 4697 ’

122 4783 224 4874 Nego
244 4787 551 4879 consequentiam,
577 4801 612 4860 et
626 4787 718 4859 ratio
734 4801 803 4874 est,
828 4789 912 4881 qnia
926 4788 1007 4879 plus

89 4889 130 4958 in
146 4887 394 4973 conclusione,
416 4913 523 4981 quam
542 4891 581 4958 in
597 4890 807 4982 praemissis.
848 4887 1005 4959 Conclu-
1810 4963 1813 4966 a

90 5002 206 5062 autern
225 4983 312 5059 haec
327 4990 477 5060 debebat
503 5013 595 5078 esse,
620 5015 703 5083 ergo
728 4987 798 5061 hae
812 4991 1008 5062 calumniae
1161 4988 1252 5061 Cum
1270 4988 1396 5059 vitium
1414 4988 1452 5057 in
1468 4990 1573 5059 rebus
1593 5001 1662 5071 est,
1687 4982 1754 5057 hoc
1770 4998 1843 5071 est,
1869 5008 1948 5054 cum
1964 5006 2041 5051 ma·

90 5092 218 5164 udiciis
234 5093 420 5162 damnatae
435 5106 537 5174 sunt,
563 5118 638 5163 non
653 5096 727 5187 ipsa
742 5093 894 5174 iudicia,
919 5117 1007 5187 quae
1041 5093 1114 5163 'ior
1130 5108 1191 5163 aut
1208 5093 1328 5161 minor
1351 5089 1437 5160 falsa
1454 5105 1516 5161 aut
1537 5091 1701 5179 ambigua
1717 5104 1790 5173 est,
1815 5087 1966 5157 solvitur
1983 5108 2041 5157 ar·
2101 5134 2102 5137 =

90 5229 93 5264 t
117 5208 170 5264 est
193 5217 334 5263 necesse
364 5195 545 5285 corrumpi
572 5196 772 5268 calumniis.
831 5191 1008 5266 Animad-
1058 5210 1265 5287 gementum
1290 5218 1354 5286 per
1374 5192 1648 5278 inficiationem,
1679 5205 1742 5262 aut
1764 5188 2041 5267 distinctionem,

90 5321 121 5369 to
146 5297 257 5386 igitur
286 5296 374 5366 vitio
394 5297 668 5390 consequentiae
692 5297 846 5390 intelligi
878 5309 1007 5390 potest,
1057 5310 1118 5368 aut
1147 5296 1364 5370 instantiam.
1421 5293 1492 5366 Sed
1523 5310 1564 5368 ut
1591 5293 1745 5384 intelligi
1774 5291 1900 5386 possit,
1932 5312 2041 5382 quare

90 5400 199 5471 modo
234 5395 494 5489 Anabaptistae
521 5397 754 5493 decipiantur.
833 5398 1005 5472 Asteles
1057 5398 1252 5494 propositio
1269 5397 1357 5470 falsa
1372 5396 1439 5484 sit,
1464 5398 1663 5471 revocanda
1677 5395 1926 5471 estadlocoa.
1950 5387 2061 5454 &m

178 3296 397 3387 Paedagogia
415 3296 611 3367 necessaria
630 3311 693 3384 est,

178 3398 408 3472 Ceremoniae
427 3398 537 3469 Moisi
553 3412 637 3470 sunt
653 3401 879 3491 paedagogia,
927 3409 932 3414 ”

177 3498 274 3593 Ergo
291 3499 511 3572 ceremoniae
527 3500 637 3571 Moisi
653 3515 736 3573 sunt
757 3503 986 3575 necessariae.

127 3620 225 3710 Nego
247 3619 553 3712 consequentiam,
585 3633 621 3690 ει
645 3619 737 3691 ratio
761 3633 830 3705 est,
862 3621 945 3714 quia
968 3647 1010 3691 ex
1044 3626 1049 3632 ’

92 3724 123 3792 is
147 3721 421 3815 particularibus
446 3717 537 3789 nibil
558 3721 729 3814 sequitur.
787 3721 911 3794 Maior
930 3739 1010 3795 tan-

90 3851 98 3894 ι
124 3823 349 3916 particularis
376 3837 441 3892 est.
498 3819 547 3892 Et
574 3814 606 3894 si
628 3824 735 3893 facias
758 3824 1010 3908 universalem,

114 3927 212 3997 falsa.
262 3921 392 3997 Omnis
423 3925 670 4015 paedagogia,
687 3924 725 3994 id
748 3939 817 4012 est,
830 3976 832 3980 ψ
847 3929 1009 3999 omnium

90 4026 231 4099 itiarum
263 4025 495 4119 paedagogiae
524 4028 738 4097 necessariae
768 4043 862 4103 sunt.
912 4028 1009 4101 Haec

90 4155 109 4199 a
131 4147 202 4219 est,
235 4145 275 4202 ut
289 4127 464 4200 Laconica
487 4128 701 4219 paedagogia
721 4153 797 4199 non
820 4147 871 4203 εει
889 4155 1008 4204 neces-

94 4256 127 4303 ἃ.
605 4265 608 4268 ,

1315 4821 1384 4905 De
1415 4819 1536 4904 vitiis
1563 4821 1774 4905 materiae.
