4538 5754
96 226 222 337 soso,
690 228 754 305 rx.
807 222 1171 303 consuuntur
1207 222 1259 301 ut
1291 221 1535 303 rsannos,
2027 226 2126 299 roso
2183 184 2187 189 ’

96 394 199 471 chias
214 401 405 494 quaerebat
424 401 567 471 foedera
583 400 858 495 Aegyptiorum,
886 414 920 472 et
940 398 1089 471 Palaeu·
1137 422 1214 470 cere
1236 399 1341 471 tidem
1366 398 1523 468 n'o'stram
1538 396 1577 466 in
1601 397 1822 470 confessione
1838 411 1873 469 et
1887 398 2124 476 invocatione.

97 503 173 591 logi
194 499 330 573 Turcas
353 504 392 573 iu
413 498 596 595 Europam
626 517 857 576 attraxerunt.
914 501 984 575 Sed
1010 503 1089 595 piae
1137 499 1234 572 Haec
1251 502 1372 574 omnia
1395 501 1485 570 scire
1499 494 1691 569 Ecclesiam
1706 523 1846 572 necesse
1864 514 1936 588 est,
1961 502 2049 594 quid
2064 502 2124 588 sit,

96 616 237 674 mentes
255 605 463 676 intueantur
484 600 552 674 hos
572 603 749 690 Psalmos,
775 606 837 699 qui
855 606 936 674 ideo
954 605 1089 674 divini·
1137 603 1254 699 qualis
1269 617 1390 675 coetus
1403 600 1467 688 sit,
1493 604 1538 670 ad
1553 602 1648 695 quod
1664 626 1794 673 munus
1811 618 1931 674 vocata
1946 603 2006 685 sit,
2033 628 2124 698 quae

96 719 156 777 tus
172 707 346 799 propositi
361 720 463 793 sunt,
490 719 532 777 ut
552 707 656 777 nobis
672 720 776 778 uotae
793 708 865 778 siut
881 708 1089 798 promissio·
1138 706 1168 776 si
1193 701 1359 778 habitura
1381 703 1556 797 pericula,
1590 728 1679 797 quac
1704 705 1864 800 auxilia,
1887 729 1977 800 quos
1998 709 2124 781 exitus.
2160 768 2170 780 .

96 831 163 877 nes
179 805 268 895 Dei,
294 823 328 881 et
343 822 460 881 extent
483 809 640 901 exempla
664 809 788 880 auxilii
804 807 936 895 divini,
964 821 1003 880 ut
1027 833 1088 899 pe-
1137 806 1227 878 Nam
1253 807 1302 899 pii
1327 831 1401 877 non
1423 819 1566 900 possent
1582 806 1735 896 perferre
1751 830 1955 894 aerumnas,
1980 809 2011 877 si
2037 804 2124 879 haec

96 925 214 980 tamus
237 925 271 981 et
294 923 514 1004 expectemus
537 935 556 980 a
576 910 657 993 ¹Deo
688 911 880 997 auxilium,
911 935 1013 1004 saepe
1037 911 1088 982 ita
1139 910 1325 981 nescirent.
1385 912 1468 979 ldeo
1494 905 1658 977 historica
1681 910 1969 980 commemoratio
1993 934 2124 1005 propo-

96 1013 242 1101 cogites.
1139 1013 1254 1098 nitur,
1281 1035 1370 1104 quae
1397 1010 1540 1103 quidem
1564 1024 1598 1080 et
1619 1033 1740 1079 causas
1760 1011 1941 1100 petitionis
1956 1014 2124 1084 continet.

201 1110 299 1182 Deus
312 1126 453 1184 aeterne
467 1112 573 1185 Pater
587 1115 735 1186 Domini
754 1117 867 1187 nostri
887 1114 965 1186 lesu
981 1111 1088 1187 Chri-
1139 1111 1224 1184 Ideo
1241 1115 1334 1184 euim
1351 1112 1447 1183 Dens
1461 1108 1655 1182 Ecclesiam
1674 1112 1751 1180 vult
1765 1134 1925 1202 servare,
1952 1115 2034 1207 quia
2049 1116 2124 1207 ipse
2237 1129 2239 1133 ’

96 1214 162 1300 sti,
175 1228 275 1285 tuam
289 1215 653 1304 gloriamdelendito:
681 1219 784 1288 multi
798 1220 951 1309 cogitant
966 1218 1087 1288 omnia
1139 1241 1214 1285 eam
1232 1216 1334 1305 elegit
1352 1229 1385 1285 et
1402 1216 1539 1304 diligit,
1564 1227 1599 1284 et
1623 1213 1776 1283 vicissim
1794 1209 1950 1284 Ecclesia
1969 1239 2048 1285 eum
2067 1241 2125 1287 ce-

97 1320 190 1386 casu'
199 1316 305 1396 ferri,
331 1332 393 1388 aut
407 1314 599 1388 humanam
616 1321 845 1391 calliditatem
863 1322 944 1412 plus
962 1321 1088 1406 valere,
1138 1320 1252 1390 lebrat
1268 1333 1301 1389 et
1316 1342 1397 1386 vere
1410 1317 1564 1388 invocat.
1607 1313 1731 1385 Voluit
1747 1312 1843 1385 Dens
1860 1339 2042 1407 exgenere
2057 1314 2126 1388 hu·

96 1441 208 1510 quam
237 1418 496 1490 invocationem
526 1422 591 1494 tui.
656 1419 817 1492 Obsecro
850 1423 1015 1492 exaudias
1048 1446 1088 1492 ac
1138 1445 1244 1490 mano
1261 1421 1425 1509 colligere
1439 1415 1691 1489 haereditatem
1708 1415 1814 1491 Filio.
1867 1417 1970 1487 Hanc
1985 1421 2128 1489 redimit

97 1520 202 1589 iuves
222 1543 306 1604 nos,
332 1534 374 1592 ut
396 1537 561 1613 appareat
582 1536 616 1593 te
638 1548 711 1593 esse
735 1525 955 1593 defensorem
982 1525 1088 1595 invo-
1140 1522 1341 1611 perFilium
1356 1516 1449 1593 hanc
1463 1521 1563 1611 regit,
1578 1533 1613 1591 et
1628 1518 1853 1590 mirabilibus
1868 1521 1985 1591 modis
2001 1522 2126 1592 delen·

97 1621 261 1693 cautium
283 1634 336 1698 te:
368 1627 515 1694 ostende
539 1640 573 1695 te
593 1627 674 1715 plus
696 1648 796 1715 posse
818 1650 924 1717 quam
952 1625 1088 1695 diaboli
1139 1625 1241 1695 ditet
1255 1637 1382 1697 servat.
2077 1676 2082 1683 ,

96 1738 133 1794 et
148 1722 342 1815 impiorum
359 1725 503 1796 artificia
521 1742 555 1800 et
571 1740 735 1810 conatus,
761 1729 907 1796 ostende
931 1726 1088 1797 testimo·
1240 1724 1336 1796 Haec
1359 1725 1463 1794 initio
1488 1737 1829 1811 commemorantur,
1862 1725 1961 1818 quasi
1992 1726 2041 1796 sic
2070 1726 2127 1797 di-

98 1826 204 1895 nium
218 1828 315 1919 quod
328 1829 422 1897 adsis
436 1830 473 1896 in
493 1826 661 1898 Ecclesia.
1140 1841 1211 1897 cat:
1247 1826 1306 1898 Tu
1330 1829 1383 1897 vis
1402 1825 1499 1897 Deus
1523 1851 1661 1896 servare
1682 1838 1764 1896 tuos
1789 1850 1878 1920 quos
1900 1827 2057 1916 elegisti,
2092 1844 2127 1900 et

204 1924 279 1996 llas
299 1930 487 2019 petitiones
511 1922 733 2019 experiemur
756 1953 829 1998 non
855 1953 927 1999 esse
958 1920 1087 2005 irritas.

97 2029 161 2101 Sic
183 2030 279 2098 enirn
301 2030 422 2099 docuit
447 2052 512 2099 nos
534 2043 668 2121 petere:
696 2031 776 2100 Non
800 2031 902 2101 nobis
923 2030 1088 2117 Domine,

97 2155 176 2200 non
203 2131 326 2214 nobis,
357 2132 418 2199 sed
444 2131 666 2201 nominituo
694 2134 737 2200 da
762 2133 923 2221 gloriam.
983 2135 1088 2205 ltcm:

98 2233 157 2304 Ne
172 2232 296 2302 dicant
311 2233 349 2301 in
367 2235 548 2323 gentibus,
572 2234 633 2301 ubi
651 2247 702 2302 est
717 2233 813 2304 Deus
829 2234 977 2304 eorum?

204 2331 348 2404 Primus
363 2357 483 2403 versus
500 2348 552 2403 est
567 2335 761 2426 propositio
775 2333 926 2405 Psalmi:
952 2331 1088 2405 Indica

99 2458 159 2506 ms
172 2430 293 2508 Deus.
346 2434 415 2504 Hic
432 2430 569 2527 phrasis
582 2434 755 2506 Hebraica
771 2441 1011 2526 cognoscenda
1028 2453 1089 2512 est.

1140 1928 1276 2019 diligis,
1304 1944 1339 2000 e't
1362 1931 1423 2023 qui
1450 1930 1602 1998 vicissim
1626 1943 1661 1999 te
1683 1951 1765 1998 vere
1781 1929 1961 1998 celebrant
1976 1944 2010 2000 et
2025 1931 2127 1998 invo-

1140 2045 1232 2102 cant.
1284 2029 1375 2101 Cum
1393 2031 1500 2121 igitur
1515 2053 1581 2100 nos
1597 2033 1639 2098 ad
1660 2030 1876 2119 agnitionem
1895 2043 1976 2100 tuae
1993 2032 2127 2099 doctri-

1140 2157 1205 2201 nae
1221 2134 1418 2217 vocaveris,
1442 2146 1477 2204 et
1495 2132 1621 2222 diligas
1642 2126 1739 2201 hunc
1762 2145 1921 2215 coetum,
1946 2131 2039 2202 etin
2063 2132 2128 2201 hac

1140 2248 1230 2306 terra
1246 2258 1313 2306 nos
1328 2234 1572 2319 collocaveris,
1599 2248 1639 2302 ut
1660 2246 1764 2303 testes
1787 2256 1938 2303 essemus
1959 2248 2039 2304 tune
2063 2236 2139 2304 dos

1140 2338 1293 2421 ctrinae,
1318 2337 1467 2407 deiende
1483 2350 1517 2406 et
1531 2358 1628 2404 serva
1646 2358 1722 2405 nos.
1773 2332 1822 2406 Et
1844 2336 2012 2427 exemplis
2034 2330 2128 2405 hanc

1141 2451 1238 2508 tuam
1255 2440 1474 2511 voluntatem
1492 2438 1689 2520 declarasti,
1713 2438 1818 2527 'saepe
1838 2461 1903 2505 uos
1919 2438 2124 2509 defendisti:

99 2538 194 2609 Nam
210 2536 331 2606 Latini
346 2539 449 2607 aliter
462 2538 679 2629 loquuntur,
704 2540 763 2607 sed
775 2537 891 2607 David
910 2535 978 2609 hoc
996 2543 1089 2610 vult:
1139 2562 1205 2609 nec
1221 2564 1286 2608 nos
1300 2565 1384 2611 arcu
1401 2553 1523 2609 nostro
1538 2553 1572 2610 et
1586 2540 1718 2609 nostris
1741 2539 1849 2608 armis
1870 2553 1923 2609 tot
1938 2554 2057 2629 gentes
2073 2542 2127 2608 vi·

100 2639 161 2712 Sis
176 2652 217 2709 tu
233 2636 329 2708 Deus
349 2640 471 2721 iudex,
498 2652 532 2708 et
554 2638 686 2707 iustum
709 2640 858 2709 defende
878 2653 912 2710 et
937 2643 1090 2730 reprime

102 2741 292 2811 iniustum.
349 2736 489 2809 Deinde
507 2741 699 2811 miscentur
714 2742 877 2834 querelae
894 2756 928 2811 et
945 2743 1091 2832 petitio-

103 2866 180 2913 nes.
238 2837 442 2934 Exponitur
465 2843 588 2926 dolor,
623 2856 664 2912 ut
687 2843 811 2933 petitio
833 2844 879 2912 sit
899 2845 1091 2918 ardentior.

101 2943 197 3015 Petit
212 2956 330 3013 autem
349 2938 418 3014 hoc
433 2943 637 3035 praecipue,
659 2958 698 3013 ut
712 2947 900 3014 reducatur
920 2947 963 3013 ad
981 2947 1090 3016 socie-

102 3060 212 3117 tatem
234 3040 423 3113 Ecclesiae.
475 3034 526 3113 lta
550 3067 616 3112 nos
640 3059 798 3136 petamus
822 3063 856 3115 ct
871 3048 1006 3114 servari
1022 3044 1093 3118 Ec·

102 3147 269 3229 clesiam,
295 3158 329 3214 et
342 3148 417 3214 ‘no's
439 3144 477 3211 in
500 3139 566 3214 hac
582 3168 662 3217 arca
677 3148 752 3236 regi
770 3164 803 3216 et
817 3148 962 3219 servari.
1015 3146 1093 3220 Hae

102 3248 296 3339 petitiones
319 3261 402 3316 sunt
427 3246 652 3335 praecipuae,
693 3263 727 3318 et
740 3271 844 3336 saepe
865 3263 1093 3321 recensentur

101 3350 146 3417 in
154 3348 337 3430 Psalmis,
348 3361 389 3416 ut
405 3346 546 3416 Psalmo
564 3346 642 3422 84.;
669 3347 771 3421 Beati
794 3351 856 3445 qui
870 3352 1036 3424 habitant
1053 3353 1091 3424 iu

100 3452 215 3520 domo
230 3464 289 3522 tua
306 3447 481 3535 Domine,
506 3463 568 3519 etc.

244 3606 583 3749 depromentem
608 3677 663 3726 uo
691 3654 952 3750 dispositio

429 3772 588 3855 Psalmi
619 3773 784 3859 IerV.

156 3925 286 4010 Dens,
312 3920 468 3995 nuribus
487 3929 630 3997 nostris
647 3923 866 3997 audiuimus
881 3933 1013 4017 potres
1030 3947 1097 3996 no-

159 4030 232 4097 stri
246 4029 574 4098 annunciaverunt
587 4024 701 4099 nobis.

103 4176 113 4187 “
210 4158 281 4229 Hic
312 4159 474 4230 Psalmus
505 4162 620 4252 imago
651 4175 704 4231 est
725 4157 903 4231 Ecclesiae
934 4161 1096 4231 omniurn

96 4270 323 4352 temporum.
385 4259 482 4331 ldeo·
504 4265 658 4354 primum
694 4263 852 4334 continet
894 4258 1095 4333 historicam

96 4364 373 4453 narrationem,
406 4388 506 4456 qrrae
520 4380 571 4435 est
595 4367 756 4443 doctrina
778 4366 970 4467 osteudens
998 4366 1097 4436 unde

96 4465 154 4537 tit
174 4462 354 4555 Ecclesia,
388 4488 502 4558 aquo
529 4468 673 4537 collecta
698 4469 762 4550 sit,
787 4467 951 4536 videlicet
972 4491 991 4535 a
1009 4464 1098 4548 Deo,

1140 2640 1237 2710 cinas
1257 2643 1375 2712 delere
1405 2642 1660 2732 potuissemus,
1692 2643 1752 2710 sed
1776 2665 1795 2710 a
1819 2655 1853 2713 te
1877 2641 1992 2734 palam
2016 2642 2130 2711 adiuti

1140 2763 1279 2811 sumus:
1305 2766 1388 2833 ergo
1405 2766 1501 2811 nunc
1517 2767 1659 2834 quoqne
1675 2764 1774 2811 serva
1794 2764 1869 2812 nos.

1242 2842 1312 2912 Hic
1327 2866 1448 2914 sarisas
1467 2843 1648 2932 petitionis
1668 2843 1809 2913 recitari
1824 2842 2050 2911 manifestum
2068 2856 2131 2924 est,

1141 2943 1272 3036 quibus
1307 2947 1423 3015 verbis
1456 2944 1563 3014 simul
1598 2944 1731 3033 gratiae
1767 2957 1922 3032 aguntur
1957 2964 2021 3032 pro
2057 2944 2129 3011 illis

1141 3044 1337 3126 beneficiis,
1371 3060 1406 3117 et
1433 3047 1651 3135 significatur
1680 3046 1845 3137 deinceps
1872 3044 1975 3113 etiam
2008 3045 2127 3113 Deum

1141 3143 1320 3218 Ecclesiae
1340 3172 1424 3218 suae
1445 3162 1681 3235 protectorem
1710 3148 1800 3216 lore.
1852 3144 1947 3215 Haec
1972 3147 2129 3235 primum

1142 3251 1186 3319 de
1201 3246 1380 3320 Ecclesiae
1397 3251 1602 3321 defensione
1616 3263 1651 3319 et
1666 3251 1711 3319 de
1725 3272 1828 3318 crure
1846 3249 2027 3319 dicuutur.

1243 3349 1368 3423 Postea
1383 3353 1483 3422 addit
1499 3352 1697 3423 doctrinam
1714 3352 1758 3421 de
1774 3348 2007 3430 confessione.
2043 3348 2126 3417 Non

1142 3452 1323 3542 adfligitur
1347 3451 1524 3539 Ecclesia,
1558 3468 1599 3525 ut
1630 3452 1778 3544 imperia
1807 3451 1952 3536 mundi,
1983 3465 2128 3542 propter

1144 3552 1269 3639 idola,
1281 3544 1498 3650 tyrannides,
1523 3554 1704 3627 libidines.
1742 3552 1832 3622 Nam
1848 3548 1913 3621 hae
1928 3567 2010 3623 sunt
2029 3577 2130 3641 prae-

1143 3658 1267 3747 cipuae
1295 3681 1417 3727 causae
1448 3682 1513 3728 cur
1540 3670 1741 3733 mutantur,
1775 3658 1834 3723 scd
1860 3656 1940 3746 qnia
1967 3655 2130 3723 diabolus

1144 3760 1220 3830 odit
1236 3757 1368 3845 Deum,
1392 3761 1509 3831 irritat
1533 3757 1882 3848 impiosprincipes,
1910 3770 1949 3826 ut
1972 3758 2131 3826 saeviant

1144 3861 1183 3928 in
1207 3858 1411 3934 Ecclesiam.
1462 3860 1552 3932 Cum
1575 3861 1684 3949 lgitur
1709 3859 1872 3927 diabolus
1897 3874 2044 3929 conatur
2068 3861 2131 3925 de-

1145 3965 1217 4032 lere
1234 3962 1353 4032 veram
1363 3961 1431 4034 Dei
1447 3962 1626 4046 noticiam,
1639 3957 1798 4031 Ecclesia
1816 3961 1853 4029 in
1867 3960 2050 4051 suppliciis
2066 3983 2131 4054 op-

1147 4077 1253 4157 ponat
1270 4090 1388 4134 veram
1413 4066 1687 4136 confessionem:
1720 4062 1768 4133 ita
1795 4078 1936 4131 nostrae
1957 4062 2132 4131 adflictio-

1146 4190 1209 4236 nes
1240 4166 1330 4237 liunt
1359 4169 1561 4238 testimonia
1584 4164 1766 4238 doctrinae
1795 4178 1828 4233 ct
1861 4163 2027 4231 sacrificia
2054 4160 2132 4231 Deo
2210 4247 2212 4250 .

1146 4281 1258 4358 grata.
1310 4266 1395 4338 ldeo
1411 4264 1470 4338 hic
1485 4271 1588 4339 dicit:
1614 4262 1706 4340 Non
1721 4261 1830 4335 obliti
1844 4286 1972 4332 sumus
1989 4271 2032 4348 te,
2046 4285 2135 4358 pro·

1144 4379 1223 4467 pter
1240 4377 1272 4439 n
1282 4365 1488 4441 'occidimur
1502 4379 1578 4440 toto
1592 4365 1662 4442 die.

1247 4471 1359 4544 Docet
1388 4475 1496 4564 igitur
1519 4472 1679 4544 Psalmus
1701 4473 1873 4541 edendam
1897 4490 1969 4538 esse
1995 4467 2135 4536 conles-

96 4582 143 4639 tt
166 4568 269 4659 qnod
292 4567 339 4637 sit
360 4564 427 4637 Dei
460 4569 645 4659 peculiaris
670 4570 841 4660 populus,
876 4570 1098 4639 seiunctusa
1147 4576 1282 4645 sionem
1319 4576 1358 4645 in
1392 4576 1593 4669 suppliciis,
1627 4587 1661 4644 et
1696 4572 1802 4643 simul
1836 4570 1991 4641 ostendit
2027 4591 2135 4660 qnare

96 4668 258 4751 caeteris
279 4670 465 4757 gentihus
491 4669 670 4763 Quodque
698 4686 832 4742 certum
865 4686 898 4741 et
921 4671 1099 4761 singulare
1149 4680 1303 4747 mundus
1320 4694 1496 4768 grassetur
1511 4679 1549 4746 in
1566 4674 1781 4767 Ecclesiam,
1810 4674 1942 4747 scilicet
1959 4670 2044 4741 odio
2067 4669 2134 4740 Dei
2254 4678 2260 4685 '

96 4788 243 4845 uiuunt
259 4763 406 4854 haheat,
428 4771 563 4842 scilicet
578 4788 618 4843 ut
631 4775 677 4844 sit
692 4788 809 4843 custos
826 4774 947 4852 verbi,
974 4797 1045 4865 quo
1062 4798 1098 4844 se
1150 4793 1183 4849 et
1206 4802 1308 4851 verae
1332 4782 1526 4851 doctrinae.
1591 4775 1682 4847 Cum
1706 4790 1824 4849 autem
1849 4777 2000 4845 sciamus
2020 4770 2136 4842 Deum

96 4871 275 4967 pardecit
295 4867 408 4954 Deus,
433 4877 529 4963 quod
552 4876 599 4944 sit
620 4875 804 4944 dissimilis
825 4884 936 4945 status
957 4875 1098 4948 futurus
1148 4904 1223 4952 non
1247 4882 1500 4972 permissurum
1517 4878 1608 4963 esse,
1622 4895 1669 4951 'ut
1689 4902 1772 4949 vera
1787 4878 1949 4950 doctrina
1964 4875 2136 4963 deleatur,

96 4962 231 5047 lunius.
243 4975 374 5064 populi
404 4990 439 5044 et
460 4976 704 5067 imperiorum
718 4979 865 5048 mundi:
908 4982 1003 5070 quod
1030 4981 1100 5050 im·
1149 4984 1255 5055 simul
1271 4980 1336 5054 hac
1352 4983 1595 5056 consolatione
1609 4995 1865 5065 sustentamur,
1884 4978 2000 5050 Deum
2017 4978 2055 5046 iu
2072 4972 2138 5045 hoc

96 5076 211 5171 peris
233 5077 361 5177 nundi
383 5079 583 5149 crudeliter·
599 5090 795 5169 grassatura
818 5081 888 5149 sint
911 5080 952 5148 in
967 5077 1099 5151 Eccle-
1150 5081 1601 5177 a'gouemobisadsutnrum
1619 5107 1705 5159 esse.

96 5178 232 5263 u'ss'n,¹
253 5179 455 5249 scs-comen
477 5177 596 5251 Deum
619 5190 842 5254 servaturum
864 5204 940 5252 esse
962 5205 1100 5276 semper
1252 5186 1296 5259 ln
1313 5189 1383 5260 fine
1407 5190 1551 5260 additur
1575 5188 1719 5280 petitio,
1745 5198 1786 5258 ut
1804 5185 1999 5255 liberemur
2019 5205 2039 5250 a
2061 5204 2138 5251 sae·
2208 5202 2212 5207 ’

96 5280 266 5373 ιΕφεω
288 5301 398 5351 suum
412 5295 551 5353 coetum
570 5281 751 5356 custodem
774 5298 809 5354 et
830 5298 1099 5378 propagatorem
1150 5291 1239 5361 vitia·
1258 5286 1393 5362 dialioli
1420 5286 1724 5387 ettyrannorum.
1786 5286 1867 5356 Erit
1889 5298 2006 5357 autem
2028 5282 2139 5371 magis

96 5372 315 5469 Evangelii:
341 5395 376 5453 et
390 5386 487 5478 qnod
502 5385 587 5456 velit
610 5388 649 5455 in
673 5383 729 5456 his
753 5388 1019 5459 addictionibus
1042 5390 1099 5462 lu·
1150 5392 1363 5486 perspicuus,
1377 5390 1560 5476 psalmus,
1588 5393 1619 5462 si
1643 5416 1724 5464 cum
1750 5391 1903 5460 aliorum
1924 5402 2150 5472 temporum,

156 5486 343 5553 Dlrnsnrn.
362 5489 465 5556 Ocra.
488 5491 571 5556 Vos.
588 5491 682 5561 Xlll.
1575 5493 1627 5566 gg
