4538 5754
721 268 848 346 PHlL.
873 266 991 342 MEL.
1015 267 1224 343 SCRIPTA
1248 263 1554 343 satuentes.
2062 269 2154 344 1140

135 275 233 350 1139

152 485 154 491 -
238 435 305 509 Est
320 431 512 529 itaquehic
528 433 688 505 Psalmus
703 435 902 525 obiurgatio
919 435 1123 526 impiorum,
1174 456 1229 502 rer
1252 428 1398 504 leonum
1421 430 1664 532 confringito.
1717 431 1814 505 Haec
1829 430 2037 528 metaphora
2053 442 2156 533 signi.
2191 451 2192 467 ³

139 539 223 612 satis
257 539 424 610 atrociter
451 537 663 627 amplificata
691 560 755 627 per
782 539 911 626 gradus
940 536 1122 620 scelerum,
1173 536 1252 605 licat
1292 535 1485 625 potentiam
1518 551 1552 606 et
1586 535 1767 606 saevitiam
1808 532 1965 610 hostium
1995 556 2029 613 et
2052 567 2155 634 genus
2191 565 2192 570 ’

140 640 418 713 circumstantias
440 653 475 708 et
499 639 761 712 similitudines.
820 639 878 707 Ad
901 638 1123 727 obiurgatio·
1173 637 1278 716 belli,
1313 638 1410 728 quod
1438 637 1606 709 videlicet
1633 639 1808 708 laceratur
1832 637 1990 712 Ecclesia
2023 645 2155 716 iniustis

137 766 220 814 uem
243 766 327 812 vero
348 742 518 810 accedunt
540 741 714 831 precatio,
739 753 773 810 et
787 740 1035 823 comminatio,
1061 763 1123 809 seu
1173 737 1503 822 criminationibus,
1535 763 1626 832 quae
1654 741 1760 810 bonis
1788 740 1969 813 mentibus
1990 747 2154 818 maiorem

139 843 330 937 praedictio
351 844 394 913 de
417 841 540 934 poenis
563 842 768 934 impiorum.
817 839 882 911 Est
899 841 1008 931 igitur
1023 840 1123 911 Psal-
1174 840 1332 909 dolorem
1350 840 1543 926 adferunt,
1563 854 1732 913 ettamen
1747 837 2134 936 hiquoqueaccedunt.
2191 868 2192 919 ξ

138 969 218 1015 mus
246 945 383 1034 generis
413 943 581 1027 suasorii,
615 944 697 1036 quia
728 942 891 1031 obiurgat
920 939 1055 1026 hostes,
1088 956 1123 1011 et

139 1038 270 1139 poenas
285 1046 335 1114 eis
350 1045 521 1129 minatur,
547 1045 679 1117 interea
697 1057 731 1115 et
746 1041 861 1113 Deum
877 1060 1058 1134 precatur,
1084 1056 1123 1114 ut

140 1148 307 1239 reprimat
329 1148 415 1216 tales
436 1146 555 1217 hostes
575 1170 727 1238 quorum
748 1148 962 1237 potentiam,
988 1147 1121 1215 rabiem

139 1262 174 1320 et
197 1271 307 1340 genus
330 1249 416 1317 belli
441 1247 626 1328 describit,
659 1270 738 1317 eum
762 1238 925 1317 nominat
948 1249 1067 1318 leones
1090 1261 1125 1316 et

140 1354 266 1422 dentes
288 1351 452 1419 molares.
504 1348 685 1440 Significat
704 1348 847 1417 enimet
866 1363 1025 1440 potentes
1040 1371 1125 1431 esse,

141 1466 177 1523 et
198 1450 375 1534 rabiosos,
400 1464 435 1521 et
457 1451 609 1520 lacerare
631 1451 816 1534 dentibus,
844 1451 879 1519 id
904 1464 972 1532 est,
998 1451 1125 1519 crude·

139 1552 285 1623 lissimis
302 1551 611 1623 criminationibus
623 1552 786 1622 miseram
802 1565 836 1622 et
848 1547 1123 1641 oppressamEc·

140 1655 293 1726 clesiam.

242 1769 382 1838 Primus
406 1792 526 1841 versus
549 1783 600 1838 est
624 1770 824 1859 obiurgatio
849 1770 894 1839 ab
917 1769 991 1837 imo
1013 1768 1124 1857 gradu

142 1871 325 1950 erudiens,
360 1871 493 1941 scilicet
520 1872 565 1940 ab
590 1871 722 1941 iniusto
754 1870 905 1943 silentio.
972 1868 1144 1939 Peccant,

140 1973 203 2066 qui
227 1986 323 2041 metu
344 1986 406 2041 aut
425 1972 660 2042 assentatione
683 1985 815 2057 tacent,
840 1973 901 2041 sed
914 1971 1028 2040 multo
1045 1972 1124 2061 plus

141 2086 305 2167 peccant,
339 2074 401 2166 qui
434 2074 573 2165 palam,
608 2075 807 2163 petulanter
836 2087 871 2142 et
899 2072 1126 2162 pertinaciter

94 2192 100 2203 ·
139 2175 322 2244 veritatem
338 2178 556 2266 oppugnant.
609 2172 665 2243 Ad
681 2170 746 2243 hos
760 2197 823 2262 per
836 2175 965 2262 gradus
980 2173 1125 2256 accedit,

139 2301 178 2346 ac
209 2276 312 2347 initio
343 2276 660 2346 dissimulationem
689 2291 723 2346 et
748 2276 928 2344 silentium
952 2273 1123 2344 iniustum

139 2390 244 2451 taxat.

241 2493 425 2566 Secundus
447 2516 568 2563 versus
591 2506 728 2562 accusat
749 2494 979 2585 petulantiam
996 2505 1029 2562 et
1044 2517 1124 2582 per-

139 2596 318 2666 tinaciam.
369 2593 461 2664 Cum
483 2596 578 2663 enim
600 2595 718 2664 cordis
734 2610 767 2665 et
784 2618 953 2664 manuum
971 2593 1123 2661 mentio-

139 2721 221 2765 nem
245 2696 349 2765 faciat
370 2692 428 2765 hic
449 2719 588 2780 versus,
615 2696 786 2785 significat
805 2696 1034 2786 cupiditatem
1058 2718 1124 2762 no-

140 2798 262 2881 cendi,
289 2810 321 2866 et
343 2798 526 2867 audaciam
550 2799 589 2866 in
612 2798 836 2890 exequendo,
862 2798 952 2867 sicut
967 2795 1072 2884 Doe'g
1089 2809 1124 2865 et

43 2912 50 2927 “·
139 2900 222 2969 odio
246 2896 394 2968 Davidis
415 2901 577 2979 ardebat,
611 2923 651 2968 ac
674 2923 800 2968 nocere
821 2901 854 2967 ei
877 2899 1056 2988 cupiebat,
1090 2908 1123 2965 et

139 3026 219 3072 cum
235 3001 311 3070 sine
326 3002 454 3071 timore
466 3000 536 3069 Dei
551 3012 657 3083 esset,
683 3000 914 3069 audacissime
929 2998 1124 3068 conabatur

138 3126 219 3173 eum
247 3104 466 3194 opprimere,
498 3114 532 3171 et
557 3097 715 3191 hospites
741 3101 817 3169 eius
841 3102 1057 3182 sacerdotes,
1089 3110 1123 3167 et

137 3218 272 3274 sanctas
289 3229 410 3273 eorum
429 3205 595 3293 coniuges
612 3202 802 3272 crudeliter
813 3201 1060 3295 interficiebat.

240 3320 403 3400 Tertius,
454 3332 599 3411 quartus
636 3333 669 3388 et
705 3319 851 3411 quintus
884 3340 1003 3386 versus
1040 3331 1123 3386 sunt

137 3422 427 3514 amplificationes
462 3421 676 3488 inveteratae
708 3419 869 3488 maliciae
898 3418 1122 3488 confirmatae

136 3538 313 3616 tempore,
340 3535 373 3590 et
394 3520 606 3610 pertinaciae
621 3519 843 3589 inflexibilis:
870 3544 909 3589 ac
926 3518 1121 3590 similitudo

137 3625 269 3716 aspidis
283 3622 470 3706 inseritur,
496 3645 601 3714 quam
618 3621 705 3690 dicit
720 3621 881 3691 infodere
899 3635 1002 3714 caput
1018 3645 1121 3692 suum

135 3726 174 3793 in
188 3722 344 3808 terram,
369 3747 414 3792 ne
433 3723 554 3793 audiat
570 3722 864 3810 incantationem,
891 3748 996 3817 quam
1011 3723 1041 3793 si
1056 3749 1119 3793 au-

136 3826 245 3910 diret,
272 3826 467 3916 er'iperetur
482 3824 513 3893 ei
530 3824 583 3893 vis
598 3826 762 3895 nocendi.

1276 972 1455 1065 Septimus
1481 988 1516 1045 et
1539 975 1573 1045 8.
1598 999 1720 1047 versus
1752 977 1890 1047 addunt
1914 983 2154 1053 comminatio·
2190 1040 2192 1063 ,

1292 1089 1327 1147 et
1355 1076 1635 1166 praedictionem
1664 1101 1818 1169 poenae,
1853 1078 1892 1147 in
1922 1078 1991 1173 q'ua
2024 1085 2154 1175 praedi·
2190 1134 2192 1156 ε

1176 1178 1294 1247 ctione
1316 1178 1565 1248 describuntur
1586 1179 1679 1250 irriti
1696 1193 1846 1250 conatus
1860 1183 2021 1275 quinque
2034 1185 2153 1253 simili·
2190 1246 2192 1253 Α

1176 1099 1256 1144 ilem

1176 1278 1375 1348 tudinibus:
1401 1274 1594 1377 Disfluent
1616 1289 1653 1347 ut
1675 1304 1797 1376 aqua,
1825 1275 1985 1375 dirigant
2000 1282 2153 1379 sagittas

1177 1393 1299 1448 contra
1326 1377 1554 1460 Ecclesiam,
1582 1403 1657 1450 'nec
1677 1379 1819 1478 ferient
1850 1405 1950 1465 eam,
1987 1388 2085 1479 quod
2116 1389 2152 1457 ad

1176 1504 1350 1550 summam
1372 1482 1422 1550 rei
1444 1483 1586 1566 attinet,
1613 1506 1687 1551 non
1711 1484 1891 1573 perficient
1907 1482 1975 1556 hoc
1991 1489 2087 1579 quod
2103 1513 2153 1557 co-

1177 1595 1320 1654 nantur.
1371 1579 1450 1652 Etsi
1473 1584 1663 1653 crudeliter
1683 1599 1885 1673 grassantur
1906 1584 2153 1668 Diocletianus,

1176 1697 1211 1752 et
1232 1684 1307 1752 eius
1327 1684 1498 1773 collegae,
1531 1700 1566 1755 et
1587 1687 1790 1755 devoraturi
1812 1688 2017 1758 universam
2039 1686 2153 1760 Eccle·

1175 1785 1264 1853 siam
1293 1785 1477 1855 videntur:
1514 1798 1630 1856 tamen
1662 1787 1701 1854 in
1732 1788 1864 1857 medio,
1882 1813 1988 1859 cursu
2017 1792 2153 1860 saevitia

1177 1908 1300 1956 eorum
1323 1886 1550 1977 reprimitur,
1583 1901 1618 1956 et
1642 1888 1815 1957 liberatur
1836 1885 2009 1959 Ecclesia.
2068 1887 2155 1961 Arc·

1175 1993 1273 2056 scent
1292 1995 1330 2054 ut
1354 1980 1536 2072 cochleae,
1558 1986 1731 2083 peribunt
1748 1995 1787 2056 ut
1801 1986 2034 2079 abortivumr
2057 1992 2155 2089 ause-

1177 2096 1300 2157 rcntur
1314 2096 1353 2157 ut
1368 2096 1509 2158 tenerae
1520 2088 1650 2183 spinae
1661 2089 1880 2184 priusquam
1894 2102 2155 2185 maturuerunt,

1176 2191 1273 2282 quod
1309 2191 1348 2259 in
1385 2203 1482 2260 textu
1512 2192 1562 2260 sic
1591 2191 1737 2260 dicitnr:
1757 2185 2006 2289 'Priusquam
2032 2194 2155 2290 spinae

1177 2298 1314 2359 vestrae
1331 2285 1437 2383 fiunt
1466 2285 1634 2373 rhamni,
1668 2293 1705 2360 id
1732 2306 1799 2372 est,
1833 2295 2041 2388 priusquam
2063 2311 2154 2367 tene-

1177 2416 1236 2461 rae
1272 2394 1394 2483 spinae
1433 2394 1522 2464 fiunt
1553 2396 1703 2484 grandes
1737 2408 1770 2463 et
1801 2397 1987 2470 aculeatae.
2070 2396 2153 2466 Nam

1176 2489 1366 2565 Rhamnes
1380 2494 1510 2584 species
1526 2510 1577 2565 est
1592 2496 1793 2584 spinarum,
1818 2520 1857 2566 ac
1875 2497 1991 2568 frutex
2006 2499 2153 2588 grandis,

1176 2607 1211 2662 et
1240 2596 1379 2665 aculeos
1400 2590 1504 2663 habet
1528 2597 1640 2665 multo
1665 2597 1844 2683 longiores
1867 2601 2016 2668 caeteris
2038 2600 2154 2690 spinis,

1176 2698 1271 2764 unde
1300 2697 1405 2782 vulgo
1435 2696 1564 2764 dicitur
1594 2697 1668 2765 eius
1700 2697 1839 2767 fruticis
1868 2701 1976 2768 ramis
2010 2724 2152 2769 corona-

1177 2809 1250 2865 tum
1281 2818 1354 2865 esse
1385 2791 1576 2869 Christum.
1637 2796 1741 2866 Nunc
1771 2798 1809 2866 iu
1839 2797 1941 2869 ltalia
1972 2801 2153 2870 nominant

1176 2892 1381 2967 Rhamnum
1403 2920 1507 2964 uvam
1529 2899 1698 2987 crispam,
1724 2912 1758 2966 et
1780 2900 1901 2969 baccas
1917 2896 2046 2982 habet,
2071 2927 2151 2995 quae

1176 2997 1213 3066 in
1231 2997 1424 3067 Germania
1442 3012 1612 3067 vocantur
1625 2998 1827 3090 Rttiftlbttt.

1257 3114 1445 3189 ,Veterum
1478 3117 1678 3205 superstitio
1703 3118 1804 3194 finxit
1829 3120 1995 3210 prodesse
2019 3116 2153 3190 rhamni

1175 3217 1289 3306 virgas
1308 3231 1429 3286 contra
1447 3219 1713 3303 fascinationes,
1735 3234 1770 3289 et
1787 3220 1934 3289 incubos
1949 3243 2012 3291 seu
2026 3218 2153 3313 ephial-

1175 3332 1242 3401 tas,
1273 3320 1335 3411 qui
1359 3320 1617 3389 dormientibus
1637 3320 1772 3389 faciunt
1795 3323 2077 3412 compressiones
2099 3348 2151 3412 pe-

1174 3419 1298 3504 ctoris,
1343 3421 1424 3489 ideo
1454 3419 1631 3506 Nicander
1657 3422 1756 3490 addit
1783 3416 1966 3511 epitheton
1996 3419 2152 3506 rhamno,

1174 3515 1361 3614 ἀλεξίαρος
1389 3514 1548 3613 ῥάμνος,
1593 3522 1630 3591 id
1662 3536 1732 3607 est,
1771 3517 1945 3593 rhamnus
1976 3525 2152 3615 depellens

1173 3623 1269 3692 diras
1285 3624 1565 3713 imprecationes.
1597 3626 1602 3681 Γ

1274 3740 1389 3830 Apud
1403 3735 1578 3809 Ovidium
1600 3755 1634 3810 et
1660 3756 1792 3835 stryges
1815 3742 1993 3846 depellere
2016 3744 2151 3833 dicitur,

1173 3843 1267 3933 quod
1289 3865 1330 3910 eo
1353 3865 1537 3926 recenseo,
1562 3865 1635 3912 non
1656 3854 1696 3912 ut
1716 3844 2006 3934 superstitionem
2029 3846 2149 3916 confir-

237 3941 414 4033 Congruit
436 3956 554 4012 autem
576 3942 619 4011 ad
640 3936 758 4010 hostes
773 3938 958 4032 Evangelii
975 3967 1054 4033 pars
1071 3945 1120 4012 si·
1170 3966 1277 4026 mem,
1303 3944 1362 4011 sed
1383 3954 1422 4011 ut
1438 3937 1503 4012 hac
1517 3944 1742 4033 grammatica
1760 3946 1984 4015 enarratione
2002 3949 2151 4017 vocabu-

135 4045 361 4130 militudinis,
387 4042 552 4113 videlicet
565 4044 607 4111 de
621 4042 761 4112 aurium
777 4044 1027 4114 obstructione.
1071 4043 1120 4117 Ut
1171 4043 1246 4111 tum
1271 4043 1331 4112 fiat
1358 4041 1489 4114 notius.
1555 4043 1664 4114 Venit
1687 4060 1801 4117 autem
1824 4042 1912 4114 mihi
1937 4048 1976 4115 in
2003 4064 2150 4118 mentem

135 4147 229 4215 enim
244 4141 427 4216 Pharisaei
450 4139 542 4213 nihil
564 4157 752 4213 moventur
770 4144 1034 4216 resuscitatione
1050 4145 1119 4217 La·
1171 4140 1256 4213 haec
1281 4145 1460 4227 recitanti,
1488 4170 1543 4216 eas
1564 4147 1702 4238 spinas,
1728 4147 1859 4239 quibus
1875 4145 1990 4219 Filius
2006 4148 2073 4221 Dei
2094 4175 2150 4235 co-

135 4248 205 4317 zari
229 4262 263 4318 et
285 4244 678 4336 similibusperspicuis
695 4245 921 4317 testimoniis:
948 4248 995 4316 ita
1014 4249 1118 4320 multi
1170 4261 1317 4318 conatus
1341 4261 1410 4331 est,
1435 4272 1518 4318 vere
1540 4248 1833 4319 medicamentum
1858 4273 1930 4317 esse
1954 4266 2079 4322 contra
2103 4253 2149 4320 fa-

67 4398 72 4407 .
133 4349 194 4417 alii
214 4350 370 4419 furentes
387 4372 451 4416 nec
467 4348 664 4418 doctrinam
682 4346 813 4438 ipsam,
840 4372 904 4418 nec
918 4350 1117 4420 testimonia
1170 4348 1400 4434 seinationes,
1439 4348 1477 4417 id
1509 4362 1579 4433 est,
1619 4353 1730 4418 arceri
1762 4344 1953 4440 ephialtae,
1996 4347 2148 4435 horest,

132 4450 205 4518 ulla
227 4451 351 4520 audire
375 4450 522 4539 volunt,
548 4451 607 4519 sed
632 4449 794 4520 ardentes
816 4451 900 4520 odio
918 4465 1064 4523 manent
1079 4451 1117 4519 in
1170 4450 1348 4537 diabolos,
1374 4451 1586 4540 cogitatione
1601 4451 1765 4520 dolorum
1784 4449 1868 4520 Filii
1885 4449 1967 4523 Dei.

132 4552 316 4624 sententia.
369 4549 464 4620 Haec
487 4551 610 4619 codem
633 4553 739 4620 modo
756 4575 852 4620 nunc
867 4552 958 4622 liunt
969 4554 1014 4621 ab
1029 4550 1117 4644 Epi-

131 4652 245 4743 SCOPiS
267 4646 523 4735 etMonachiS‚
551 4667 591 4721 Ul
616 4666 699 4721 lunc
720 4649 954 4724 &pharisaeis
976 4654 1117 4738 fiebdnl,
1168 4669 1277 4738 fiores
1300 4671 1342 4738 ad
1369 4669 1506 4760 spinam
1531 4671 1669 4753 albam,
1695 4694 1799 4763 quam
1825 4683 1953 4740 vocant
1970 4669 2147 4742 carduum

106 4747 522 4851 horum'certaminum
554 4753 591 4820 in
615 4755 749 4822 mundo
773 4754 1007 4826 consideratio
1031 4756 1115 4827 illu·
1168 4768 1324 4853 Mariae,
1357 4795 1446 4864 quae
1476 4772 1577 4861 spina
1600 4756 1709 4839 'nobis
1733 4772 1852 4841 „0501-
1875 4787 1944 4857 ρει,
1977 4788 2013 4843 et
2035 4774 2147 4864 magni

130 4867 216 4924 Slffll
230 4852 258 4922 Ρ
260 4855 399 4922 ⁵³1ffl05·
1062 4884 1067 4892 '
1167 4895 1251 4942 usus
1274 4887 1324 4945 est
1348 4887 1471 4943 contra
1486 4872 1721 4962 pleuritidem.
1774 4870 1843 4943 Sed
1860 4875 1903 4958 de
1917 4876 2147 4966 appellatione

228 4967 324 5039 Haec
354 4970 463 5060 igitur
491 4972 709 5056 intueamur,
743 4986 776 5042 et
804 4972 954 5043 sciamus
984 4977 1115 5047 multos
1165 4974 1345 5044 monuisse
1364 4975 1448 5045 satis
1470 4975 1527 5048 sit.
1583 4971 1766 5047 Caeterum
1791 4969 1858 5044 hoc
1882 4977 2033 5061 addam,
2058 4977 2146 5067 apud

127 5067 285 5140 Psalmos
310 5073 567 5162 praedictiones
591 5098 664 5142 esse
677 5072 800 5144 talium
816 5098 990 5165 agonum,
1015 5091 1050 5149 et
1066 5077 1115 5146 si·
1165 5070 1408 5146 Dioscoridem
1427 5089 1542 5145 entare
1556 5075 1592 5145 id
1610 5100 1741 5146 nomen
1752 5075 1967 5147 Hebraicum
1982 5073 2147 5160 Rhamni‚

127 5172 201 5241 mul
216 5197 416 5264 proponere
432 5176 705 5264 consolationes.
1167 5178 1262 5271 quod
1280 5173 1338 5247 hic
1353 5177 1391 5244 in
1407 5176 1548 5247 Psalmo
1565 5191 1669 5255 extat.

226 5289 350 5364 Sextus
375 5319 495 5362 versus
511 5295 664 5382 precatio
681 5307 733 5363 est
746 5294 877 5364 inserta
895 5309 976 5385 post
990 5296 1113 5366 obiur·
1267 5293 1347 5365 Duo
1372 5294 1540 5386 postremi
1563 5318 1684 5364 versus
1705 5309 1789 5365 sunt
1809 5299 2005 5387 praedictio
2022 5298 2146 5370 libera·

114 5391 316 5476 gationem:
350 5389 458 5462 Deus
483 5403 620 5464 contere
643 5389 765 5463 dentes·
789 5390 961 5479 illorum,
996 5395 1113 5469 mola-
1163 5397 1273 5468 tionis
1295 5397 1455 5489 piorum,
1493 5420 1583 5488 qnae
1604 5399 1641 5469 lit
1663 5398 1796 5487 integre
1817 5395 2013 5490 posthanc
2035 5404 2146 5476 vitan.

1271 4565 1508 4639 'I'rausferuut
1536 4591 1666 4638 nomen
1690 4563 1850 4653 rhamni,
1883 4569 1946 4638 alii
1968 4571 2148 4660 negligen·
2189 4629 2192 4637 .
