4538 5754
193 237 244 317 86

202 425 306 509 parte
333 405 439 480 villos
459 400 568 476 habet
592 404 777 497 obliquos,
809 404 872 502 qui
895 402 1086 476 retentioni
1113 427 1188 474 ser-

201 515 318 586 viunt.
367 504 535 579 Exterior
551 506 672 576 tunica
696 505 807 594 magis
834 516 885 575 est
908 529 1072 590 carnosa,
1097 531 1188 598 quae

204 615 311 686 villos
324 607 435 681 habet
452 620 690 690 transversos,
712 605 930 698 expulsionis
946 630 1047 677 causa
1065 608 1187 677 factos.

310 727 408 800 Situs
431 739 483 796 est
497 724 716 795 ventriculus
738 724 832 792 inter
856 746 940 813 epar
959 738 995 793 et
1020 724 1189 816 splenem,

208 832 260 907 ita
273 843 316 904 ιιι
330 829 369 898 in
385 829 506 897 dextro
528 827 638 896 latere
672 848 756 915 epar
777 825 960 893 incumbat
980 826 1177 894 ventriculo

210 947 247 1005 et
263 928 479 1021 eum’pinnis
497 928 570 996 suis
590 925 820 1016 amplectatur
844 937 879 994 ει
905 924 1094 999 calefaciat.
1147 924 1190 994 ln

210 1034 356 1105 sinistro
370 1031 480 1099 latere
495 1029 596 1120 splen
611 1039 673 1100 est.
700 1022 753 1094 Ac
766 1024 853 1095 situs
870 1026 1053 1110 admonet,
1079 1049 1188 1119 quare

210 1146 352 1225 sumpto
370 1130 448 1200 cibo
465 1128 576 1220 prosit
601 1127 727 1197 cubare
754 1127 792 1195 in
814 1128 937 1195 dextro
960 1128 1084 1210 latere,
1110 1151 1190 1195 cum

211 1231 365 1307 enimin
382 1230 524 1300 sinistro
543 1230 590 1299 sit
605 1228 779 1297 orificium
795 1227 1000 1297 adiunctum
1018 1223 1191 1319 oesopha-

210 1359 278 1426 go,
302 1356 382 1403 cum
406 1331 444 1398 in
461 1355 500 1399 ea
516 1343 614 1420 parte
634 1329 820 1410 cubamus,
846 1351 947 1397 ruere
969 1329 1088 1397 cibum
1111 1352 1190 1395 ver-

213 1458 275 1506 sus
290 1431 465 1503 orificium
481 1430 669 1513 sentimus,
696 1429 791 1522 quod
808 1452 882 1496 non
903 1443 954 1498 est
970 1428 1070 1498 utile.
1109 1426 1191 1497 Ma-

217 1535 272 1627 gis
286 1533 391 1604 etiam
405 1531 517 1600 calefit
532 1530 665 1599 fundus
686 1530 894 1612 ventriculi,
921 1529 983 1623 qui
1005 1553 1138 1619 pronus
1154 1553 1193 1596 m

214 1644 378 1708 dextrum
392 1633 484 1704 latus
496 1631 660 1716 flectitur,
685 1654 766 1700 eum
783 1651 822 1699 ea
836 1653 917 1721 pars
934 1631 1096 1700 cubando
1111 1654 1193 1722 pre·

212 1737 338 1809 mitur.

320 1852 656 1945 Temperamentum
678 1848 866 1919 ventriculi
888 1848 1057 1937 frigidum
1078 1851 1194 1919 etsie-

217 1979 298 2028 cum
315 1967 384 2039 est,
408 1954 622 2024 conveniens
635 1964 781 2020 naturae
799 1973 984 2034 nervosae,
1011 1975 1114 2042 quam
1131 1946 1194 2019 ha-

215 2060 297 2142 bet,
320 2055 478 2148 primum
499 2076 621 2122 sensus
642 2072 764 2135 causa,
789 2065 829 2119 ut
851 2052 956 2119 rebus
981 2052 1196 2120 convenien-

217 2159 314 2229 tibus
336 2156 538 2238 adficiatur,
564 2166 598 2223 et
619 2174 674 2221 res
696 2175 770 2220 nou
791 2151 1042 2220 convenientes
1058 2174 1195 2220 averse-

216 2246 288 2331 tur.
338 2254 496 2335 Deinde,
521 2266 562 2323 ut
584 2250 782 2341 adpetentia
797 2262 830 2319 et
846 2252 997 2320 efficacia
1012 2252 1126 2324 maior
1142 2253 1196 2322 sit.

216 2356 455 2429 Praetereunt
471 2354 515 2423 sit
530 2353 673 2431 durior,
693 2375 739 2420 ne
763 2351 921 2419 ciborum
943 2353 1127 2442 asperitate
1142 2354 1196 2422 of-

215 2461 394 2530 fendatur.
417 2454 535 2524 Habet
551 2466 666 2523 autern
683 2465 718 2521 et
733 2451 891 2520 nativum
908 2453 1069 2521 calorem.
1105 2452 1194 2522 Nam

217 2573 257 2630 et
278 2557 430 2628 exterior
456 2555 576 2625 tunica
609 2552 757 2621 calidior
779 2565 846 2633 est,
872 2566 906 2620 et
929 2553 1040 2621 calefit
1063 2555 1196 2623 ventri-

217 2659 322 2730 culus
336 2681 357 2728 a
373 2654 498 2726 vicinis
513 2653 690 2732 memhris,
717 2654 761 2720 ab
775 2649 906 2741 Epate,
932 2652 1081 2743 Splene,
1107 2652 1196 2723 Cor.

217 2762 284 2842 de,
306 2751 600 2848 Diaphragmate,
626 2753 721 2845 quod
750 2752 895 2821 adsidue
920 2752 1087 2840 agitatur,
1113 2756 1196 2824 item

218 2861 267 2930 ab
281 2854 459 2942 Omentu,
482 2867 660 2947 praeterea
688 2865 723 2923 et
744 2876 763 2922 a
781 2851 927 2943 spiritu,
952 2853 1015 2945 qui
1036 2855 1197 2947 copiosus

216 2962 259 3030 in
274 2957 511 3030 ventriculum
527 2954 745 3038 infunditur,
769 2965 953 3043 propterea
976 2957 1072 3046 quod
1096 2957 1197 3025 colli-

217 3075 321 3150 gatus
341 3072 394 3130 est
413 3057 540 3127 vicinis
554 3054 721 3125 memhris
738 3076 801 3144 per
817 3076 922 3122 venas
936 3067 970 3124 et
991 3057 1145 3125 arterias.

320 3192 464 3266 Utilitas
478 3191 626 3260 minime
639 3189 786 3259 obscura
801 3201 863 3261 est.
888 3186 1006 3258 Servit
1021 3191 1115 3258 enim
1133 3217 1197 3282 po.

215 3294 352 3368 tentiae
377 3293 580 3365 nutritivae.
622 3288 742 3377 Quare
757 3288 828 3355 vim
844 3290 1000 3357 nativam
1016 3285 1120 3360 habet
1135 3316 1197 3383 ap-

216 3395 366 3488 petendi
380 3392 470 3477 eibi,
496 3392 596 3462 cuius
617 3388 844 3481 appetitionis
866 3412 986 3458 sensus
1010 3391 1100 3460 inest
1123 3395 1197 3462 ori-

182 3567 184 3570 .
219 3495 319 3578 facio,
344 3495 383 3563 in
408 3492 504 3587 quod
529 3490 635 3562 multi
659 3489 761 3559 nervi
781 3512 801 3558 a
818 3491 960 3559 cerebro
982 3492 1124 3560 demissi
1140 3495 1197 3562 in-

219 3611 400 3669 texuntur.
452 3593 545 3664 Cum
570 3592 678 3681 igitur
703 3584 869 3658 exhausta
893 3592 1052 3661 membra
1079 3595 1196 3664 nutri-

219 3711 381 3770 mentum
395 3694 616 3774 desiderant,
642 3704 676 3761 et
690 3685 866 3760 attrahere
882 3705 1057 3763 conantur
1072 3716 1112 3762 ex
1134 3718 1195 3763 ve-

219 3798 298 3882 nis,
321 3819 433 3866 venae
466 3819 507 3863 ex
539 3807 657 3886 epate,
690 3814 774 3882 epar
799 3815 840 3859 ex
860 3792 1076 3876 ventriculo,
1111 3819 1195 3864 ven.

219 3897 368 3970 tricolus
383 3896 429 3966 ab
443 3894 594 3977 orificio,
618 3893 659 3963 fit
674 3891 873 3980 corrugatio
895 3891 932 3960 in
953 3893 1087 3963 orificio
1109 3919 1192 3985 pro-

214 4009 298 4094 pter
334 3996 531 4067 suctionem
563 4015 745 4064 venarum.
796 3990 838 4061 ln
874 4015 913 4061 ea
950 3994 1195 4083 corrogatione

215 4110 365 4192 propter
376 4119 504 4166 nervos
517 4117 639 4164 sensus
662 4116 702 4162 ac
722 4090 826 4161 dolor
844 4093 1034 4178 excitatur,
1060 4097 1120 4187 qui
1145 4111 1197 4167 est

216 4204 326 4274 fames
335 4254 348 4287 ,
371 4211 407 4269 et
422 4196 538 4267 irritat
552 4193 683 4265 animal
697 4193 741 4262 ad
755 4195 996 4286 quaerendum
1013 4195 1143 4266 cibum.

321 4327 438 4406 Aiunt
460 4322 579 4400 sutem
595 4340 630 4398 et
651 4323 786 4394 irritari
809 4325 846 4392 io
871 4325 1005 4395 orificio
1027 4328 1195 4417 adpeten.

218 4441 304 4511 tiam
328 4425 563 4503 melancholia
575 4451 624 4498 -eo
648 4425 776 4509 effusa,
801 4440 963 4517 quaeest
989 4428 1088 4501 acris.
1145 4427 1195 4502 Et

218 4541 506 4612 existimaverunt
528 4528 658 4623 aliqui,
688 4525 972 4615 grandiusculam
1005 4552 1129 4598 venam
1153 4557 1194 4601 ex

217 4642 339 4733 splene
355 4636 395 4706 iri
409 4631 582 4702 orificium
598 4626 786 4698 ventriculi
800 4627 846 4694 ob
863 4649 938 4694 eam
956 4651 1095 4724 causam
1112 4655 1194 4722 por.

219 4743 308 4832 rigi,
331 4752 372 4811 ut
387 4753 514 4821 magna
529 4754 570 4800 eo
587 4730 687 4822 copia
706 4728 924 4796 infundatur.
974 4725 1044 4796 Sed
1059 4748 1191 4802 eertum

220 4858 291 4927 est,
313 4860 458 4919 venam,
484 4853 573 4925 quae
590 4853 631 4899 ex
645 4830 765 4919 splene
784 4827 821 4896 in
839 4825 1074 4896 ventriculum
1091 4833 1193 4903 duci.

219 4957 294 5027 tur,
314 4963 396 5011 mox
412 4931 522 5006 inseri
537 4930 731 4999 ventriculo
749 4929 786 4997 in
803 4928 911 4999 latere
932 4926 1093 5015 sinistro,
1118 4957 1192 5002 non

216 5037 515 5138 proculafuudo.
565 5029 619 5100 Ac
633 5029 860 5098 necessariam
883 5051 956 5097 esse
985 5028 1061 5098 eius
1083 5034 1191 5103 fabri-

218 5132 367 5218 cationis
381 5159 538 5219 causam,
564 5145 604 5201 ut
618 5130 839 5218 superfluitas
861 5154 901 5197 cx
920 5128 1041 5217 splene
1064 5130 1193 5203 eveha-

216 5266 284 5323 tur.
336 5241 481 5322 Utilitas
500 5257 583 5304 vero
599 5244 667 5309 est,
694 5242 733 5298 ut
746 5229 841 5299 iuvet
855 5230 1054 5299 facultatem
1071 5249 1188 5304 reten-

215 5353 321 5424 tivam
335 5350 375 5420 io
390 5350 475 5420 imo.
510 5333 617 5415 Parvi
632 5343 747 5402 autem
764 5330 896 5399 aureati
908 5331 1064 5424 pilorum
1083 5340 1189 5431 niodo

473 224 685 308 SCRIPTA
710 229 787 308 PH.
810 227 927 306 MEL.
952 226 1022 310 AD
1046 231 1175 312 ntsr.
1198 232 1345 315 Paos.
1368 231 1436 310 ET
1461 231 1654 313 rttttos
1674 233 1994 318 sutietatem.

2176 240 2226 315 dd

1239 408 1344 477 etiam
1358 409 1402 478 ab
1418 404 1586 480 harveus
1603 425 1749 503 serpunt
1765 413 1811 483 ad
1827 413 2000 483 orificium
2020 412 2224 500 ventriculi,

1240 509 1304 580 ubi
1326 523 1600 581 consentaneum
1627 525 1699 594 est,
1723 527 1758 584 ει
1779 509 1949 584 nonnihil
1964 514 2099 586 irritari
2115 517 2224 605 adpe-

1241 608 1388 680 tentiam
1403 611 1538 701 exiguis
1555 612 1681 683 rivulis
1698 628 1793 685 atrae
1808 614 1903 686 bilis.

1340 743 1432 817 Cum
1447 759 1564 815 autem
1577 748 1756 837 copiosior
1772 745 2008 821 melancholia
2028 752 2068 820 in
2085 751 2224 822 ventri·

1181 880 1190 909 ε
1242 847 1361 915 culum
1391 860 1544 927 eructat,
1578 863 1619 919 ut
1648 845 1706 918 hic
1735 852 1890 921 vidimus
1918 852 1996 922 viro
2027 853 2224 924 clarissimo

1243 947 1397 1036 Casparo
1423 949 1615 1035 Crurigero
1644 962 1779 1020 tantam
1812 953 1950 1042 copiam
1982 954 2152 1040 influere,
2184 965 2225 1025 ut

1243 1049 1356 1117 virtus
1371 1048 1558 1117 ventriculi
1575 1050 1716 1138 penitus
1730 1053 2003 1140 extingueretur,
2028 1055 2067 1122 id
2080 1076 2223 1147 quoque

1243 1149 1282 1217 fit
1298 1172 1360 1239 per
1376 1172 1452 1216 eam
1471 1172 1615 1234 venam,
1642 1175 1749 1242 quam
1772 1153 1927 1222 diximus
1950 1154 2095 1227 sinistro
2118 1153 2222 1227 lateri

1243 1272 1317 1316 non
1334 1250 1457 1339 procul
1473 1273 1493 1319 a
1507 1250 1619 1319 fundo
1633 1251 1800 1324 insertam
1823 1277 1908 1324 esse.

1358 1380 1408 1452 Ut
1425 1396 1541 1452 autem
1558 1385 1646 1454 alibi
1660 1385 1697 1454 in
1719 1409 1845 1476 genere
1870 1388 2049 1472 dicemus,
2072 1399 2227 1480 quatuor

1155 1529 1165 1546 .
1245 1502 1318 1550 esse
1349 1485 1590 1552 membrorum
1628 1486 1832 1571 facultates,
1863 1485 2114 1571 Attractivam,
2151 1484 2226 1557 Re·

1246 1583 1433 1667 tentivam,
1461 1581 1710 1667 Alterativam‚
1738 1601 1771 1658 ει
1786 1586 2033 1680 Expulsivam:
2057 1589 2107 1657 ita
2126 1599 2159 1655 et
2178 1589 2223 1657 de

1246 1683 1444 1753 ventriculo
1470 1684 1651 1754 sciendum
1685 1701 1754 1767 est,
1780 1689 1958 1758 naturales
1981 1687 2163 1758 facttltates
2186 1688 2226 1756 in

1246 1807 1286 1851 eo
1301 1806 1387 1869 esse,
1410 1784 1483 1854 vim
1496 1780 1697 1856 attrahendi
1713 1789 1822 1869 cibos,
1849 1813 1889 1858 ae
1902 1788 2032 1858 deinde
2047 1788 2226 1857 retinendi

1246 1897 1279 1953 et
1294 1885 1485 1970 alterandi,
1511 1899 1546 1955 et
1559 1886 1648 1955 facta
1664 1887 1872 1958 alteratione
1886 1883 2139 1958 transvehendi
2155 1911 2227 1958 nu·

1247 1983 1473 2067 trimentum,
1506 1999 1540 2054 et
1571 1988 1772 2074 expellendi
1801 1991 1989 2080 superflua.
2061 1987 2226 2082 Suntque

1247 2097 1286 2154 ut
1301 2085 1392 2169 dixi,
1418 2087 1494 2154 villi
1511 2109 1573 2154 seu
1588 2087 1696 2156 librae
1712 2089 1756 2157 ad
1773 2085 2040 2175 attrahendum,
2065 2089 2225 2159 retinen-

1248 2186 1333 2254 dum
1362 2199 1395 2254 et
1423 2188 1669 2278 expellendum
1703 2189 1877 2263 conditae.
1937 2191 1991 2258 Ae
2020 2192 2092 2258 vim
2116 2203 2226 2260 attra-

1249 2283 1357 2352 hendi
1374 2286 1437 2354 etsi
1460 2301 1493 2354 et
1509 2288 1575 2356 alia
1596 2287 1696 2375 signa
1717 2293 1927 2372 ostendunt,
1960 2304 2075 2358 tamen
2099 2309 2134 2361 et
2156 2285 2226 2361 hoc

1247 2386 1383 2454 illustre
1400 2387 1571 2454 indicium
1587 2400 1657 2471 est,
1680 2391 1775 2478 quod
1791 2391 1829 2458 in
1847 2391 2000 2480 piscibus
2022 2392 2083 2482 qni
2109 2391 2227 2460 nomi·

1247 2501 1381 2556 uantur
1401 2479 1540 2576 χάνναι
1574 2508 1634 2555 seu
1660 2485 1817 2574 Hiatuli,
1846 2515 1925 2559 cum
1950 2490 2089 2560 avidius
2108 2514 2228 2582 perse·

1248 2600 1408 2678 quuntur
1431 2589 1615 2677 praedam,
1648 2588 1696 2659 ita
1724 2603 1886 2660 movetur
1912 2592 2129 2661 ventriculus
2149 2594 2226 2685 ipsa

1248 2687 1481 2777 appetitione,
1506 2703 1548 2759 ut
1570 2687 1608 2755 iu
1630 2712 1668 2756 os
1684 2691 1853 2781 procidat.
1905 2690 1988 2779 Quo
2011 2694 2171 2784 exemplo
2192 2706 2227 2762 ct

1249 2787 1436 2856 ventriculi
1459 2802 1585 2858 natura
1608 2804 1843 2875 monstratur,
1868 2806 1902 2862 et
1925 2793 2083 2880 pingitur
2108 2795 2225 2882 imago

1248 2884 1470 2958 helluonum.
1530 2887 1596 2956 Vis
1618 2902 1736 2959 autem
1763 2891 1935 2961 alterandi
1955 2895 2140 2983 praecipua
2166 2911 2227 2976 εει,

1248 3013 1337 3082 quae
1353 2990 1472 3060 cibum
1486 3001 1600 3060 mutat
1620 2988 1657 3057 in
1673 2991 1860 3083 liquorem.
1912 2991 1951 3062 ld
1966 2993 2061 3061 enim
2080 2992 2227 3063 Graecis

1249 3090 1419 3178 significat
1434 3081 1565 3181 χύιος,
1597 3091 1659 3183 qui
1687 3092 1829 3183 quidem
1852 3091 1978 3161 similis
2000 3104 2052 3162 est
2075 3095 2228 3164 cremori

1249 3191 1425 3279 ptisanae,
1450 3204 1485 3260 et
1500 3184 1596 3259 hunc
1608 3193 1728 3283 coquit
1750 3193 1940 3279 tantisper,
1972 3195 2085 3263 donec
2108 3210 2226 3264 matu·

1248 3291 1331 3374 ruit,
1348 3304 1388 3359 ut
1401 3289 1593 3360 transmitti
1607 3291 1652 3358 ad
1669 3313 1753 3381 epar
1767 3295 1886 3381 possit.
1911 3292 2040 3386 Fitque
2054 3318 2094 3362 ea
2110 3297 2225 3366 coctio

1248 3391 1402 3482 primum
1419 3390 1453 3456 vi
1472 3389 1590 3458 nativa
1607 3391 1813 3476 ventriculi,
1839 3395 1936 3484 quod
1952 3417 1993 3461 ex
2008 3417 2049 3462 eo
2066 3397 2225 3484 adparet,

1248 3493 1330 3583 quia
1348 3501 1441 3560 totus
1463 3490 1681 3559 ventriculus
1703 3492 1794 3563 miro
1818 3495 1925 3563 modo
1948 3492 2157 3564 universum
2172 3496 2226 3567 ci-

1247 3594 1333 3661 bum
1349 3591 1572 3681 amplectitur
1588 3593 1752 3675 acsovet,
1776 3594 1874 3663 velut
1900 3593 2027 3662 matrix
2052 3606 2125 3665 tota
2148 3618 2227 3665 am-

1247 3691 1410 3782 plectitur
1425 3692 1570 3762 foetum.
1621 3689 1820 3762 Adiuvatur
1834 3707 1951 3763 autem
1968 3694 2080 3764 virtus
2095 3697 2227 3782 nativa,

1247 3806 1281 3862 et
1295 3793 1434 3863 fovetur
1447 3814 1488 3859 eo
1505 3789 1651 3882 spiritu,
1676 3816 1781 3883 quem
1807 3788 1989 3864 advehunt
2010 3796 2158 3865 arteriae
2183 3796 2225 3866 in

1247 3913 1374 3982 corpus
1409 3889 1598 3960 ventriculi
1633 3912 1785 3982 sparsae.
1861 3889 2000 3962 Deinde
2030 3908 2066 3965 et
2094 3896 2224 3976 calore,

1247 4016 1351 4082 quern
1383 4005 1511 4079 augent
1543 3990 1658 4059 vicina
1689 3994 1864 4077 membra,
1895 4016 1998 4084 epar,
2028 3994 2149 4084 splen,
2176 4013 2225 4068 et

1247 4086 1493 4183 diaphragma,
1534 4091 1683 4159 musculi
1713 4093 1915 4164 abdominis
1942 4107 1977 4163 et
2004 4094 2224 4169 lumborum.

1247 4191 1406 4283 Cumque
1437 4192 1608 4262 maturuit
1637 4186 1780 4285 chylus,
1810 4195 1968 4283 aperitur
1989 4195 2154 4288 pylorus,
2186 4212 2225 4269 et

1246 4288 1364 4361 evehit
1378 4287 1520 4384 chylurn
1534 4292 1572 4358 in
1589 4292 1793 4362 duodenum
1817 4293 2035 4364 intestinum.
2086 4292 2228 4369 Deinde

1247 4394 1284 4460 in
1310 4393 1488 4475 ieiunum,
1527 4391 1576 4460 ibi
1599 4415 1708 4461 venae
1734 4394 1942 4464 ratesaraicae
1965 4395 2107 4485 rapiunt
2128 4422 2225 4485 etam,

1245 4507 1280 4562 et
1296 4486 1529 4563 transvehunt
1544 4492 1588 4560 ad
1610 4515 1705 4581 epar.
1755 4490 1988 4585 Superlluitas
2003 4519 2086 4565 vero
2103 4501 2224 4590 expel-

1245 4595 1332 4664 litur
1347 4595 1384 4661 in
1400 4616 1541 4661 coecum
1557 4592 1776 4667 intestinum.
1827 4593 1932 4665 Feres
1946 4595 2075 4666 deinde
2089 4597 2126 4666 in
2143 4624 2224 4676 eoc-

1245 4707 1318 4764 tera
1335 4692 1563 4764 deiiciuntur.

1345 4825 1489 4898 Dictum
1504 4839 1556 4896 est
1570 4826 1725 4898 breviter
1739 4828 1784 4897 de
1804 4827 1999 4898 ventriculo
2016 4840 2050 4900 et
2067 4829 2143 4902 eius
2166 4835 2225 4904 of-

1243 4928 1342 5002 ficiis.
1398 4927 1609 5019 Priusquam
1638 4951 1723 4997 vero
1752 4928 1798 4996 ad
1829 4950 1913 5018 epar
1935 4928 2149 5017 accedimus,
2180 4935 2222 5004 in

1243 5054 1313 5122 quo
1329 5029 1459 5098 deinde
1479 5029 1588 5098 altera
1605 5028 1643 5095 lit
1659 5027 1791 5111 coctio,
1816 5030 1915 5117 prius
1936 5032 2124 5102 recensebo
2146 5035 2223 5105 duo

1243 5144 1442 5220 tegumenta
1478 5126 1686 5210 ventriculi,
1718 5149 1849 5217 magno
1878 5129 2027 5198 consilio
2050 5153 2070 5200 a
2090 5148 2226 5206 natura

1242 5234 1403 5314 condita,
1425 5231 1470 5302 ad
1483 5226 1719 5300 muniendum
1740 5244 1898 5304 ventrem
1916 5241 1951 5301 et
1965 5229 2145 5312 intestina.
2205 5324 2211 5332 Ι
