4538 5754
112 273 263 395 :resq
742 272 808 348 rx.
856 253 1565 348 conmamaaurnnsanuos
1719 317 1723 331 .
2055 263 2153 347 1170

155 447 286 520 tribuas,
314 450 373 505 toto
395 454 427 505 to
448 453 569 524 pectore
587 462 655 521 oro,
683 454 715 504 et
735 461 855 525 semper
875 445 915 504 ris
934 444 1112 503 intercessor
1164 432 1281 505 sisaim
1311 454 1394 501 eum
1421 430 1630 521 diligamus,
1663 445 1696 504 et
1725 433 1758 503 ei
1787 435 1901 507 officia
1926 422 2153 533 praestemus,

155 566 213 626 pro
234 545 317 606 nobis
338 546 417 624 apud
440 557 568 623 patrem.
1163 559 1253 632 quae
1269 532 1431 627 requirit.
1627 617 1630 620 ⁴
1698 601 1708 607 .

244 644 328 726 Ago
361 647 414 706 tibi
453 648 560 726 gratian
597 646 782 726 omnipotens
821 645 948 707 Domine
984 643 1112 725 Spiritus
1264 630 1317 704 In
1338 615 1444 703 boatu
1474 629 1672 720 iustorum,
1702 636 1903 709 dulcissima
1926 643 2062 713 additio
2085 661 2149 728 est,

158 759 281 824 macte,
302 749 467 828 procedens
485 750 531 818 ab,
544 759 666 808 aeterno
687 758 773 826 patre
794 747 913 807 Domini
933 749 1026 807 nostri
1045 747 1112 806 lesu
1164 738 1400 829 precationem
1427 750 1461 806 et
1481 735 1675 826 gratiarum
1698 739 1872 811 actionem
1896 743 1934 811 in
1958 769 2151 838 congrega-

155 853 285 928 Cbristi,
312 864 344 912 et
365 850 432 910 Iesu
454 847 587 924 Christo,
614 847 710 909 effuse
731 848 762 908 in
784 849 956 927 Apostolos,
984 849 1112 926 sapiens,
1162 841 1260 910 tione
1277 838 1371 922 lieri,
1395 849 1430 907 et
1444 838 1573 908 multas
1590 839 1849 910 admonitiones
1865 845 2033 921 continet.

155 953 255 1028 bone,
281 968 390 1028 verax,
423 950 515 1025 inste,
545 949 654 1023 iudex,
689 960 786 1025 caste,
814 949 993 1023 misericors,
1021 948 1112 1008 tiber-
1266 937 1477 1018 Prinoessa,
1511 938 1601 1022 sicut
1626 936 1806 1012 lsra‘e'litae
1836 945 2015 1018 dicebant:
2052 945 2148 1022 Deus

157 1056 254 1129 rime,
275 1051 354 1132 qnod
374 1052 510 1111 accendis
532 1053 563 1111 in
586 1051 669 1109 nobis
690 1068 790 1109 reram
812 1050 991 1131 cognitionem
1012 1060 1044 1108 et
1065 1051 1111 1108 in·
1164 1037 1364 1123 Abrabam,
1387 1037 1484 1110 Deus
1507 1038 1620 1125 lsaac,
1644 1042 1681 1109 id
1706 1054 1774 1126 est,
1800 1042 1896 1114 Deus
1916 1050 1977 1140 qui
2001 1064 2034 1119 te
2051 1066 2162 1142 pate-⁴

156 1130 476 1214 vocationem'aeterni
498 1153 610 1231 patris,
630 1151 712 1227 Filii,
736 1161 767 1211 et
788 1152 847 1227 toi,
869 1151 948 1230 qnod
968 1149 1040 1210 tacis
1060 1150 1113 1209 tibi
1163 1142 1275 1213 fecisti
1291 1136 1473 1223 Abrahae,
1498 1156 1533 1212 et
1546 1143 1579 1210 ei
1594 1144 1864 1233 promissionem
1879 1150 2076 1237 tradidisti,
2099 1155 2148 1224 ita
2256 1166 2257 1170 ’

156 1256 338 1318 domicilium
359 1254 448 1314 corda
469 1266 584 1330 nostra,
614 1254 691 1332 regis
714 1271 784 1330 nos,
815 1253 897 1314 iuras
917 1272 970 1312 nos
992 1251 1112 1311 consito
1163 1270 1229 1314 nos
1258 1245 1297 1312 in
1328 1243 1553 1313 invocatione
1587 1267 1724 1334 semper
1755 1247 1995 1334 discernamus
2024 1279 2148 1323 verum

157 1369 194 1418 et
215 1355 429 1430 consolatione,
459 1356 539 1415 iuvas
561 1374 614 1413 nos
641 1355 671 1413 in
693 1354 959 1429 administratione,
990 1352 1112 1412 exaudis
1162 1344 1278 1418 Deum
1301 1346 1513 1436 patefactum
1535 1344 1573 1414 in
1596 1341 1752 1416 Ecclesia
1767 1349 1872 1418 misso
1891 1349 1984 1421 Filio
2006 1357 2050 1424 ab
2067 1357 2147 1426 aliis

160 1469 196 1520 et
216 1457 355 1519 defendis
377 1476 429 1515 nos
450 1469 552 1516 contra
574 1456 692 1515 furores
713 1456 830 1531 diaboli,
853 1455 980 1514 vivificas
1001 1454 1122 1513 iusticia:
1164 1447 1414 1517 commentitiis
1435 1447 1657 1516 numinibus».

159 1571 195 1619 et
224 1557 283 1616 rita
310 1566 448 1630 aeterna,
483 1567 515 1615 et
543 1557 596 1615 das
617 1556 699 1613 nobis
727 1556 757 1612 in
779 1553 834 1613 hac
855 1555 915 1614 vita
936 1554 1060 1632 hospitia
1081 1563 1113 1612 et
1266 1549 1426 1620 Secunda
1449 1547 1663 1633 admonitio,
1696 1547 1843 1643 Semper
1864 1554 1902 1622 in
1924 1555 2148 1630 invocatione

159 1661 287 1733 dotum,
314 1668 345 1716 et
366 1673 466 1716 servas
490 1658 622 1736 publicos
645 1669 764 1732 coetus,
799 1656 992 1715 ministerium
1013 1655 1113 1714 liran-
1163 1651 1331 1721 etiamde
1353 1649 1647 1739 promissionibus
1669 1652 1894 1740 cogitandum
1912 1673 1981 1739 cst,
2010 1672 2043 1727 et
2062 1684 2148 1731 con-

157 1761 231 1842 getii
252 1769 284 1818 et
304 1757 456 1817 doctrinae
483 1757 741 1836 propagationem:
775 1754 851 1824 baec
878 1758 953 1816 bona
980 1766 1013 1815 nt
1033 1773 1128 1842 sem-¹
1145 1812 1146 1816 ,
1163 1752 1391 1821 siderandum
1414 1775 1504 1844 quae
1525 1752 1571 1822 sit
1596 1752 1656 1820 illa
1681 1777 1761 1822 vera
1778 1752 1955 1843 Ecclesia,
1980 1761 2147 1854 adquam

160 1879 220 1943 per
240 1860 322 1920 nobis
349 1868 472 1937 propter
502 1859 660 1916 Dominum
689 1867 820 1916 nocuum
846 1856 945 1918 lesum
966 1857 1112 1918 Christum
1164 1853 1414 1944 promissiones
1452 1853 1593 1944 proprie
1630 1854 1826 1944 pertinent,
1860 1873 1900 1928 ιιι
1924 1863 2149 1951 seiungamus

160 1966 290 2042 tribuas,
317 1972 378 2020 toto
400 1972 432 2020 te
453 1972 575 2039 pectore
597 1978 659 2019 oro.
1151 1968 1321 2024 >nostram
1352 1954 1611 2023 invocationem
1648 1957 1693 2022 ab
1732 1952 1891 2042 ethnica,
1933 1976 1968 2033 et
1997 1964 2146 2034 aliarum

172 2132 175 2137 ,
224 2063 269 2134 ln
286 2060 341 2133 bis
358 2064 481 2131 iornsis
495 2062 622 2131 similis
636 2077 687 2131 est
702 2060 894 2150 gratiarum
910 2063 1001 2132 actio
1016 2077 1055 2132 ut
1074 2062 1111 2129 in
1165 2071 1337 2126 sectarum
1362 2055 1534 2138 cultibus,
1560 2070 1594 2124 et
1616 2058 1849 2147 adiungamus
1872 2085 1937 2130 nos
1961 2065 2004 2131 ad
2029 2080 2148 2135 veram

115 2168 280 2240 psalmo:
307 2155 609 2254 Confitehonibi,
633 2164 753 2231 idest:
781 2157 1115 2256 Gratiasagolibi
1164 2157 1371 2239 Ecclesiam,
1397 2159 1488 2225 etad
1506 2179 1681 2226 summum
1696 2164 1909 2233 sacerdotem
1925 2161 2057 2235 Filium
2073 2164 2150 2251 Dei,
2186 2168 2194 2180 '

117 2265 288 2341 Domine
302 2273 377 2335 ιοιο
393 2260 509 2344 corde,
536 2261 744 2334 insensilia
760 2271 904 2334 cteottu
921 2262 1112 2335 iustorum.
1164 2260 1227 2351 qui
1249 2258 1354 2326 dixit:
1391 2255 1573 2351 Quicquid
1596 2253 1769 2349 petieritis
1795 2278 1928 2352 patrem
1948 2267 1985 2335 in
2004 2269 2149 2339 nomine

118 2369 324 2462 Propositio
348 2367 521 2457 generalis
536 2380 604 2446 est,
634 2367 690 2436 cui
716 2382 832 2456 postea
850 2367 948 2436 addit
965 2392 1110 2437 enume·
1164 2384 1263 2444 mm,
1289 2360 1516 2430 dibllmbls·
1568 2357 1765 2435 llemlffln·
1785 2361 1859 2436 ¹5⁸
1891 2363 1930 2436 Sl
1950 2369 2150 2438 m³⁰⁸⁰flll⁸

117 2473 296 2545 rationem
312 2469 582 2548 beneficiorum,
609 2493 648 2537 ac
668 2480 760 2536 totus
776 2466 937 2536 Psalmus
954 2469 1111 2538 narratio
1163 2465 1202 2530 in
1224 2479 1331 2529 meet
1353 2463 1550 2530 verbamflt
1573 2462 1611 2529 5¹¹
1635 2464 1755 2545 V⁰b¹⁸⁵s
1781 2467 1949 2558 quicquid
1969 2469 2152 2541 v⁰lt¹0rlll⁸
2202 2506 2203 2509 ’

118 2589 173 2646 est
203 2571 354 2641 recitans
386 2569 570 2654 beneficia,
606 2592 696 2661 quae
723 2568 793 2636 iam
816 2571 1026 2640 nominatim
1056 2595 1111 2638 re-
1163 2565 1222 2633 fiet
1245 2563 1357 2635 vobis.
1409 2559 1463 2633 lta
1484 2564 1636 2633 affirmat
1656 2564 1693 2634 in
1717 2588 1798 2635 vera
1822 2564 1979 2639 Ecclesia
2005 2570 2151 2642 invoca·

118 2673 257 2747 censui.
309 2670 365 2742 sit
385 2685 502 2743 autern
525 2684 607 2742 nota
632 2670 799 2738 omnibus
823 2672 1023 2742 communis
1046 2674 1111 2741 do.
1165 2667 1297 2734 tionem
1329 2664 1500 2736 exaudiri.
1552 2663 1606 2732 De
1629 2659 1789 2738 hostibus
1819 2684 1934 2741 autem
1966 2668 2151 2762 Evangelii

120 2777 237 2849 ctrina
260 2774 304 2842 de
327 2771 571 2855 invocatione,
604 2772 703 2842 euius
725 2772 858 2862 specics
881 2786 964 2843 stant
988 2773 1111 2864 petitio
1164 2766 1300 2858 inquit,
1328 2764 1468 2834 Psalmo
1485 2765 1558 2837 to:
1586 2765 1667 2834 Non
1685 2769 1852 2861 recipiam
1876 2793 2150 2844 nomeneorum

119 2895 154 2951 et
168 2874 361 2968 gratiarum
380 2874 483 2942 actio.
537 2869 587 2941 Hi
603 2888 686 2942 sunt
706 2874 884 2967 praecipui
900 2875 1014 2944 cultus
1031 2874 1112 2959 Dei,
1164 2891 1271 2958 super
1284 2866 1375 2935 labia
1392 2889 1486 2949 mea,
1512 2867 1549 2935 id
1568 2881 1636 2945 est,
1662 2892 1736 2937 non
1753 2875 1924 2960 precabor
1940 2898 2003 2963 pro
2019 2878 2080 2950 cis.

120 2979 219 3054 iuxta
235 2975 342 3044 illud:
369 2975 571 3044 lnvocame
587 2973 698 3042 indie
716 2974 969 3060 tribulationis,
993 2988 1029 3046 et
1042 2975 1126 3044 eri-‚
1268 2966 1390 3037 Tertia
1405 2967 1622 3053 ὃᾶῐΰῡΰῑῖἱθι
1647 2967 1729 3039 N⁰1¹
1747 2961 1923 3043 ⁸⁰¹¹1¹¹¹llfl
1940 2989 2011 3046 ¹⁰¹³
2028 2974 2152 3048 Esclfl·

121 3081 221 3173 piam
246 3090 299 3161 te,
323 3091 356 3146 et
377 3075 592 3165 glorificabis
619 3101 692 3159 me,
717 3088 781 3148 etc.
835 3074 930 3165 Quia
954 3098 1113 3147 summus
1164 3071 1216 3141 sia
1232 3069 1393 3140 omnium
1410 3082 1608 3159 temporum
1633 3072 1857 3161 cogitandum
1877 3088 1927 3143 est
1945 3078 1983 3145 in
2006 3078 2153 3166 invoca-
2179 3155 2182 3162 ,

89 3229 95 3240 ,
122 3178 240 3254 honos
263 3192 315 3247 est
334 3200 522 3267 agnoscere
545 3187 579 3245 et
599 3189 771 3263 statuere,
791 3180 900 3272 quod
921 3179 983 3247 ille
1007 3202 1111 3272 quem
1163 3175 1273 3251 tione,
1300 3172 1360 3241 sed
1374 3170 1413 3239 in
1431 3172 1626 3260 praesentia
1642 3174 1745 3242 etiam
1762 3179 1961 3267 quaerenda
1980 3192 2013 3249 et
2029 3204 2153 3249 aman-

121 3278 341 3373 alloquimur
363 3281 408 3349 sit
430 3275 544 3360 Deus,
577 3277 741 3350 videlicet
767 3279 1009 3369 omnipotens,
1044 3280 1112 3347 irn-
1165 3277 1208 3344 da
1231 3285 1374 3342 externa
1400 3273 1642 3363 congregatio,
1670 3287 1702 3344 et
1723 3277 1904 3348 sciendum
1923 3277 2038 3350 Deum
2061 3304 2154 3350 sem-

124 3403 265 3458 merrsac
288 3380 498 3470 sapientiae,
524 3402 646 3463 verax,
681 3380 815 3464 bonus,
840 3383 972 3466 iustus,
998 3382 1113 3463 iudex,
1165 3399 1229 3467 per
1251 3375 1480 3444 collecturum
1512 3388 1547 3445 et
1574 3390 1862 3448 conservaturum
1889 3402 1963 3449 esse
1992 3383 2154 3473 publicos

123 3498 258 3567 mm„
285 3481 505 3559 liberrimus,
531 3478 768 3566 mocianus,
794 3476 868 3551 non
886 3485 1024 3566 absens,
1051 3485 1110 3551 sed
1165 3476 1305 3569 aliquos
1327 3489 1469 3559 coetus,
1500 3477 1590 3546 sicut
1613 3478 1700 3548 dicit
1722 3476 1915 3553 Dominus:
1942 3479 2015 3553 Ero
2034 3485 2154 3554 vobis-

123 3610 207 3655 vere
221 3585 347 3661 iuvans
364 3597 397 3652 et
414 3581 605 3651 exaudiens
624 3606 690 3651 nos
706 3599 856 3681 propter
869 3584 1113 3666 mediatorem,
1166 3602 1244 3648 cnm
1261 3579 1431 3670 usquead
1446 3580 1783 3668 consummationem
1799 3584 1919 3657 seculi.
1971 3580 2018 3656 Ει
2034 3587 2072 3655 ln
2090 3587 2154 3658 tali

123 3702 160 3759 et
181 3687 304 3769 volens
334 3684 449 3754 nostri
471 3683 647 3766 misereri,
678 3698 713 3754 et
734 3685 848 3762 ,nobis
873 3709 975 3776 opem
1010 3676 1113 3755 ferre.
1166 3679 1434 3767 congregatione
1456 3679 1533 3750 vult
1556 3679 1630 3748 fieri
1655 3680 1935 3768 invocationem,
1960 3704 2000 3756 ut
2016 3689 2156 3757 conlas-

123 3786 234 3859 Hunc
253 3782 424 3855 bonorem
442 3785 518 3855 vult
533 3786 601 3854 sibi
618 3786 730 3854 tribui
745 3810 827 3856 vera
841 3788 909 3861 fide
923 3799 956 3856 et
973 3787 1114 3866 fiducia,
1165 3782 1266 3850 sione
1282 3793 1401 3850 nostra
1417 3779 1477 3847 alii
1495 3780 1705 3853 erudiantur
1719 3797 1752 3852 et
1768 3787 2039 3881 confirmentur,
2064 3790 2155 3859 sicut

124 3893 175 3962 sic
192 3888 271 3958 vult
288 3912 323 3957 se
338 3887 491 3957 discerni
512 3911 532 3955 a
555 3887 708 3955 diabolis
724 3901 758 3957 et
772 3890 818 3957 ab
834 3890 1002 3958 omnibus
1017 3886 1114 3957 crea·
1166 3883 1391 3952 dictumest<
1416 3879 1548 3953 Luceat
1573 3882 1634 3952 lux
1653 3897 1766 3954 vestra
1790 3893 1909 3960 coram
1936 3885 2155 3960 bominibus.
2263 3932 2268 3944 ι

124 3991 236 4074 turis,
263 3992 344 4059 ideo
367 3990 477 4058 simus
501 3988 662 4057 ardentes
687 3988 724 4057 in
743 3990 913 4079 petitione
928 4002 962 4059 et
985 3990 1115 4079 gratia·
1166 3980 1214 4053 Et
1235 3986 1278 4051 de
1298 3984 1569 4074 congregatione
1596 3986 1782 4075 peculiaris
1804 3990 1993 4079 promissio
2025 3993 2154 4062 tradita

123 4118 206 4166 rum
227 4090 384 4175 actione,
409 4104 443 4159 et
466 4088 622 4159 studiose
639 4091 849 4180 cogitemus,
871 4106 1038 4184 quantam
1060 4114 1113 4160 sa·
1166 4098 1234 4154 est:
1264 4082 1333 4155 Ubi
1350 4085 1570 4156 conveniunt
1586 4087 1657 4156 duo
1676 4101 1736 4158 aut
1751 4105 1819 4160 tres
1846 4092 1884 4160 in
1902 4093 2047 4161 nomine
2063 4117 2155 4173 men,

100 4218 104 4222 ·
124 4195 296 4286 pientiam
314 4187 354 4260 hi
378 4192 493 4261 cultus
515 4192 808 4282 complectantur.
1167 4188 1207 4255 in
1226 4185 1344 4254 medio
1365 4209 1487 4255 eorum
1510 4211 1600 4261 sum.
1653 4187 1758 4258 Tales
1779 4193 2038 4263 admonitiones
2062 4194 2156 4264 mul-

228 4289 283 4364 Ac
299 4294 336 4362 in
352 4316 480 4382 genere
495 4292 687 4381 gratiarum
705 4293 795 4364 actio
818 4308 869 4363 est
888 4293 1046 4363 tribuere
1061 4293 1114 4360 al·
1167 4303 1222 4359 tae
1255 4286 1363 4355 simul
1394 4284 1666 4377 comprehensae
1695 4305 1908 4371 sont,cnrn
1948 4293 2083 4388 inquit,
2116 4295 2154 4364 in

124 4396 193 4470 teri
217 4397 314 4490 quod
336 4396 382 4466 ab
399 4420 441 4463 eo
466 4395 638 4485 acceperis
659 4395 886 4476 beneficium,
913 4410 947 4465 et
963 4409 1116 4468 statuere
1168 4401 1269 4459 coetu
1286 4387 1479 4470 iustorum,
1506 4390 1669 4461 videlicet
1684 4405 1721 4459 ut
1733 4395 1777 4460 de
1791 4417 1874 4463 vero
1890 4391 1966 4465 Deo
1982 4399 2156 4487 patefacto

123 4517 160 4574 ta
181 4497 310 4569 ordine
332 4496 493 4567 iustitiae
518 4496 549 4563 ei
570 4495 765 4584 obligatum
783 4519 876 4587 esse,
901 4509 941 4567 ut
962 4496 1114 4564 vicissim
1168 4492 1206 4559 in
1223 4486 1396 4570 Ecclesia,
1422 4490 1466 4558 dc
1488 4491 1783 4580 promissionibus
1803 4492 1979 4566 Ecclesiae
2003 4496 2156 4578 traditis,

123 4599 214 4670 velis
227 4599 259 4670 ei
275 4600 365 4668 bene
381 4622 473 4681 esse,
497 4611 530 4668 et
546 4610 721 4687 praestare
738 4611 831 4667 certa
848 4598 973 4667 officia.
1029 4595 1116 4667 Vult
1169 4595 1213 4662 de
1230 4591 1365 4660 unitate
1386 4589 1562 4661 Ecclesiae
1577 4593 1780 4680 cogitemus.
1821 4594 1929 4683 Item,
1951 4612 1989 4668 ut
2007 4623 2156 4692 quaera-
2238 4622 2242 4628 ·

122 4706 245 4776 lucere
259 4697 355 4770 Deus
380 4699 418 4768 in
440 4695 506 4768 hac
531 4698 679 4782 virtute,
705 4699 868 4770 videlicet
890 4698 1117 4789 gratitudine,
1169 4718 1248 4764 mus
1265 4705 1296 4761 et
1313 4692 1495 4762 foveamus
1510 4694 1685 4782 publicam
1701 4699 2018 4788 congregationem.

122 4805 311 4877 veritatem
327 4814 362 4872 et
383 4800 576 4884 iusticiam,
603 4799 731 4869 veritas
751 4801 908 4891 agnoscit
926 4816 959 4871 et
975 4799 1117 4891 praedi·
1272 4787 1425 4886 Magno
1439 4816 1552 4890 opera
1568 4791 1747 4883 Domini,
1772 4797 2022 4871 scrutantibus
2035 4798 2159 4870 ¹omni-

121 4921 183 4979 cat
213 4904 424 4977 beneficium
454 4901 600 4972 aliunde
625 4905 747 4972 datum
776 4925 866 4986 esse,
900 4901 1040 4971 iusticia
1067 4914 1118 4970 est
1171 4895 1238 4967 bus
1264 4893 1440 4969 'iurandm
1489 4893 1659 4989 Sequitur
1693 4903 1863 4991 expositio
1894 4902 2165 4995 propositioniS,

121 5011 217 5081 ordo
235 5007 389 5077 reddens
404 5004 519 5074 simile
544 5028 607 5094 pro
623 5003 750 5073 simili:
776 5004 827 5072 sic
842 5003 936 5072 enirn
953 5003 1117 5073 ordinata
1170 4998 1334 5067 videlicet
1360 4999 1580 5067 enumeratio
1605 4999 1873 5090 beneficiorum,
1899 4990 1932 5076 et
1955 5024 2160 5099 quanquam

122 5127 178 5184 cst
197 5131 315 5196 rerum
331 5105 569 5186 conservatio,
588 5104 636 5174 ita
653 5104 782 5177 veritas
795 5109 875 5196 erga
885 5101 1000 5174 Deum
1016 5127 1118 5195 prae·
1171 5093 1424 5190 comprehendi
1448 5099 1651 5170 communia
1674 5101 1841 5174 beneficia
1868 5108 2054 5177 creationis
2078 5128 2162 5197 pos·

121 5212 251 5284 standa
269 5223 337 5292 est,
359 5233 439 5279 vere
462 5230 693 5297 agnoscamus
715 5207 827 5298 ipsius
842 5230 947 5299 opera
965 5229 1039 5274 esse
1062 5205 1116 5272 vi·
1171 5215 1271 5283 stant,
1297 5214 1415 5268 tamen
1433 5195 1491 5269 tric
1507 5200 1750 5294 principaliter
1766 5207 1926 5301 loquitur
1942 5210 1984 5279 de
2002 5207 2161 5277 vocatio·

120 5330 200 5386 tam
228 5325 408 5395 nostram,
434 5310 581 5379 salutem
610 5320 644 5377 et
666 5309 932 5399 protectionem.
976 5306 1030 5377 Et
1054 5309 1117 5376 ad·
1172 5327 1216 5372 ne
1234 5297 1341 5372 buius
1357 5302 1501 5393 populi,
1528 5315 1563 5372 et
1584 5307 1824 5394 segregatione
1847 5334 1866 5379 a
1889 5311 2033 5379 caeteris
2048 5306 2163 5397 genti-

119 5413 245 5487 denda
268 5427 319 5484 est
335 5411 491 5495 iusticia,
515 5409 665 5479 velimus
686 5409 811 5483 siesse
835 5410 980 5502 obligati
1000 5422 1040 5481 ut
1062 5408 1116 5477 vi·
1173 5407 1257 5491 hus,
1282 5405 1325 5472 dc
1340 5401 1557 5476 revelatione
1574 5407 1869 5498 promissionum,
1895 5423 1929 5479 et
1945 5413 1988 5480 de
2002 5407 2165 5500 promul·

173 5519 355 5586 Messana.
384 5518 487 5596 Orsa:
511 5516 594 5580 Vos.
623 5511 717 5580 Xlll.
820 5570 824 5577 .
1598 5504 1651 5580 74
2043 5504 2046 5508 ’
