4538 5754
50 215 132 292 598
684 215 729 295 V.
779 210 1104 291 ΕΡιΟΤΕΜΑΤΑ
1127 208 1465 291 ntALttcttcus.
2006 215 2083 294 594

58 391 177 460 Estne
208 383 431 482 futurorum
465 392 767 486 contingentiam
792 386 1047 462 determinato
1095 380 1343 470 futurarum,
1375 406 1466 477 quae
1491 383 1649 476 pendent
1675 404 1697 454 a
1721 382 1905 461 voluntate
1927 380 2015 473 Dei,
2045 405 2080 462 et

468 487 638 562 amitae?
1095 507 1259 576 expresso
1284 488 1426 556 decreto
1445 508 1627 578 unapars
1655 487 1887 556 determinata
1918 504 1989 575 est,
2021 505 2079 564 ut:

72 614 75 621 ¹
161 587 394 682 Respondeo:
435 588 725 684 Propositionum
748 590 937 663 defuturo
961 613 1047 660 con·
1096 587 1192 659 Deus
1223 587 1397 658 iudicabit
1429 609 1554 657 omnes
1586 582 1748 658 homines
1781 587 2004 662 resuscitatos
2035 618 2079 664 ex

58 692 231 782 tingenti,
258 696 353 785 quod
376 696 508 784 pendet
523 696 569 765 ab
585 689 739 764 humana
756 692 958 778 voluntate,
984 702 1048 761 aut
1095 703 1222 763 morte.
1274 687 1419 759 Talium
1433 702 1486 761 est
1508 687 1740 760 determinata
1761 690 1906 774 veritas,
1933 707 2078 784 propter

56 792 208 864 materia
226 794 411 877 elementi,
436 817 528 887 quae
541 795 694 885 agitatur
712 792 863 865 incertis.
878 794 1046 875 motibus,
1096 790 1315 862 voluntatem
1347 789 1436 876 Dei,
1474 790 1679 882 patefactam
1721 812 1882 880 expresso
1922 792 2076 869 decreto.

58 919 137 965 nou
169 906 220 963 est
251 895 485 966 determinata
516 898 646 968 veritas
670 896 709 965 iu
735 907 854 965 mente
876 890 1044 965 humana.
1096 889 1220 963 Tertio
1238 893 1317 961 loco
1335 891 1562 976 suutlutura,
1581 913 1672 984 quae
1689 890 1753 961 etsi
1767 907 1850 963 sunt
1866 892 2077 984 contingen·

59 993 154 1067 Cum
180 995 276 1065 enirn
301 996 429 1066 veritas
448 997 494 1068 sit
522 996 772 1068 convenientia
792 994 1047 1087 propositionis
1095 993 1155 1078 tia,
1180 1008 1298 1066 tamen
1315 993 1397 1087 quia
1414 1004 1540 1063 natura
1555 993 1606 1062 sic
1620 994 1782 1063 ordinata
1798 1007 1861 1077 est,
1883 1016 1956 1063 nou
1973 1017 2097 1089 saepe,

59 1119 141 1166 cum
164 1119 223 1180 re,
254 1118 361 1188 quam
382 1098 575 1186 significat,
606 1099 698 1168 sicut
720 1119 757 1167 se
781 1097 833 1167 ibi
857 1120 913 1166 res
927 1091 1045 1176 habet,
1095 1109 1297 1178 mutantur,
1321 1108 1357 1166 et
1371 1094 1541 1164 dicuutur
1555 1094 1748 1164 necessaria
1767 1093 1969 1166 necessitate
1983 1092 2075 1193 phy-

57 1196 110 1266 sic
124 1197 321 1287 propositio
337 1221 419 1268 vera
435 1199 577 1269 dicitur.
616 1195 1051 1271 Raaanmaahucmn
1094 1196 1186 1281 sica,
1218 1210 1275 1266 ut:
1304 1192 1392 1266 Cras
1415 1193 1478 1265 sot
1503 1217 1624 1266 rursus
1646 1197 1809 1267 ”candet
1839 1196 1877 1264 in
1913 1211 2075 1289 nostrum

57 1296 184 1368 labilis
208 1310 276 1366 est:
303 1300 465 1370 nondum
482 1300 591 1391 igitur
604 1301 801 1392 propositio
815 1299 1049 1388 determinate
1094 1292 1394 1388 hemispherium,
1424 1293 1492 1367 Die
1508 1296 1700 1366 undecimo
1717 1295 1841 1367 Martii
1864 1296 1932 1368 erit
1952 1298 2076 1393 aequi-

57 1408 222 1470 veraest.
272 1394 321 1469 Et
336 1423 540 1494 quanquam
559 1399 656 1472 Deus
672 1402 756 1471 talia
774 1401 966 1492 praevidet,
993 1412 1045 1469 ta·
1097 1399 1267 1471 noctium.
1319 1396 1426 1468 'l'ales
1451 1397 1713 1489 propositiones
1732 1413 1816 1470 sunt
1837 1411 1933 1469 certo
1961 1422 2075 1486 verae,

58 1520 145 1568 men
161 1519 228 1566 uec
244 1500 419 1591 praevisio
435 1502 537 1572 allece
552 1501 694 1573 eventui
712 1503 966 1587 necessitatem,
981 1525 1046 1571 nec
1096 1500 1180 1595 quis
1196 1499 1371 1571 certitudo
1387 1499 1437 1569 sic
1451 1499 1682 1589 intelligitur,
1702 1495 1788 1569 haec
1803 1513 1971 1569 eventura
1990 1523 2076 1583 esse,

58 1620 164 1668 meus
177 1592 332 1669 humana
349 1602 461 1671 cernit
475 1603 635 1672 divinam
653 1604 922 1695 praevisionem.
964 1601 1045 1672 Non
1096 1616 1136 1671 ut
1151 1615 1235 1671 sunt
1249 1602 1431 1685 ordinata,
1457 1613 1491 1671 et
1506 1613 1624 1670 tamen
1642 1603 1698 1693 pia
1714 1624 1812 1669 mens
1826 1601 1892 1671 scit
1905 1594 2002 1672 hunc
2015 1625 2076 1673 or·

59 1721 205 1770 necesse
226 1712 277 1770 est
300 1698 432 1771 lulium
457 1703 618 1778 interfici.
669 1706 723 1775 lta
746 1728 861 1797 neque
883 1699 1047 1774 homiues
1096 1698 1343 1772 dincmsDeo
1359 1703 1491 1772 mactari
1505 1726 1616 1794 posse.
1666 1701 1719 1773 Ac
1744 1702 1993 1773 discernantur
2016 1727 2077 1774 or·

60 1799 305 1892 pronuncient
333 1815 416 1873 ante
447 1818 612 1874 eventum
645 1799 737 1876 hanc
767 1806 1046 1898 propositionem
1096 1805 1216 1874 dinato
1233 1804 1279 1873 ab
1293 1802 1392 1889 aliis,
1417 1827 1507 1898 quae
1523 1826 1667 1892 prorsus
1691 1804 1846 1895 pendent
1867 1827 1887 1873 a
1911 1803 2077 1877 volunts-
2112 1857 2118 1867 .

60 1923 184 1970 veram
205 1923 296 1970 esse:
338 1899 461 1973 lulius·
479 1905 720 1976 interficietur.
778 1899 855 1977 leno
884 1905 1048 1978 leremias
1096 1907 1193 1975 tibus
1208 1901 1393 1989 humanis,
1421 1917 1476 1975 ut:
1501 1901 1590 1975 Cras
1606 1905 1737 1974 ibimus
1753 1920 1932 1976 venatum.
1972 1904 2077 1977 Hauc

60 2002 151 2072 adeo
167 2024 242 2070 nou
258 2005 441 2076 constitnit
453 2006 594 2076 fatalem
606 2007 847 2079 necessitatem
857 2033 936 2079 cum
947 2030 1048 2098 prae·
1096 2006 1293 2076 doctrinam
1310 2009 1354 2075 de
1376 1999 1577 2075 modalib‘us
1599 2006 1719 2075 iudico
1742 2029 1860 2074 veram
1883 2018 1917 2074 et
1941 2006 2077 2100 perspi·

61 2102 207 2172 dixisset
224 2099 458 2200 lerosolymae
480 2106 675 2190 excidium,
701 2123 742 2181 nt
766 2111 876 2180 dicat:
903 2109 943 2182 st
968 2129 1049 2198 ages
1096 2131 1198 2177 cuam
1215 2129 1307 2191 esse,
1334 2120 1368 2178 et
1386 2108 1608 2198 profuturum
1623 2106 1791 2177 studiosis
1813 2109 1857 2176 ad
1883 2109 2077 2178 multarum

60 2203 339 2295 poeniteutiam,
363 2230 439 2275 non
463 2209 627 2285 evenient
647 2232 706 2294 ea,
732 2235 824 2304 quae
845 2213 889 2280 de
911 2210 1047 2280 excidio
1096 2208 1298 2279 difficilium
1321 2207 1566 2301 quaestionum
1590 2206 1893 2281 diiudicationem.
1944 2206 2079 2280 Volens

60 2303 240 2396 praedixi.
288 2302 338 2375 Et
352 2304 457 2376 lonas
481 2309 700 2398 praedixerat
725 2311 949 2383 interituram
974 2332 1048 2380 esse
1096 2324 1214 2381 autem
1238 2309 1367 2378 multas
1395 2309 1531 2378 ieiunas
1559 2308 1802 2382 cavillationes
1830 2309 2013 2405 relinquo,
2038 2322 2079 2381 ut

60 2402 238 2488 Niniven,
272 2429 377 2498 quam
408 2410 621 2480 sententiam
652 2425 769 2482 tamen
802 2426 918 2485 mutet
938 2407 1048 2495 Deus,
1096 2409 1255 2504 conspici
1270 2411 1434 2484 doctrina
1451 2410 1574 2482 utilior
1592 2410 1713 2503 possit.

60 2527 143 2576 cum
168 2528 231 2575 rex
252 2522 288 2580 et
309 2531 390 2600 pars
414 2511 539 2604 populi
557 2514 841 2586 emendarentur.
889 2513 962 2586 Sed
979 2511 1047 2584 alia

862 2994 1011 3061 mnne
1052 2992 1282 3060 rnnrtus

550 3149 1046 3244 ERO'l'lllllA'l'UM
1102 3144 1599 3242 ntanuc'rtcttS.

312 3356 381 3443 De
413 3349 808 3474 Argumenialione,
1073 3399 1075 3402 ⁴
1104 3370 1212 3442 nibus
1227 3365 1475 3440 assentiantur.
1525 3349 1630 3432 llan'c
1645 3383 1765 3434 curam
1784 3342 1847 3458 qui
1862 3354 2086 3439 adhibebunt

1085 3472 1143 3549 in
1166 3471 1432 3552 ratiocinando,
1457 3487 1514 3535 res
1538 3465 1633 3554 ipsas
1656 3464 1761 3535 etiam
1786 3464 1894 3537 altius
1914 3466 2085 3560 introspi-

1102 3574 1216 3659 cient,
1244 3585 1277 3642 et
1291 3569 1396 3640 salsas
1419 3567 1658 3636 connexiones
1679 3565 1784 3637 citius
1803 3562 2085 3658 deprehendent.

1104 3671 1152 3747 Ut
1167 3687 1284 3745 autem
1299 3672 1338 3741 in
1352 3671 1446 3738 libro
1462 3669 1625 3759 proximo
1644 3668 1689 3737 de
1707 3666 1929 3760 simplicibus
1949 3692 2084 3762 propo-

1101 3776 1292 3846 sitionibus
1309 3774 1528 3854 dictumest,
1553 3768 1603 3838 ita
1618 3791 1714 3839 nuuc
1732 3770 1776 3838 de
1796 3770 2083 3863 propositionum

68 3506 170 3591 flacc
195 3539 296 3611 pars,
328 3544 420 3615 quae
443 3523 664 3617 syllogismos
687 3541 873 3598 contexere
895 3541 931 3599 et
956 3523 1054 3598 iudi·

67 3643 144 3692 esre
171 3620 411 3693 connexiones
442 3625 562 3711 docet,
593 3628 788 3720 plurimum
817 3628 904 3699 artis
932 3622 1052 3709 hahet,

69 3735 103 3794 et
116 3721 229 3811 magis
243 3735 293 3792 est
309 3721 545 3823 τεχνολογικὴ
562 3751 668 3822 quam
683 3730 852 3823 pleraque
867 3730 1050 3824 superiora

68 3823 336 3944 mtfqufflfii'
386 3822 523 3921 anue
539 3830 725 3948 dingfmia
743 3832 849 3921 ὤμ’
865 3831 971 3951 b⁰¹ii⁸
993 3831 1050 3900 in‘
1100 3877 1321 3948 counexione
1351 3872 1499 3953 dicitur,
1531 3891 1621 3963 quae
1646 3869 1848 3943 instituitur
1870 3875 1915 3943 ad
1937 3874 2082 3945 conclu-

68 3945 197 4015 genus,
226 3929 467 4008 considerare,
494 3953 558 4000 cur
578 3933 667 4025 quad
694 3926 900 4018 cohaereat,
925 3934 962 4001 sd
988 3945 1051 4018 est,

67 4048 157 4119 qm
178 4026 224 4096 sit
246 4029 338 4098 mio
362 4032 656 4124 comquemqae,
680 4056 745 4102 mr
766 4057 906 4105 necem
925 4035 973 4106 ,ἢ
992 4058 1049 4105 as.
1100 3981 1236 4049 sionem
1259 3976 1415 4068 aliquam
1445 3971 1724 4041 confirmandam
1755 3986 1818 4045 aut
1844 3974 2080 4060 refutandam,

147 4127 191 4145 ..
667 4148 671 4155 ,
993 4135 1003 4154 .
1100 4094 1134 4152 et
1148 4075 1406 4169 argumentatio
1426 4072 1575 4154 dicitur,
1601 4082 1635 4143 et
1659 4095 1836 4144 summum
1859 4098 1948 4169 opus
1969 4088 2022 4147 est
2040 4075 2080 4144 iu

66 4141 192 4199 “mm
213 4122 340 4197 harum
363 4130 554 4219 figurarum
578 4146 612 4204 ‘t
637 4135 826 4205 m⁰d⁰r¹¹¹¹¹
852 4159 1046 4205 ⁰⁰⁰⁰⁰¹'⁰'
1099 4179 1368 4269 investigatione
1390 4174 1557 4249 veritatis.
1616 4169 1708 4243 Nam
1730 4174 1891 4246 inomni
1919 4178 2080 4268 disputa·

65 4228 186 4302 ’,Μ’
212 4224 434 4318 H‘b‘ffim'
458 4246 494 4304 ἃ
509 4246 628 4304 “mm
642 4261 716 4306 ”⁰⁰
734 4237 945 4327 ‘’aulam‘’
966 4261 1045 4306 “¹¹¹¹
1098 4284 1195 4355 tione
1211 4304 1251 4351 ac
1267 4277 1527 4349 deliberatione
1542 4270 1601 4346 hic
1618 4274 1699 4344 linis
1713 4288 1784 4361 est,
1808 4288 1849 4346 ut
1864 4298 1928 4368 per
1948 4277 2079 4348 confir·

62 4328 218 4401 ”diunt
238 4331 482 4424 ⁸5¹¹⁰85⁸m⁰ffl
497 4337 682 4456 ‚qufdflm
694 4341 751 4457 ,ad
777 4335 953 4424 Bffl'm‘
984 4352 1045 4410 ⁸¹¹⁸
1097 4385 1288 4455 mationem
1306 4393 1340 4451 et
1355 4378 1607 4450 refutationem
1622 4375 1766 4446 inventa
1785 4374 1950 4460 veritate,
1975 4401 2079 4449 men-

64 4426 250 4516 Celarent,
268 4435 508 4525 perterrefacta
529 4432 585 4508 hts
607 4440 741 4525 titulis,
774 4454 943 4532 tauquam
968 4463 1044 4509 ma·
1095 4499 1147 4558 m
1161 4482 1397 4579 acquiescant.

62 4530 1043 4651 gicisincautationihusreeipiuntsyllogismum,etiarn-

61 4657 93 4706 ss
106 4655 250 4706 canum
264 4639 497 4707 connexionis
513 4664 573 4710 seu
585 4642 760 4712 rationem
770 4643 1042 4737 consequentiae

60 4733 241 4824 ignotam.
290 4734 391 4808 Talis
413 4754 464 4811 est
485 4765 612 4832 magua
635 4745 737 4814 turba
755 4741 1042 4818 Dialectieoruu.
1322 4686 1421 4777 oum
1447 4678 1850 4782 eadwmmw
1943 4774 1945 4778 ’

60 4831 325 4925 Ssdingeniosi
339 4845 606 4916 commonefacti
623 4845 758 4930 vident,
778 4870 843 4917 cur
855 4848 964 4941 recipi
978 4844 1043 4918 has
1195 4839 1468 4934 Argumentatio
1490 4848 1543 4908 est
1563 4834 1698 4915 oratio,
1728 4834 1768 4906 in
1795 4857 1864 4930 qus
1896 4835 2129 4907 conclusio·
2219 4832 2223 4854 ¹

59 4935 240 5027 figurem
257 4941 382 5010 modos
394 4957 565 5033 oporteat.
616 4947 712 5018 llaec
735 4969 815 5041 pars
834 4949 1043 5040 plurimum,
1094 4946 1214 5041 aliqua
1230 4942 1479 5025 confirmatur,
1504 4950 1567 5008 aut
1580 4938 1754 5008 refutatur
1768 4959 1832 5029 per
1852 4935 1941 5007 alias
1959 4939 2078 5010 uotio-

60 5051 103 5110 ot
114 5035 211 5124 disi,
238 5039 325 5110 artis
349 5043 519 5116 continet.
570 5046 690 5138 Quare
707 5050 880 5140 ingeniosi
896 5051 971 5120 siut
989 5064 1043 5122 at·
1095 5072 1151 5120 res
1166 5043 1445 5143 propositiones,
1472 5039 1693 5111 continentes
1716 5059 1856 5108 causam
1879 5039 2079 5112 conclusio·

61 5139 169 5224 tenti,
192 5162 323 5211 aenou
337 5144 758 5240 solumrecitareliguras
783 5165 818 5222 ct
839 5153 964 5222 modos
986 5152 1044 5223 di·
1096 5150 1171 5237 nis,
1195 5161 1229 5219 et
1243 5158 1336 5218 recte
1347 5145 1394 5214 ad
1409 5167 1484 5213 eam
1498 5140 1788 5216 accommodatas.
1825 5135 1899 5210 Nec
1914 5141 2107 5213 discernox

61 5253 172 5326 scant,
193 5241 261 5314 sed
271 5242 380 5313 etiam
394 5267 517 5316 causas
532 5253 794 5323 consutorum
810 5254 1045 5338 considerent,
1096 5253 1168 5323 iam
1182 5245 1523 5339 argumentationem
1537 5254 1570 5312 et
1584 5253 1841 5332 argumentum.
1870 5236 1968 5310 ldem
1982 5242 2077 5312 enim

59 5345 454 5442 uttanoamsrtihces
475 5348 608 5436 sciant,
635 5375 701 5425 cur
726 5354 828 5428 iustis
852 5354 1042 5427 connexio
1097 5352 1191 5426 valet
1206 5349 1332 5422 usitata
1356 5344 1534 5417 delinitio:
1557 5337 1819 5436 Argumentum
1838 5355 1891 5413 est
1910 5342 2001 5414 ratio
2027 5343 2080 5410 rei

107 5443 288 5516 haran.
305 5447 413 5520 Orsa.
432 5450 517 5520 Vos..
530 5454 626 5528 Xlll.
1108 5539 1113 5544 ι
1513 5442 1565 5518 88
2132 5457 2136 5462 ’
2176 5444 2186 5450 ἃ
