4538 5754
58 301 145 380 edd·-
653 298 720 376 Ill.
753 294 918 374 lNlTlA·
936 289 1232 375 DOCTRlNhE
1256 290 1511 372 PHYSIGAE.
2020 296 2108 373 aas

59 474 176 546 sedin
193 473 321 546 mediis
337 477 449 546 ferme
464 472 625 565 pertibus
640 468 791 559 Cancri,
816 471 1057 566 praecedentis
1107 490 1153 558 ge
1185 482 1392 560 conspecta,
1431 470 1621 561 praecessit
1652 468 1866 541 mutationes
1897 469 2102 542 multorum-

57 578 216 649 Lsonem
232 576 270 646 io
285 577 412 647 ordine
429 574 626 666 signorum.
833 564 837 571 ’
1106 592 1299 660 regnorum
1325 572 1362 639 in
1389 566 1486 640 Asia.
1538 570 1630 641 Nam
1654 571 1861 662 paulopost
1880 567 1996 664 Cyrus
2018 594 2098 642 mo·

162 690 317 784 Propter
340 688 435 764 banc
455 693 691 764 variationem
722 704 938 785 punctorum
963 688 1056 761 „tm
1106 665 1291 740 narchiam
1308 696 1328 741 a
1347 670 1466 742 Medis
1481 676 1523 743 ad
1540 671 1665 742 Persas
1686 672 1886 758 transtulit,
1912 685 1948 743 et
1970 682 2102 763 potsu-

57 820 151 892 qnae
180 795 272 866 hunt
301 795 465 887 eclipses,
504 793 639 863 circulu
665 789 811 865 vehenti
838 789 904 864 hos
931 792 1056 876 nodos,
1106 773 1282 892 ¹5⁵³5¹¹¹J¹¹¹¹
1303 796 1452 862 regnum
1474 773 1628 869 Lydiae,
1658 774 1752 844 vicl0
1777 787 1812 844 ⁰2
1839 787 1944 866 capio
1964 771 2099 892 Croeffo

56 922 165 992 quem
184 920 290 987 supra
309 897 463 988 primum
479 896 764 988 indescripqione
778 891 1053 966 ophiumLume
1105 876 1265 964 Subegtl‚
1299 888 1334 944 el
1359 876 1571 948 rebellanlel
1599 898 1740 966 graecas
1764 875 1923 947 tivltdless
1952 876 1991 945 in
2011 876 2098 947 Asin

56 999 263 1090 posuimus,
291 996 464 1069 tribuitur
478 1009 598 1067 motus
612 996 813 1068 contrarius
837 994 953 1066 motui
968 991 1055 1063 Pla·
1106 976 1243 1046 durfler
1263 977 1399 1046 afflixit.

56 1114 223 1171 nemum
248 1099 414 1190 Pr⁰l²ti⁰s
440 1099 658 1168 ⁰⁰¹¹V0¹¹ie¹1⁵
678 1122 761 1168 tum
778 1096 893 1190 primo
914 1095 1054 1177 m0bilb
1207 1106 1310 1179 Hanc
1325 1109 1536 1194 doctrinam,
1562 1133 1653 1201 quae
1668 1133 1789 1182 causas
1803 1110 2096 1182 obsecrationum

57 1203 120 1272 sed
142 1201 193 1272 ita
218 1202 357 1284 tardus,
383 1213 423 1268 ut
448 1199 598 1289 singulis
623 1199 750 1270 diebus
770 1196 858 1269 nodi
880 1222 955 1269 non
978 1220 1060 1266 am·
1105 1211 1254 1283 istarum
1271 1225 1456 1296 monstrat,
1469 1235 1536 1280 nos
1550 1236 1691 1307 quoqne
1704 1214 1938 1302 magnifacere
1954 1226 1987 1284 et
2002 1213 2096 1284 tueri

56 1302 155 1393 plius
175 1300 291 1371 tribus
314 1299 463 1370 minutis
493 1314 773 1393 promoveantur
796 1300 847 1380 εἷς
869 1293 918 1372 τὰ
938 1322 1054 1394 ssew]-
1104 1315 1222 1397 decet,
1246 1337 1327 1383 cuns
1344 1313 1419 1382 eius
1435 1312 1591 1402 cognitio
1609 1316 1652 1384 de
1668 1316 1789 1386 multis
1804 1312 2023 1404 gravissimis
2036 1335 2094 1383 re·

55 1397 242 1501 γούμενα,
268 1424 330 1471 seu
344 1402 388 1472 ab
402 1400 541 1474 oriente
555 1423 678 1473 vellus
691 1420 865 1486 (leffium,
890 1424 961 1494 ‘11¹⁰
979 1412 1054 1469 lif·
1104 1414 1171 1483 bus
1196 1436 1261 1482 nos
1283 1417 1488 1498 admoneat,
1515 1426 1549 1484 et
1565 1436 1729 1504 magnam
1748 1417 1951 1488 varietatem
1973 1415 2096 1485 erudi-

56 1506 206 1574 dl⁸⁵i¹¹¹⁰
238 1515 338 1571 ¹⁰⁰1¹¹
369 1517 556 1593 piligrini
590 1516 704 1575 ῑθῑΰῐῐὶ
726 1502 923 1573 Ζῡᾶἷὸῑῑῑῐῦ
949 1497 1054 1570 8111ῑῖ8
1106 1514 1215 1585 tionis
1237 1516 1503 1606 complectatur.
1563 1511 1642 1586 Etsi
1664 1531 1781 1588 autem
1811 1518 1993 1609 prodesset
2017 1539 2096 1586 eam

14 1630 17 1635 ’
59 1606 124 1692 18,
144 1605 274 1675 diebus
298 1603 386 1685 226,
408 1598 507 1674 horis
532 1603 571 1690 ⁷,
596 1617 680 1697 poss·
698 1605 795 1698 quod
825 1602 1053 1675 intervallum
1104 1615 1237 1685 alicubi
1268 1616 1403 1705 integre
1428 1617 1611 1709 explicari,
1645 1620 1851 1691 monstratis
1879 1619 2103 1692 sensibusne·-

54 1706 248 1797 temporis,
273 1705 420 1809 eclipsed
444 1705 483 1772 ln
506 1704 633 1774 iisdem
656 1705 744 1775 lotis
758 1703 1052 1776 Zodidd'llel'llm
1104 1717 1218 1787 causis
1234 1718 1350 1786 omni!
1365 1719 1555 1805 varietatis,
1582 1744 1671 1812 quae
1687 1715 1746 1791 hic
1762 1721 1878 1790 maior
1897 1733 1962 1804 est,
1988 1743 2096 1814 quam

55 1807 135 1878 fieri
151 1820 319 1899 possunt,
345 1805 407 1875 ubi
422 1806 523 1896 prius
540 1820 747 1900 conspectae
767 1817 861 1876 sunl·
1104 1819 1143 1887 in
1158 1816 1284 1888 Lunae
1299 1818 1509 1909 eclipsibus,
1535 1833 1653 1891 tamen
1676 1845 1755 1892 cum
1782 1823 1820 1893 id
1834 1817 1902 1892 hoc
1917 1821 1956 1889 in
1982 1820 2096 1891 locos

604 1926 608 1934 '
1103 1919 1208 1990 nobis
1224 1943 1338 2013 neque
1354 1920 1430 1988 fieri
1446 1933 1572 2013 queat,
1598 1946 1664 1993 nec
1678 1923 1815 2016 requiri
1829 1925 1972 2007 debeat,
1997 1922 2096 1992 dice-

366 2009 427 2079 De
453 2010 589 2101 eclipsi
612 2010 727 2084 Solis.
1103 2043 1202 2104 mus,
1226 2034 1265 2092 ut
1281 2021 1319 2089 in
1334 2020 1453 2093 lunari
1471 2021 1595 2112 eclipsi
1609 2023 1774 2105 fecimus,
1796 2027 1971 2118 quaedam
1995 2042 2093 2094 corn·-

158 2141 238 2214 fflc
255 2165 340 2213 vem
364 2141 528 2213 omnium
552 2141 707 2213 maxime
727 2138 818 2210 moti
834 2150 918 2209 ,unt
933 2130 1053 2206 homi.
1102 2122 1331 2208 munissima,
1357 2147 1450 2216 quae
1466 2124 1616 2194 rudibus
1632 2139 1813 2219 utcunque
1828 2147 1948 2196 causas
1964 2126 2094 2194 obseu-

60 2270 143 2331 nes,
175 2258 217 2315 ut
243 2258 279 2315 et
303 2243 587 2327 admirarentur,
622 2256 656 2313 et
679 2241 905 2336 inquirerent
934 2250 1053 2307 morus
1102 2223 1281 2293 rationum
1295 2225 1468 2295 solarium
1484 2239 1518 2297 et
1535 2249 1656 2296 earum
1678 2225 1892 2297 diversitatis
1907 2227 2094 2296 ostendere

59 2370 250 2438 corporum
273 2342 498 2424 coelestium,
533 2356 723 2436 postquam
746 2342 917 2412 viderunt
935 2337 1052 2409 media
1103 2322 1256 2442 possint,
1281 2325 1389 2418 idque
1409 2323 1494 2398 huic
1515 2339 1722 2418 argumento
1744 2343 1779 2399 et
1802 2330 1880 2400 loco
1902 2325 2093 2398 convenire

59 2449 118 2518 die
140 2448 340 2530 interdum,
366 2444 466 2514 coelo
487 2467 631 2529 sereno,
656 2441 777 2515 Solem
794 2442 885 2515 lucis
901 2441 1053 2514 diurnae
1102 2426 1314 2498 mdlfflfflffl·

59 2551 194 2622 fontem
216 2546 317 2619 tetris
340 2560 374 2618 et
395 2540 585 2616 horrendis
605 2544 762 2616 tenebris
778 2543 936 2628 involvi,
961 2563 1053 2637 qnae
1205 2539 1350 2615 Dictum
1373 2557 1425 2615 est
1451 2565 1575 2636 supra,
1594 2545 1720 2618 Lunae
1743 2569 1871 2640 corpus
1892 2569 2041 2638 opacum
2058 2558 2094 2616 et

60 2652 180 2721 subito
193 2648 309 2720 noctis
326 2647 517 2737 imaginem
539 2646 726 2728 afferrent,
752 2659 788 2718 et
810 2645 931 2718 stellas
952 2642 1051 2715 coelo
1104 2644 1194 2713 adeo
1208 2646 1357 2714 densum
1374 2668 1458 2732 esse,
1476 2660 1518 2717 ut
1532 2649 1650 2717 radios
1664 2647 1760 2719 Solis
1776 2673 1850 2719 non
1866 2647 2095 2724 transmittat.

61 2749 268 2836 haerentes,
293 2749 452 2820 interdiu
466 2747 673 2840 conspicuas
687 2749 889 2820 redderent.
1104 2743 1224 2833 Quare
1240 2770 1320 2815 cum
1339 2744 1416 2816 Soli
1430 2747 1680 2837 coniungitur,
1702 2762 1737 2820 et
1753 2764 1847 2821 recta
1863 2751 1959 2821 inter
1975 2749 2094 2842 ipsum

161 2869 235 2942 sed
255 2868 369 2940 mult„
390 2865 504 2956 mag,
527 2867 655 2938 permit
670 2887 732 2937 ρο,
748 2864 964 2959 experientia
986 2861 1053 2933 tri.
1103 2859 1138 2917 et
1152 2860 1314 2917 nostrum
1330 2846 1445 2917 visum
1467 2848 1726 2941 interponitur,
1752 2874 1814 2922 sua
1838 2851 2011 2921 densitate
2034 2873 2093 2919 ra·

61 2972 168 3043 ,gum
199 2973 410 3052 eventuum,
443 2990 533 3061 quo,
554 2966 792 3038 obgervabgnq
816 2988 955 3057 ,emper
979 2964 1053 3035 fere
1104 2947 1184 3017 dios
1208 2945 1303 3019 Solis
1332 2960 1493 3040 exceptos
1517 2964 1612 3022 arcet
1633 2974 1654 3021 a
1678 2966 1801 3022 nostro
1829 2947 2032 3035 horizonte,
2059 2964 2095 3021 et

61 3071 289 3166 ,equqmqerg
304 3066 571 3161 0015932330153,
624 3066 716 3139 cum
732 3068 829 3137 enim
843 3062 1052 3139 mimus&
1102 3050 1230 3168 umbra
1258 3049 1417 3140 corporis
1448 3050 1504 3120 sui
1533 3052 1695 3122 tenebras
1721 3053 1861 3148 aliquot
1890 3051 2093 3123 climatibus

62 3176 131 3244 lesu
149 3196 225 3242 non
241 3183 378 3242 tantum
393 3170 535 3242 lucis'et
548 3170 677 3241 caloris
692 3183 852 3241 autorem
868 3191 962 3254 esse,
988 3167 1050 3237 sed
1102 3153 1250 3226 ¹¹¹duc¹b

62 3276 167 3346 etiam
181 3272 358 3342 vivificam
375 3274 554 3366 quandam
572 3272 645 3341 viru
662 3273 873 3364 corporibus
887 3269 1052 3341 animan-
1205 3263 1270 3340 Est
1286 3266 1393 3360 igitur
1407 3268 1503 3341 Solis
1520 3271 1658 3364 eclipsis
1675 3296 1748 3342 non
1764 3273 1920 3345 deiectus
1934 3285 1996 3344 aut
2016 3271 2093 3363 pri·

63 3377 176 3459 tium,
201 3387 235 3444 et
248 3373 355 3443 rebus
370 3396 412 3442 ex
426 3386 520 3443 terra
541 3373 768 3444 nascentibus
792 3371 992 3463 impertire,
1018 3381 1052 3438 et
1103 3369 1197 3441 vatio
1215 3371 1304 3440 lueis
1318 3371 1355 3441 in
1373 3372 1451 3464 ipso
1465 3369 1560 3443 Sole.
1600 3371 1635 3442 Is
1653 3373 1749 3443 enim
1765 3370 2093 3465 nihilaLunapa·

64 3475 181 3549 vitalis
202 3474 331 3545 caloris
343 3473 445 3567 quasi
467 3472 602 3545 iontem
620 3487 657 3545 et
670 3485 953 3545 conservatorem
969 3493 1053 3556 esse,
1104 3470 1209 3552 titur,
1235 3474 1296 3541 sed
1312 3486 1449 3543 tantum
1467 3487 1516 3544 est
1533 3475 1717 3566 impeditio
1735 3499 1797 3546 seu
1815 3476 1952 3547 aversio
1971 3475 2093 3544 radio-

63 3575 330 3662 existimabant,
356 3576 392 3644 id
411 3577 505 3669 quod
520 3588 641 3666 postea
657 3575 873 3667 experientia
887 3596 1052 3664 compro-
1103 3595 1184 3641 rurn
1200 3572 1314 3658 Solis,
1338 3572 1430 3645 lecta
1451 3599 1598 3666 corpore
1621 3601 1730 3669 opaco
1744 3576 1885 3668 Lunae,
1911 3601 2001 3672 qnae
2018 3576 2094 3645 col·

64 3681 181 3766 habat,
208 3678 314 3748 etiam
329 3676 447 3767 exigui
461 3677 631 3767 temporis
646 3674 931 3749 obscurationem
947 3673 1053 3759 Solis,
1102 3673 1217 3743 locata
1233 3672 1326 3744 inter
1342 3687 1504 3744 nostrum
1518 3677 1633 3745 visum
1650 3691 1683 3749 et
1698 3677 1830 3763 Solem,
1854 3679 2007 3750 involvit
2022 3677 2093 3746 ali·

64 3805 131 3874 qua
145 3775 232 3851 huic
246 3778 388 3848 infimae
403 3778 495 3870 parti
510 3777 648 3863 mundi,
675 3777 714 3847 iu
730 3789 984 3871 qua-perpetua
1000 3789 1053 3847 est
1103 3797 1211 3868 quam
1223 3787 1336 3844 terrae
1350 3789 1484 3866 partem
1500 3778 1627 3847 umbra
1640 3780 1698 3848 sui
1715 3782 1884 3872 corporis,
1903 3794 2009 3874 atque
2022 3772 2092 3848 hoc

66 3905 183 3951 rerum
203 3879 383 3971 generatio
399 3893 433 3951 et
448 3881 647 3972 corruptio,
673 3879 795 3952 radius
812 3878 874 3947 ille
890 3875 1051 3947 vivificus
1103 3875 1212 3945 modo
1228 3889 1341 3947 terrae
1357 3876 1451 3946 vices
1468 3877 1605 3962 reddit,
1630 3893 1670 3951 nt
1686 3876 1826 3951 Plinius
1849 3883 2028 3978 loquitur,
2053 3879 2091 3948 id

65 3981 183 4060 subito
200 3979 408 4073 eriperetur,
432 4003 507 4050 non
522 4003 626 4071 posse
639 4004 716 4049 non
732 3977 825 4050 hanc
840 3979 1051 4049 inferiorum
1103 3989 1174 4058 est,
1199 3977 1291 4048 sicut
1306 3977 1498 4071 aliquando
1512 3977 1615 4049 Luna
1637 3982 1683 4051 ab
1699 3983 1828 4053 umbra
1847 3996 1961 4054 terrae
1982 3977 2092 4051 hebe-

64 4107 183 4157 reruns
209 4095 375 4153 naturam
398 4082 595 4174 plurimum
624 4080 764 4152 laedere
790 4095 825 4152 et
853 4079 1054 4150 debilitare.
1103 4092 1194 4163 tata,
1223 4079 1301 4149 luce
1322 4079 1416 4150 Solis
1443 4080 1622 4173 privatur,
1648 4083 1694 4155 ita
1719 4083 1794 4177 ipsa
1815 4085 1968 4157 vicissim
1990 4081 2093 4177 quasi

65 4184 272 4279 Sequuntur
284 4182 380 4251 euim
395 4182 589 4277 aliquando
604 4177 838 4275 pestilentiae,
858 4181 1053 4276 aliquando
1104 4179 1275 4250 iniuriam
1290 4202 1366 4250 eam
1382 4181 1581 4265 vindicans,
1606 4206 1672 4255 suo
1686 4183 1889 4259 interventu
1902 4197 2091 4275 augustum

66 4309 230 4377 agrorum
247 4284 450 4354 sterilitates
463 4285 510 4354 ob
525 4298 642 4371 aestus
657 4281 831 4368 insolitos,
857 4295 919 4352 aut
936 4280 1053 4356 conti·
1103 4280 1227 4351 lumen
1248 4280 1343 4352 Solis
1366 4296 1481 4353 terrae
1505 4285 1622 4374 eripit.
1672 4285 1741 4358 Sed
1769 4287 1853 4379 quia
1876 4286 2008 4356 iactura
2030 4307 2091 4354 ra-

65 4407 152 4458 nuos
169 4386 315 4475 imbres,
341 4384 532 4478 aliquando
548 4386 655 4456 etiam
670 4384 849 4455 bellorum
866 4382 1053 4470 tumultus,
1104 4381 1245 4451 diorum
1266 4382 1436 4465 solarium
1460 4385 1620 4455 crebrior
1636 4397 1671 4454 et
1688 4387 1913 4473 diuturnior,
1938 4385 2091 4457 exitialis

66 4503 95 4560 et
107 4488 268 4579 insignes
284 4486 517 4577 imperiorum
532 4486 747 4558 mutationes
769 4498 917 4577 propter
928 4504 1052 4574 regum
1104 4496 1217 4553 terrae
1237 4483 1356 4553 futura
1378 4496 1488 4571 esset,
1512 4482 1620 4558 Luna'
1639 4507 1680 4556 ea
1697 4488 1941 4561 moderatione
1964 4487 2091 4569 utitur,

64 4613 98 4660 ac
113 4588 319 4682 principum
335 4600 482 4669 mortes,
1102 4597 1142 4655 ut
1158 4607 1238 4655 raro
1257 4597 1292 4655 et
1307 4607 1382 4654 non
1397 4585 1469 4656 nisi
1482 4585 1669 4681 aliquoties
1684 4587 1784 4680 prius
1800 4613 1820 4660 a
1837 4605 1951 4662 terrae
1962 4589 2091 4661 umbra

160 4702 231 4777 Hi,
248 4702 450 4792 insignibus
465 4702 663 4786 mensibu„
688 4723 777 4796 quos
791 4715 853 4773 aut
869 4701 961 4777 effici
974 4725 1052 4773 cre.
1102 4686 1306 4774 obscurata,
1330 4700 1436 4781 atque
1450 4688 1498 4759 ita
1515 4687 1615 4783 quasi
1629 4688 1769 4781 saepius
1783 4705 1984 4783 provocata,
2009 4705 2090 4762 tan·

64 4807 212 4892 (1,me
238 4816 301 4877 aug
312 4803 506 4893 significari
522 4826 585 4894 pe„
598 4801 694 4875 5011,
704 4802 879 4881 defectus,
905 4802 1051 4877 adducti
1101 4787 1181 4856 dem
1206 4789 1281 4883 ipsa
1298 4788 1453 4859 vicissim
1470 4790 1584 4859 solare
1604 4790 1727 4862 lumen
1748 4805 1863 4865 terrae
1879 4791 2091 4884 intercipiat,

65 4921 145 4983 ,unq
161 4919 298 4979 vem
313 4905 411 4979 ,1025
426 4899 609 4990 homines,
634 4918 811 4976 uttam„
833 4915 868 4974 ,ι
891 4914 1052 4994 [empna
1100 4887 1210 4981 idque
1234 4912 1310 4959 non
1332 4891 1538 4975 universae,
1568 4892 1627 4961 sed
1649 4892 1756 4965 alicui
1782 4895 1858 4967 cius
1881 4893 2029 4980 tractui,
2055 4907 2091 4966 et

65 5004 620 5102 eclipsiumdiligcntietassidua
634 5003 917 5077 consideratione
933 5017 1051 5081 motus
1100 4990 1243 5083 quidem
1260 4990 1337 5060 ³3⁰⁸
1351 5013 1472 5077 mm,
1495 5005 1536 5063 ul
1551 4993 1644 5064 infra
1660 4996 1809 5071 dicetur·

64 5109 261 5192 luminum,
283 5106 480 5183 studiosius
494 5106 715 5199 inquirerent
731 5118 768 5179 et
781 5105 1024 5178 observarent.
1199 5121 1270 5195 sad
1289 5123 1439 5195 miretur
1462 5124 1612 5218 aliqui„
1638 5134 1817 5223 quomodo
1841 5132 1945 5205 hm,
1974 5148 2090 5225 pege„

161 5225 324 5297 Primam
337 5238 455 5294 antem
471 5224 566 5314 apud
576 5219 734 5294 Graecos
743 5222 782 5293 in
796 5246 837 5294 es
847 5245 886 5292 re
899 5219 1049 5311 gloriam
1098 5236 1213 5295 totum
1233 5222 1329 5295 Solis
1344 5247 1472 5314 corpus
1494 5228 1624 5317 possit,
1649 5255 1729 5302 cum
1755 5256 1860 5324 snpra
1877 5237 2012 5306 dictum
2029 5235 2089 5312 sit,
2106 5290 2109 5294 .

63 5330 210 5421 adeptus
221 5325 392 5399 scribitur
406 5319 541 5394 'Phales
556 5321 828 5418 Milesins,·qui
847 5325 947 5393 illam
963 5323 1049 5392 scli-
1096 5323 1218 5395 Solem
1244 5326 1375 5397 centies
1390 5327 1545 5421 sexagies
1567 5329 1678 5402 sexies
1693 5333 1865 5406 maiorem
1885 5358 1959 5405 esse
1982 5348 2091 5416 terra,

63 5424 722 5521 psinSolispnsdisitquaeregnants
737 5425 777 5495 in
785 5418 1061 5520 MedleAstye-·
1096 5420 1239 5497 ethanc
1259 5421 1383 5500 rursus
1404 5432 1665 5522 propemodum
1686 5436 1899 5529 quadragies
1915 5436 2089 5507 maiorem
