4538 5754
8 2970 16 2976 ⁴
118 2977 188 3052 Dei
212 2991 264 3048 est
284 2977 365 3045 viva
388 2973 504 3062 imago
527 2973 662 3043 aeterni
686 2971 822 3057 Patris,
846 2984 1047 3057 coaeterua,
1073 2983 1108 3040 et
1159 3031 1167 3048 ,
1196 3033 1204 3048 ,

50 176 53 181 ’
106 206 198 317 ,τοο
357 202 568 280 scalpra
594 205 671 280 rii
695 206 813 288 nnn
839 207 911 285 an
936 209 1066 286 nisi.
1091 210 1237 294 inor.
1261 214 1329 293 iii
1354 216 1549 297 Prinos.
1575 221 1900 307 scicciani.
1967 304 1976 343 -.
2035 172 2137 306 'ios

122 401 224 460 neni,
251 389 370 449 tamen
387 376 426 448 in
440 399 549 447 unam
570 401 643 448 rein
662 379 834 450 eonln'ndi
856 406 931 453 non
954 397 1111 474 possum,
1159 388 1301 461 firmare
1314 393 1545 481 ostendimus,
1569 410 1610 469 ut
1623 379 1803 481 l'shetorea
1816 400 1925 473 citant
1938 400 2011 474 lioc
2029 426 2136 475 exem·
2168 416 2172 479 t

120 493 175 551 ut:
202 478 326 551 Homo
340 493 374 551 et
392 481 531 565 asinus,
557 479 697 550 Albedo
713 496 747 551 et
764 484 924 559 scientia.
1158 492 1256 581 plum
1278 494 1323 563 de
1340 493 1481 588 Ulysse:

1314 610 1463 704 sepeliit
1486 614 1646 701 Aiacem,

274 796 278 803 Ι
1311 709 1408 805 Ergo
1425 718 1567 789 occidit.

204 800 410 923 ‘l’mllicuit
443 813 495 870 ²⁵²
524 814 560 872 0¹
588 801 700 922 unica·
724 803 861 892 sedni&
896 802 1016 876 P⁰⁵l¹³
1039 828 1108 876 ⁰¹¹³
1259 830 1300 903 ld
1317 832 1523 905 invertitur:
1548 833 1640 921 lino,
1667 837 1697 906 si
1711 837 1936 927 occidissem,
1957 866 2034 913 non
2047 865 2131 936 sepe·

120 928 255 997 ⁸Pess¹⁰s
281 904 881 995 “ml-'⁰¹¹1‘⁰¹⁰¹¹²⁸d¹⁸P⁸ffl³⁸s
907 921 963 978 ¹¹¹²
1158 931 1310 1015 liissem,
1336 937 1398 1004 sed
1414 960 1494 1006 eum
1512 939 1726 1010 conscientia
1743 942 1936 1033 tranquilla
1951 958 2064 1031 esset,
2086 947 2130 1017 ai·

182 1030 184 1035 '
274 1019 430 1092 Scieutia
449 1033 499 1090 est
514 1021 665 1113 qualitas
680 1022 822 1104 mentis,
1159 1029 1209 1104 hil
1233 1036 1395 1107 dubitavi
1420 1039 1660 1129 spectantibus
1686 1040 1786 1126 aliis,
1817 1043 1965 1113 inimico
1992 1062 2130 1129 mortno,

273 1119 371 1212 Ergo
386 1145 461 1193 non
478 1134 529 1192 0⁸1
547 1122 754 1211 magnitudo
772 1126 828 1194 vel
840 1124 963 1217 figura·
1157 1136 1257 1207 cuius
1273 1138 1344 1209 fnit
1360 1152 1463 1209 antea
1488 1162 1615 1229 magna
1632 1142 1763 1227 virtus,
1786 1138 1853 1213 hoc
1869 1145 1969 1235 pium
1990 1147 2130 1219 officium

536 1287 611 1362 Al.
652 1292 673 1363 d
1157 1239 1325 1310 tribuere.
1380 1239 1494 1310 Valde
1511 1243 1638 1313 usitata
1655 1239 1807 1314 esthaec
1824 1246 1938 1316 lorma
1955 1247 1994 1316 in
2009 1250 2129 1340 magnis

601 1317 643 1362 ¹¹¹
678 1345 688 1368 ⁰
1157 1342 1283 1413 causis.
1312 1342 1419 1433 Apud
1435 1339 1589 1414 Paulum
1604 1345 1741 1438 aliquot
1758 1348 1917 1438 exempla
1931 1362 2062 1432 extant,
2084 1365 2128 1423 ut:

1306 1458 1346 1532 si
1362 1462 1417 1529 lex
1433 1474 1535 1549 auget
1553 1476 1748 1551 peccatum,

1114 1600 1121 1635 t
1309 1559 1449 1651 Pugnat
1464 1560 1574 1652 igitur
1587 1586 1669 1633 cnm
1685 1565 1932 1656 promissione.

1258 1677 1299 1749 ld
1313 1680 1490 1772 sapienter
1503 1694 1538 1751 et
1554 1705 1635 1752 vere
1652 1682 1798 1754 invertit
1813 1680 1963 1754 Paulus:

1309 1780 1385 1852 Imo
1403 1781 1431 1850 si
1450 1781 1592 1853 tolleret
1604 1797 1798 1875 peccatum,

1309 1875 1413 1952 Niliil
1428 1906 1519 1975 opus
1535 1897 1623 1954 esset
1637 1886 1883 1977 promissione.

1259 1995 1360 2071 Nihil
1382 2001 1478 2071 enim
1499 2025 1589 2094 opus
1607 2000 1732 2074 luisset
1754 2028 1847 2074 novo
1872 2003 1934 2075 illo
1959 2019 1993 2076 et
2015 2031 2127 2078 arcano
2171 1990 2172 1995 ἵ

1243 2116 1299 2173 eto
1316 2104 1360 2172 de
1373 2100 1468 2173 Filio
1484 2117 1519 2175 et
1534 2105 1685 2194 gratuita
1704 2105 1921 2193 remissione,
1944 2108 1974 2177 si
1988 2109 2065 2200 lege
2077 2135 2129 2202 po-

1157 2205 1279 2275 tuisset
1297 2205 1432 2276 aboleri
1451 2219 1642 2298 peccatum.

518 664 705 756 Regula.

271 1427 406 1512 Poena,
431 1453 500 1522 qua
516 1429 738 1517 magistratus
754 1442 891 1500 sontem
909 1429 1034 1514 allicit,
1059 1442 1107 1499 est

144 1614 147 1624 Ι
323 1529 413 1600 iuria
429 1530 596 1614 executio,
990 1609 992 1613 y

257 1627 370 1722 Ergo
386 1654 425 1702 ea
442 1654 554 1722 poena
572 1628 645 1701 non
670 1646 721 1702 est
736 1632 887 1716 iniuria,
913 1632 996 1726 qnia
1021 1631 1108 1701 iuris

324 1734 482 1805 executio
498 1746 533 1805 et
553 1734 685 1804 iniuria
702 1749 785 1806 snut
800 1735 961 1805 diversae
978 1748 1013 1805 et
1035 1735 1106 1802 dis-

324 1849 466 1929 paratae
488 1836 639 1928 species,
665 1849 705 1907 ut
729 1851 822 1909 recte
843 1837 991 1907 dicitur:
1018 1835 1108 1906 iuris

324 1937 482 2009 executio
501 1948 641 2008 nonest
659 1937 802 2012 iniuria.

222 2056 293 2132 Sed
308 2051 368 2127 hic
382 2057 554 2126 mouendi
568 2069 653 2127 sunt
669 2058 854 2136 discentes,
873 2056 1016 2126 unicam
1034 2078 1108 2125 esse
1155 2102 1242 2172 dec!

119 2163 359 2255 exceptionem
381 2152 510 2229 abisac
532 2158 665 2247 regula.
716 2155 807 2229 Cum
822 2155 919 2228 Deus
943 2159 1105 2228 ordinem

119 2267 315 2360 specierum
331 2263 436 2332 talem
452 2258 654 2329 condiderit
673 2273 708 2330 et
722 2261 895 2345 sanxerit,
920 2272 961 2329 ut
976 2260 1106 2351 impos-

118 2368 224 2440 sibile
247 2364 313 2448 sit,
350 2386 463 2434 nuum
490 2361 718 2430 individuum
743 2384 816 2431 esse
845 2361 1037 2431 conflatum
1066 2385 1106 2430 ex
1573 2386 1726 2462 Aliud·

120 2467 270 2554 dirersis
284 2464 476 2558 speciebus,
495 2475 548 2546 ut,
574 2457 668 2531 nibil
682 2463 774 2531 idern
790 2476 905 2554 potest
919 2486 1002 2548 esse,
1017 2462 1106 2553 lapis
1257 2521 1297 2594 Si
1320 2524 1443 2596 dicam
1461 2523 1654 2594 adversarii
1676 2551 1779 2598 vem
1802 2531 2002 2603 doctrinae:
2036 2531 2127 2625 lgm·

119 2587 155 2644 et
177 2567 308 2652 homo,
341 2580 460 2636 tamen
488 2576 601 2635 unum
626 2564 875 2634 admirandum
906 2565 1105 2656 exemplum
1417 2625 1426 2643 ,
1601 2627 1609 2644 ‚
1766 2630 1774 2647 ,
1805 2630 1847 2649 ,,
2047 2636 2055 2652 ,

119 2670 292 2746 dissimile
326 2666 392 2738 toti
422 2654 561 2757 reliquo
584 2666 706 2736 ordini
736 2672 884 2737 uatiirae
913 2666 1106 2758 proposuit,
1155 2626 1324 2797 {⁶¹¹de
1342 2627 1525 2747 ⁰⁰b¹⁸,⁰⁸¹‘
1549 2650 1632 2745 ‘luia
1649 2632 2127 2754 ¹¹⁰⁰‚d¹d¹⁶¹¹”¹¹⁸d⁰⁶²¹,¹¹¹³¹⁰

1189 2728 1344 2802 eclesiae.
1385 2725 1427 2797 ld
1443 2750 1527 2797 vere
1544 2750 1594 2798 sic
1607 2743 1813 2804 invertitur:
1841 2729 1936 2824 Ergo
1953 2758 2064 2826 magia
2077 2739 2128 2806 de·

119 2772 286 2847 videlicet
305 2766 568 2868 copulationem
591 2769 734 2839 divinae
750 2779 784 2838 et
803 2762 979 2838 hnmanae
1001 2780 1107 2837 natu·
1172 2828 1180 2844 ,

118 2901 181 2949 rae
202 2876 241 2944 in
264 2871 362 2945 Filio
377 2867 535 2941 Domino
555 2884 677 2955 nostro
703 2868 784 2942 lesu
798 2865 960 2941 Cliristoz
993 2867 1107 2939 Filius
1155 2828 1336 2999 39Ἷυίὓῆ
1367 2829 1450 2921 qnia
1483 2842 1664 2949 ¹1anoe
1690 2855 1797 2951 §fssve
1827 2832 1945 2955 ⁸cel¹¹ff⁶
1964 2851 2035 2922 0⁸1,
2066 2861 2127 2908 non
2170 2844 2172 2899 !

1181 2952 1301 3010 iacere,
1327 2943 1362 3001 et
1376 2933 1419 3000 de
1435 2932 1540 3002 rebus
1556 2952 1748 3021 incognitis
1762 2959 2016 3027 pronunciare.
2049 2937 2127 3010 Cum

1156 3046 1266 3128 igitur
1291 3055 1416 3122 magna
1439 3034 1495 3102 vis
1520 3034 1567 3104 sit
1586 3034 1819 3121 inversionis,
1851 3041 2045 3135 antiquitas
2066 3065 2127 3109 uon

120 3074 303 3155 esthamo
328 3090 493 3148 natusex
520 3075 668 3165 virgine.
728 3073 798 3144 Hic
822 3074 1039 3166 disparatum
1063 3074 1112 3141 de
1312 3135 1321 3151 ,
1377 3133 1425 3152 ..
1517 3135 1526 3151 ‚
1778 3139 1788 3155 ·

121 3187 299 3277 disparato
314 3178 550 3272 praedicatur·
601 3172 820 3273 Estquehoc
834 3175 1035 3274 exemplum
1048 3198 1107 3244 ex·
1155 3145 1285 3253 temere
1310 3136 1441 3204 indidit
1463 3130 1548 3204 linic
1571 3135 1650 3205 loco
1677 3150 1749 3208 tam
1776 3140 1951 3212 illustrem
1982 3144 2128 3247 appella.

120 3298 262 3378 ceptum
277 3305 297 3351 a
313 3278 494 3350 communi
511 3278 631 3366 regula
649 3281 694 3347 de
707 3277 908 3369 disparatis.
995 3307 1000 3323 =
1155 3248 1312 3326 ⁰⁰⁰⁰¹⁰s
1336 3237 1469 3307 “ilicet
1480 3231 1621 3329 stiam·

223 3398 416 3472 Sciendum
440 3406 490 3463 est
507 3408 623 3463 autem
646 3390 785 3464 tantum
809 3394 848 3463 iu
870 3407 1034 3465 concreto
1052 3417 1107 3463 re-
1633 3468 1643 3489 ·
1714 3468 1724 3490 ⁸

120 3516 238 3596 ceptas
253 3521 325 3570 esse
349 3493 414 3566 lias
430 3495 725 3586 praedicationes:
751 3493 866 3565 Filius
880 3493 948 3566 Dei
971 3509 1021 3568 est
1042 3491 1109 3565 ho·
1533 3467 1576 3549 Α
1605 3489 1764 3580 tignis.

119 3631 201 3689 mo,
224 3601 323 3671 Dens
337 3611 389 3670 est
404 3619 537 3689 passus.
588 3595 679 3667 Nam
702 3597 1000 3688 appellationibus
1023 3621 1109 3668 cou-

121 3708 210 3781 creti
225 3725 375 3797 persona
390 3699 620 3790 significatur.
671 3698 740 3772 Sed
759 3699 796 3768 in
812 3701 987 3771 abstracto
1003 3714 1108 3771 natu-

120 3834 182 3881 rae
196 3830 352 3879 seorsum
369 3802 651 3873 considerautur.
704 3800 789 3872 ldeo
805 3797 961 3872 Ecclesia
975 3825 1105 3895 nequa·

117 3934 229 4008 qnam
247 3909 296 3978 sic
312 3904 487 3997 loquitur:
519 3901 699 3973 Divinitas
724 3917 775 3974 est
796 3899 1010 3974 humanitas.
1061 3899 1108 3972 Et

122 4013 282 4096 eruditae
297 4029 419 4078 causae
434 4018 519 4074 snut
528 4059 538 4095 ‚
566 4029 629 4077 cur
650 4000 737 4075 haec
753 4005 960 4075 discrimina
975 4005 1015 4074 iu
1030 4028 1109 4075 mo·

122 4118 179 4189 dis
192 4110 362 4209 loquendi
380 4121 583 4190 serventur,
608 4130 701 4204 quae
722 4106 810 4176 alibi
823 4106 1034 4204 diligentius
1049 4130 1110 4175 ex-

121 4218 310 4320 ponendae
329 4224 432 4292 sunt,
458 4202 518 4278 hic
540 4208 623 4278 satis
640 4222 692 4279 est
711 4208 1045 4300 mouereiuniores,
1070 4221 1109 4277 nt

59 4316 62 4319 ⁵
121 4331 326 4393 reverenter
346 4309 526 4384 Ecclesiae
549 4311 671 4380 matria
695 4333 893 4381 sermonem
914 4311 1108 4381 imitentur.

125 4420 253 4492 Manet
274 4432 426 4509 utraque
448 4425 597 4498 natura,
630 4425 666 4483 et
686 4411 810 4482 divina
832 4407 1027 4483 humanam
1055 4434 1110 4480 as-

123 4524 266 4604 sumsit,
292 4522 363 4601 ita,
387 4532 428 4615 ut
442 4515 489 4585 sit
505 4537 676 4618 personae
690 4514 823 4586 unitas,
864 4512 947 4584 Ideo
964 4537 1108 4606 propria

123 4623 188 4696 uni
204 4636 350 4694 naturae
367 4619 577 4703 tribuuntur
591 4615 696 4689 alteri
712 4617 751 4685 in
768 4611 944 4691 concieto.

1257 3628 1408 3720 Signum
1438 3643 1491 3701 cst
1518 3632 1690 3726 quiddam
1724 3635 1911 3705 incurrens
1940 3636 1981 3706 in
2008 3661 2130 3724 sensns,

1155 3735 1249 3826 quod
1266 3732 1536 3841 ratiocinantem
1551 3737 1818 3807 commonefacit
1834 3740 1879 3808 de
1894 3738 2024 3831 aliare,
2050 3766 2130 3838 quae

1156 3835 1419 3906 coniuncta··'est
1438 3834 1495 3905 illi
1518 3834 1641 3925 signo,
1665 3838 1747 3929 quia
1773 3839 1864 3908 illud
1890 3839 2062 3914 indicium
2079 3845 2130 3912 in-

1156 3958 1302 4020 currens
1319 3935 1357 4004 in
1374 3958 1496 4006 sensus
1505 3987 1518 4022 ,
1545 3938 1605 4008 vel
1619 3955 1671 4009 est
1683 3962 1804 4024 causa,
1830 3942 1886 4009 vel
1902 3942 2056 4030 effectus,
2079 3946 2130 4013 vel

1156 4037 1346 4108 comitatur
1367 4061 1489 4108 causas
1512 4040 1568 4108 vel
1591 4039 1752 4126 effectus,
1784 4041 1842 4109 rel
1864 4043 1991 4114 divino
2014 4047 2131 4117 ordine

1111 4206 1113 4213 ,
1155 4139 1414 4233 praenuntium
1429 4153 1491 4223 est,
1517 4136 1743 4212 etiamsinon
1765 4157 1817 4213 est
1833 4164 1958 4229 causa,
1976 4161 2034 4218 ut:
2059 4148 2131 4218 Pal-

1156 4243 1213 4313 lor
1229 4255 1418 4333 perpetuus
1439 4242 1477 4311 in
1492 4242 1641 4313 iuvenili
1658 4268 1807 4335 corpore
1829 4261 1880 4317 est
1902 4237 2046 4338 signum
2066 4274 2131 4319 ma·

1156 4345 1210 4414 lae
1239 4344 1410 4414 coctionis
1433 4367 1493 4414 seu
1526 4344 1641 4437 epatis
1668 4346 1820 4432 infirmi,
1853 4348 1916 4442 qui
1945 4350 2065 4441 pallor
2088 4365 2133 4433 est

1156 4445 1301 4517 effectus
1324 4468 1473 4538 sequeus
1497 4447 1627 4516 malam
1654 4448 1869 4535 coctionem,
1903 4451 2017 4523 rubor
2046 4453 2131 4524 enim

1155 4549 1195 4618 lit
1210 4571 1329 4639 sparso
1342 4548 1515 4636 sanguine
1529 4550 1620 4620 bene
1640 4562 1738 4620 cocto
1753 4550 1791 4618 iu
1807 4565 1918 4622 totum
1935 4577 2065 4646 corpus
2076 4570 2131 4627 etc.

1131 4722 1133 4733 ,
1156 4646 1301 4720 Cometa
1325 4663 1376 4720 est
1399 4649 1537 4740 signum
1556 4665 1758 4736 ventorum,
1783 4653 1865 4746 quia
1889 4657 2040 4727 materia
2065 4657 2133 4727 eius

665 4828 673 4845 ·
1156 4767 1236 4842 post
1272 4751 1561 4842 deflagrationem
1597 4753 1782 4843 dissipata,
1841 4755 1968 4828 excitat
2004 4774 2134 4830 ventos.

526 4829 707 4897 I'W‘mw·
959 4884 962 4891 ·
1030 4860 1055 4887 “’
1159 4852 1411 4924 Terraemotua
1444 4866 1498 4923 est
1531 4852 1673 4943 signnm
1713 4854 1916 4927 futurorum
1950 4858 2135 4933 bellorum.

226 4959 285 5031 Aa
301 4958 419 5027 locum
435 4958 670 5048 pugnantium
689 4955 917 5027 accommodo
934 4965 967 5021 et
981 4953 1107 5036 locum,
1157 4951 1318 5049 Cumque
1333 4956 1434 5025 nullo
1450 4956 1556 5025 modo
1571 4978 1673 5026 causa
1690 4956 1748 5040 sit,
1769 4970 1887 5029 tamen
1900 4957 1971 5030 alio
1986 4966 2136 5053 quodam

125 5065 190 5163 qui
204 5073 351 5133 vocatur
365 5059 541 5144 inversio,
567 5084 672 5152 quem
686 5057 929 5154 Hermogenes
953 5054 1109 5123 nominat
1157 5057 1284 5126 ordine
1317 5057 1553 5147 praenuncius
1584 5070 1635 5127 est
1665 5081 1872 5143 magnarum
1897 5058 2071 5149 cladium,
2101 5080 2137 5135 ut

126 5164 273 5264 βίαιον,
301 5185 342 5233 00
367 5161 464 5254 quod
488 5159 526 5229 ῐῃ
546 5161 661 5230 causis
680 5161 874 5254 plurimum
894 5156 998 5230 valet.
1048 5150 1108 5224 Est
1156 5171 1238 5227 ante
1272 5157 1493 5228 Leuctricam
1534 5181 1687 5249 pugnam
1725 5157 1820 5230 Bura
1856 5175 1891 5231 et
1920 5159 2063 5252 Helice,
2102 5168 2138 5236 in

126 5272 224 5344 euim
247 5266 362 5336 forma
385 5264 681 5356 argumentandi,
711 5287 791 5334 cnm
815 5283 973 5341 causam,
1005 5281 1108 5350 quam
1155 5258 1309 5342 Achaia,
1340 5274 1556 5330 terraemotu
1586 5265 1765 5331 demersae
1788 5276 1871 5332 suut
1894 5263 1940 5355 inl
1954 5290 2069 5355 mare,
2102 5294 2139 5339 ac

123 5367 427 5460 adversarinspro
444 5364 602 5452 recitat,
627 5366 779 5435 maxime
795 5359 1014 5436 contrarium
1028 5382 1109 5430 cou-
1132 5400 1135 5447 ᾖ
1156 5362 1398 5453 significarunt
1420 5344 1535 5434 cladei
1549 5361 1806 5455 Peloponnesi,
1831 5388 1921 5458 quae
1943 5371 2066 5443 statim
2088 5395 2141 5447 se.
