4538 5754
119 226 217 301 1428

120 423 221 485 rum,
246 395 403 491 primum
424 396 626 465 deerratum
649 403 702 462 εει
723 414 743 462 a
768 416 874 486 scopo
896 418 958 466 seu
977 397 1108 486 regula,

121 502 220 598 qnod
249 512 301 569 est
331 497 480 567 verbum
512 491 600 580 Dei,
634 515 741 587 opera
770 496 1003 567 traditionum
1032 499 1109 568 sine

120 604 289 676 mandato
305 595 374 671 Dei
389 593 512 668 habita
528 609 612 669 sunt
625 619 691 689 pro
709 598 881 668 cultibus.
924 598 1110 671 Praeterea

121 705 162 777 in
186 703 353 775 universa
376 699 539 771 doctrina
562 719 728 790 operum,
762 722 907 792 prorsus
925 702 1109 772 silentium

120 807 191 879 fuit
212 808 256 876 de
274 804 355 875 lide.
407 799 565 873 Accessit
578 795 763 870 horribilis
777 824 877 873 error
892 804 935 874 de
952 804 1108 895 applica-

119 908 218 983 tione
246 904 364 999 operis
389 903 527 995 operati
552 902 592 972 in
617 900 750 988 Missa,
779 917 949 996 utsupra
973 906 1108 976 dictum

119 1025 185 1084 est:
212 1008 411 1080 Finxerunt
434 1000 614 1091 homines,
640 1028 729 1096 opus
744 1007 935 1077 sacerdotis
951 1006 1108 1099 adplica-

118 1127 195 1186 tum
219 1111 317 1196 aliis,
341 1107 434 1180 vivis
456 1121 491 1178 et
512 1107 684 1191 mortuis,
710 1107 841 1179 mereri
860 1110 1107 1179 remissionem

119 1216 242 1308 cnlpae
259 1225 293 1283 ει
306 1232 522 1304 poenarum,
544 1221 608 1283 etc.

221 1360 299 1433 Hos
315 1380 452 1429 errores
468 1379 608 1427 necesse
623 1369 674 1427 est
688 1357 727 1427 in
740 1356 896 1430 Ecclesia
914 1356 1108 1454 reprehen-

119 1468 178 1553 di,
204 1479 239 1536 et
253 1478 369 1535 extare
385 1482 509 1552 puram
524 1459 724 1529 doctrinam
734 1455 942 1551 Evangelii,
968 1479 1001 1534 ει
1017 1488 1108 1557 qnae

120 1591 227 1664 opera
254 1576 425 1634 vocentur
448 1558 635 1644 sacrificia,
669 1575 701 1632 et
727 1564 823 1655 quod
846 1563 893 1634 sit
916 1565 1108 1636 discrimen

119 1667 278 1745 sacrificii
299 1661 451 1748 Christi,
484 1663 580 1755 quod
602 1663 671 1733 lide
692 1664 797 1734 nohis
819 1666 1039 1758 adplicatur,
1073 1681 1108 1738 et

2 1771 14 1783 ’
121 1788 325 1846 nostrorum
354 1787 522 1855 opernm,
555 1788 645 1855 qnae
670 1788 744 1834 non
769 1782 916 1857 possunt
937 1769 1109 1861 adplicari

120 1876 221 1957 aliis,
248 1893 309 1940 seu
331 1879 506 1938 vocantur
529 1861 766 1964 εὐχαριστικὰ
790 1869 829 1937 in
850 1864 928 1955 his,
954 1871 1016 1965 qni
1038 1873 1108 1942 fide

120 1968 433 2072 apprehenderunt
457 1967 666 2038 sacrificium
688 1967 832 2045 Christi.
883 1969 954 2043 Sed
976 1973 1108 2045 refuta·

119 2082 171 2154 tio
203 2097 364 2147 errorum
396 2071 439 2139 de
464 2069 632 2140 sacrificio
658 2068 791 2141 Missae
815 2087 851 2147 et
871 2075 1108 2165 applicatione

118 2181 236 2275 operis
263 2172 451 2246 sacerdotis
481 2171 631 2264 requirit
661 2172 832 2262 integram
855 2188 889 2246 et
907 2175 1108 2270 longiorem

119 2279 413 2376 disputationem,
439 2297 530 2365 qnae
546 2273 633 2344 alias
650 2288 701 2345 est
716 2276 854 2365 agitata.

394 2563 591 2649 Psalnus
635 2560 836 2649 cxvln.

171 2736 202 2810 I.
234 2727 472 2829 confitemini
487 2730 648 2801 Domino
663 2734 844 2823 quoniam
859 2727 993 2823 bonus,
1021 2757 1110 2828 qno-

220 2841 327 2910 nium
342 2835 565 2906 insecutum
581 2831 846 2906 misericordia
861 2839 957 2906 eins.

170 2954 218 3027 II.
250 2955 373 3024 Dicat
388 2971 489 3021 nunc
503 2950 643 3038 Israb't,
671 2953 849 3042 quoniam
864 2950 994 3041 bonus,
1021 2975 1109 3045 puo-

220 3061 328 3128 niam
342 3056 384 3124 in
400 3053 571 3124 secutsnn
583 3052 844 3125 misericordia
860 3058 953 3126 eius.

170 3175 234 3250 lll.
268 3157 392 3245 Dicat
410 3191 511 3242 nunc
537 3168 670 3242 domus
690 3172 839 3261 Aaron,
866 3176 1048 3267 quoniam
1068 3179 1109 3246 in

220 3277 390 3349 secutum
405 3270 664 3345 misericordia
683 3276 777 3346 eius.
810 3342 813 3347 .

170 3396 233 3469 IV.
258 3398 405 3468 Dicant
424 3415 524 3465 nunc
541 3396 605 3485 qui
620 3395 760 3465 timent
772 3395 996 3486 Dominum,
1022 3421 1109 3491 quo-

221 3503 329 3571 niam
343 3501 384 3568 in
395 3496 566 3566 secatum
583 3495 845 3568 misericordia
860 3501 952 3571 eius.

171 3617 215 3693 V.
248 3618 308 3687 De
330 3611 573 3685 tribulatione
599 3615 770 3685 invocavi
791 3617 1017 3708 Dominum,
1043 3641 1109 3690 aa·

221 3717 368 3790 audivit
385 3738 446 3787 me
462 3719 503 3786 in
517 3714 729 3789 latitudine
743 3719 941 3791 Dominus.

169 3836 234 3912 VL
266 3838 453 3907 Dominus
467 3855 636 3921 mecum,
662 3858 737 3907 non
754 3835 910 3927 timebo,
937 3837 1029 3932 qnid
1040 3833 1109 3931 fn-

220 3943 300 4012 ciat
313 3933 409 4008 mibi
423 3932 556 4006 bomot

168 4054 254 4129 VlI.
287 4056 474 4126 Dominus
506 4073 654 4122 mecum
682 4061 720 4122 et
750 4055 960 4125 auxiliator
987 4077 1109 4148 meus,

223 4169 341 4255 stepo
362 4154 574 4247 despiciam
586 4156 761 4226 inimicos
777 4177 891 4228 meos.

170 4275 271 4350 VIII.
296 4277 436 4349 Metius
451 4281 512 4345 εει
526 4268 718 4370 confidere
734 4277 966 4367 inDomino,
995 4302 1110 4372 qnam

221 4400 378 4473 sperare
395 4382 436 4449 in
450 4374 615 4448 bomine.

171 4499 234 4575 IX.
274 4499 413 4570 Metius
437 4504 497 4568 εει
518 4491 703 4593 confidere
723 4499 763 4567 in
777 4498 962 4587 Domino,
997 4523 1109 4594 qnam

220 4621 381 4695 sperare
396 4604 437 4671 in
451 4597 698 4693 principibus.

170 4722 217 4798 X.
254 4725 391 4793 Omnes
407 4726 547 4815 pentes,
568 4716 898 4791 circumdederunt
920 4741 1001 4811 me,
1034 4724 1110 4796 Sed

100 4909 101 4912 Ἴ
221 4829 262 4896 in
276 4825 427 4894 nomi-ne
442 4821 599 4891 Domini
617 4817 745 4893 delebo
763 4842 834 4892 eos.

170 4937 233 5010 xl.
270 4934 607 5011 Circumdederunt
636 4957 697 5007 me
726 4934 910 5030 undique,
959 4938 1040 5013 Sed
1069 4947 1110 5015 tn

221 5043 375 5114 nomine
390 5040 545 5111 Domini
559 5035 690 5110 dctebb
707 5060 780 5110 eos.

94 5214 100 5224 .
170 5156 253 5231 Xll.
293 5147 626 5230 Circumdederunt
654 5179 713 5229 me
736 5161 836 5230 sicut
860 5182 970 5253 apes,
1004 5185 1110 5234 urse·

220 5269 309 5333 runt
329 5262 431 5330 sicut
449 5263 550 5354 ipnis
563 5265 782 5351 spinarum,
807 5260 885 5334 Sed
901 5267 942 5337 in
960 5271 1109 5339 nomine

219 5365 374 5436 Domini
390 5359 515 5435 delebo
533 5381 607 5433 eos.

715 218 841 294 PHlL.
868 220 986 302 MEL.
1010 221 1222 301 SCRIPTA
1249 227 1550 312 EXEGETICA'.

2059 246 2146 335 ltu

1212 402 1312 474 XIlI.
1344 410 1544 501 Impatiens
1566 414 1719 503 impulit
1741 437 1803 487 me
1825 423 1872 488 nt
1890 416 2090 511 caderem,
2112 432 2145 495 ει

1261 509 1449 581 Dominus
1461 510 1608 584 adiuvit
1623 537 1696 587 me.
1932 569 1937 577 -

1208 637 1308 709 XlV.
1342 642 1539 716 Fortitudo
1561 667 1648 717 mea
1667 655 1705 719 ει
1727 655 1922 725 canticum
1938 659 2144 731 msuch

1258 747 1385 815 minus
1393 795 1408 833 ,
1435 754 1475 817 et
1491 741 1573 839 fuit
1588 746 1687 821 mitri
1704 753 1929 828 auattiator.

1209 875 1290 950 XV.
1326 881 1408 951 t'oa
1431 884 1682 957 eauttationis
1705 895 1747 959 ει
1760 890 1905 962 salutis
1922 897 1966 966 in
1979 901 2143 969 tentoriis

1259 985 1464 1074 iustorum,
1490 986 1644 1059 Deatra
1659 990 1815 1065 Domini
1826 988 1929 1086 fecit
1944 1000 2131 1072 sinerem

1207 1113 1308 1190 XVI.
1345 1120 1497 1190 Dextra
1518 1122 1674 1193 Domini
1694 1129 1873 1203 caattata
1893 1137 1975 1220 sat,
2001 1135 2142 1208 Dextra

1258 1220 1413 1294 Domini
1424 1215 1524 1313 fecit
1541 1229 1732 1297 uirtutem.

1209 1348 1324 1427 XVII.
1362 1356 1448 1426 Non
1470 1360 1635 1447 moriar,
1659 1355 1730 1430 sed
1751 1365 1899 1454 ninam,
1927 1375 1969 1438 et
1992 1367 2141 1442 narrabo

1258 1477 1371 1549 opera
1385 1458 1552 1531 Domini.

1207 1589 1343 1661 XVlll.
1368 1595 1570 1691 Gastipans
1586 1600 1790 1693 castipaait
1802 1624 1865 1675 me
1880 1605 2089 1698 Dominus,
2110 1617 2143 1680 ει

1257 1700 1461 1768 martinon
1475 1695 1728 1771 tradiditme.
2140 1748 2143 1753 -

1209 1826 1311 1903 XIX.
1345 1833 1498 1925 Aperite
1519 1829 1617 1905 mibi
1636 1842 1772 1926 portas
1794 1840 2003 1935 iusticias,
2030 1849 2141 1944 inpre-

1259 1932 1348 2004 diar
1361 1957 1450 2025 aas,
1476 1945 1516 2008 et
1532 1931 1729 2034 confitebor
1745 1940 1925 2016 DomIno.

1209 2067 1288 2143 XX.
1322 2075 1426 2145 Haec
1447 2083 1557 2168 porta
1577 2075 1752 2165 Domini,
1779 2082 1874 2151 iusti
1893 2083 2093 2160 intrabunt
2106 2094 2140 2160 in

1259 2195 1358 2244 eam.

1209 2305 1309 2380 XXI.
1349 2305 1558 2407 confitebor
1587 2310 1677 2400 tibi,
1712 2318 1802 2406 quia
1829 2312 2051 2396 humitiasti
2077 2347 2139 2416 ms,

1261 2419 1301 2481 et
1311 2405 1445 2503 factus
1463 2434 1504 2483 es
1518 2410 1614 2486 mibi
1629 2417 1672 2487 in
1685 2417 1863 2489 satutem.
2068 2438 2071 2443 ’

1210 2544 1328 2619 XXII.
1363 2550 1480 2640 Lupis
1501 2570 1612 2642 quem
1631 2550 1928 2642 reprobaverunt
1943 2558 2140 2660 aedifican-

1260 2656 1338 2738 tes,
1362 2644 1494 2742 factns
1508 2661 1564 2722 cst
1579 2654 1621 2724 in
1636 2663 1752 2745 caput
1767 2659 1910 2753 auperti.

1211 2781 1348 2857 XXIII.
1382 2787 1417 2858 Α
1438 2787 1599 2860 Domino
1620 2783 1853 2881 factumest
1879 2796 2007 2889 istud,
2037 2809 2075 2873 et
2092 2808 2140 2895 est

1260 2885 1435 2959 mirabile
1452 2890 1493 2960 tn
1507 2892 1625 2962 ocutis
1640 2898 1791 2966 nostris.

1209 3020 1344 3093 XXIV.
1384 3029 1488 3097 Haec
1514 3035 1573 3098 est
1590 3025 1674 3100 dies
1695 3026 1929 3124 quemfecit
1950 3039 2135 3132 Donrirrs,

1263 3127 1477 3200 eauttemus
1492 3137 1532 3199 ει
1545 3131 1732 3203 laetemur
1749 3136 1791 3204 in
1807 3156 1868 3208 ca.

1211 3259 1326 3331 XXV.
1370 3265 1582 3337 DDomine
1612 3265 1663 3339 da
1690 3271 1874 3362 satutem,
1907 3277 2073 3352 Domine
2095 3278 2131 3351 da

1259 3372 1573 3459 prosperitatem,
1611 3371 1841 3446 Benedictus
1875 3382 1943 3472 qui
1980 3386 2081 3455 vernt
2101 3387 2131 3454 ιε

1262 3471 1412 3541 nomine
1427 3471 1597 3544 Domini.

1209 3600 1343 3674 XXVI.
1378 3602 1652 3678 Benediaimus
1673 3606 1774 3697 uobis
1791 3631 1841 3681 ea
1856 3611 1970 3687 domo
1984 3619 2130 3703 Domini,

1261 3708 1365 3778 Deus
1382 3715 1440 3778 εει
1455 3708 1659 3801 Dominus,
1685 3711 1924 3815 ittuminator
1939 3729 2074 3793 mosten
2112 3762 2115 3767 ·

1187 3935 1190 3941 .
1212 3839 1364 3911 XXVII.
1397 3844 1541 3914 ornate
1558 3838 1703 3936 festum
1718 3841 1944 3945 frondibus,
1972 3852 2131 3952 usquead

1262 3966 1406 4017 cornua
1421 3946 1574 4017 attaris.

1211 4076 1384 4152 XXVIII.
1416 4082 1522 4151 Deus
1537 4102 1646 4153 meus
1659 4105 1701 4155 es
1716 4092 1777 4169 tu,
1804 4095 1844 4158 ει
1856 4089 2055 4188 confitebar·
2066 4089 2130 4182 tibi,

1261 4183 1365 4254 Deus
1378 4204 1484 4255 meus
1497 4182 1670 4257 eaattabo
1686 4195 1736 4258 te.

1211 4315 1346 4389 XXIX.
1385 4317 1619 4419 Confitemini
1640 4323 1801 4395 Domino
1821 4334 2004 4420 quoniam
2024 4331 2130 4420 banus,

1262 4426 1441 4524 quoniam
1456 4425 1680 4497 insecutum
1695 4429 1966 4506 misericordia
1983 4438 2072 4509 eius.

1312 4621 1555 4693 Enarratio
1594 4623 1765 4698 Psalmi
1799 4628 2001 4714 CXVIII.

1261 4755 1503 4853 Hieronymus
1516 4760 1657 4849 scribit,
1676 4760 1842 4853 Iudaeos,
1868 4770 2026 4847 florente
2037 4772 2132 4848 adhoc

1161 4883 1294 4951 regno,
1317 4861 1355 4930 in
1375 4863 1561 4954 synagogis
1584 4865 1709 4934 crebro
1732 4862 1833 4938 hunc·
1852 4868 2039 4949 Psalmum
2059 4875 2139 4950 reci

1160 4976 1271 5048 tasse,
1307 4975 1462 5055 petentes
1497 4959 1658 5037 exhiberi
1685 4964 1876 5058 Messiam,
1909 4999 2027 5072 eoque
2052 4978 2131 5051 Psal·

1159 5088 1258 5135 mum
1289 5065 1396 5134 fuisse
1426 5065 1602 5136 notiorem
1633 5071 1783 5161 populo,
1820 5087 1855 5143 et
1887 5075 1974 5151 inde
2000 5096 2129 5153 sumtum

1160 5189 1233 5236 esse
1257 5166 1469 5236 versiculum
1493 5167 1530 5235 in
1550 5192 1696 5262 pompa,
1721 5196 1800 5242 curn
1818 5177 2043 5271 exciperetur
2056 5183 2129 5254 Irtnt

1159 5266 1379 5352 Nazarenus,
1404 5279 1573 5361 tanquam
1590 5269 1747 5343 Messias.
1799 5273 1971 5354 Christus
1987 5282 2137 5357 etiamad

1160 5392 1197 5440 se
1218 5369 1461 5444 accommodat
1480 5369 1681 5462 Psalmum,
1707 5371 1839 5457 Mattlr.
1851 5380 1916 5460 21.
1931 5388 2052 5478 citans
2067 5406 2126 5457 rer·
