<?xml version="1.0" encoding="UTF-8"?>
<!DOCTYPE html PUBLIC "-//W3C//DTD XHTML 1.0 Transitional//EN"
    "http://www.w3.org/TR/xhtml1/DTD/xhtml1-transitional.dtd">
<html xmlns="http://www.w3.org/1999/xhtml" xml:lang="en" lang="en">
 <head>
  <title>
</title>
<meta http-equiv="Content-Type" content="text/html;charset=utf-8" />
  <meta name='ocr-system' content='tesseract 3.04.00' />
  <meta name='ocr-capabilities' content='ocr_page ocr_carea ocr_par ocr_line ocrx_word'/>
</head>
<body>
  <div class='ocr_page' id='page_1' title='image "./corpusreformato11melagoog_0431.png"; bbox 0 0 4538 5754; ppageno 0'>
   <div class='ocr_carea' id='block_1_1' title="bbox 124 232 2139 339">
    <p class='ocr_par' dir='ltr' id='par_1_1' title="bbox 124 232 2139 339">
     <span class='ocr_line' id='line_1_1' title="bbox 124 232 2139 339; baseline -0.005 -6"><span class='ocrx_word' id='word_1_1' title='bbox 124 232 201 333; x_wconf 81' lang='lat' dir='ltr'>ssa</span> <span class='ocrx_word' id='word_1_2' title='bbox 629 261 642 277; x_wconf 44' lang='lat'>³</span> <span class='ocrx_word' id='word_1_3' title='bbox 715 238 1549 339; x_wconf 68' lang='lat' dir='ltr'>ruunuaseaurauxuuurua</span> <span class='ocrx_word' id='word_1_4' title='bbox 2073 247 2139 323; x_wconf 86' lang='lat' dir='ltr'>aas</span> 
     </span>
    </p>
   </div>
   <div class='ocr_carea' id='block_1_2' title="bbox 16 414 2165 3349">
    <p class='ocr_par' dir='ltr' id='par_1_2' title="bbox 116 414 2139 1024">
     <span class='ocr_line' id='line_1_2' title="bbox 186 414 2139 511; baseline -0.002 -17"><span class='ocrx_word' id='word_1_5' title='bbox 186 429 192 437; x_wconf 83' lang='lat'>&#39;</span> <span class='ocrx_word' id='word_1_6' title='bbox 227 419 409 494; x_wconf 81' lang='lat' dir='ltr'>Hactenus</span> <span class='ocrx_word' id='word_1_7' title='bbox 433 419 589 510; x_wconf 83' lang='lat' dir='ltr'>breviter</span> <span class='ocrx_word' id='word_1_8' title='bbox 611 416 851 511; x_wconf 70' lang='lat' dir='ltr'>percurrimus</span> <span class='ocrx_word' id='word_1_9' title='bbox 870 414 1058 491; x_wconf 76' lang='lat' dir='ltr'>historiam</span> <span class='ocrx_word' id='word_1_10' title='bbox 1076 430 1112 490; x_wconf 88' lang='lat' dir='ltr'>et</span> <span class='ocrx_word' id='word_1_11' title='bbox 1159 440 1235 486; x_wconf 89' lang='lat' dir='ltr'>rem</span> <span class='ocrx_word' id='word_1_12' title='bbox 1257 430 1291 488; x_wconf 93' lang='lat' dir='ltr'>et</span> <span class='ocrx_word' id='word_1_13' title='bbox 1306 415 1535 500; x_wconf 85' lang='lat' dir='ltr'>Pontificem,</span> <span class='ocrx_word' id='word_1_14' title='bbox 1570 430 1605 489; x_wconf 90' lang='lat' dir='ltr'>et</span> <span class='ocrx_word' id='word_1_15' title='bbox 1628 418 1820 511; x_wconf 83' lang='lat' dir='ltr'>cogitemus</span> <span class='ocrx_word' id='word_1_16' title='bbox 1841 443 1923 490; x_wconf 88' lang='lat' dir='ltr'>eum</span> <span class='ocrx_word' id='word_1_17' title='bbox 1950 415 2052 491; x_wconf 91' lang='lat' dir='ltr'>hunc</span> <span class='ocrx_word' id='word_1_18' title='bbox 2076 443 2139 490; x_wconf 83' lang='lat' dir='ltr'>esse</span> 
     </span>
     <span class='ocr_line' id='line_1_3' title="bbox 127 517 2138 617; baseline -0.001 -22"><span class='ocrx_word' id='word_1_19' title='bbox 127 522 474 617; x_wconf 62' lang='lat' dir='ltr'>interpretationem,</span> <span class='ocrx_word' id='word_1_20' title='bbox 509 521 548 590; x_wconf 93' lang='lat' dir='ltr'>iu</span> <span class='ocrx_word' id='word_1_21' title='bbox 578 523 669 615; x_wconf 88' lang='lat' dir='ltr'>qua,</span> <span class='ocrx_word' id='word_1_22' title='bbox 702 533 743 591; x_wconf 93' lang='lat' dir='ltr'>ut</span> <span class='ocrx_word' id='word_1_23' title='bbox 771 532 853 591; x_wconf 89' lang='lat' dir='ltr'>ante</span> <span class='ocrx_word' id='word_1_24' title='bbox 883 520 1018 590; x_wconf 89' lang='lat' dir='ltr'>dictum</span> <span class='ocrx_word' id='word_1_25' title='bbox 1047 531 1111 600; x_wconf 91' lang='lat' dir='ltr'>eat,</span> <span class='ocrx_word' id='word_1_26' title='bbox 1158 517 1350 611; x_wconf 75' lang='lat' dir='ltr'>Lapidem,</span> <span class='ocrx_word' id='word_1_27' title='bbox 1384 520 1446 613; x_wconf 90' lang='lat' dir='ltr'>qui</span> <span class='ocrx_word' id='word_1_28' title='bbox 1469 521 1621 593; x_wconf 79' lang='lat' dir='ltr'>destruit</span> <span class='ocrx_word' id='word_1_29' title='bbox 1648 521 1845 613; x_wconf 83' lang='lat' dir='ltr'>potentiam</span> <span class='ocrx_word' id='word_1_30' title='bbox 1869 523 2025 606; x_wconf 87' lang='lat' dir='ltr'>diaboli,</span> <span class='ocrx_word' id='word_1_31' title='bbox 2059 523 2138 593; x_wconf 73' lang='lat' dir='ltr'>sicat</span> 
     </span>
     <span class='ocr_line' id='line_1_4' title="bbox 127 612 2138 715; baseline -0.001 -19"><span class='ocrx_word' id='word_1_32' title='bbox 127 648 204 696; x_wconf 92' lang='lat' dir='ltr'>non</span> <span class='ocrx_word' id='word_1_33' title='bbox 219 638 357 698; x_wconf 88' lang='lat' dir='ltr'>tautum</span> <span class='ocrx_word' id='word_1_34' title='bbox 375 623 537 715; x_wconf 76' lang='lat' dir='ltr'>politicae</span> <span class='ocrx_word' id='word_1_35' title='bbox 552 620 763 707; x_wconf 86' lang='lat' dir='ltr'>sententiae,</span> <span class='ocrx_word' id='word_1_36' title='bbox 788 623 848 690; x_wconf 90' lang='lat' dir='ltr'>sed</span> <span class='ocrx_word' id='word_1_37' title='bbox 874 621 979 693; x_wconf 85' lang='lat' dir='ltr'>etiam</span> <span class='ocrx_word' id='word_1_38' title='bbox 1001 643 1110 708; x_wconf 68' lang='lat' dir='ltr'>evam</span> <span class='ocrx_word' id='word_1_39' title='bbox 1160 614 1337 689; x_wconf 90' lang='lat' dir='ltr'>lohannes</span> <span class='ocrx_word' id='word_1_40' title='bbox 1356 612 1491 714; x_wconf 79' lang='lat' dir='ltr'>inquit:</span> <span class='ocrx_word' id='word_1_41' title='bbox 1521 621 1565 694; x_wconf 91' lang='lat' dir='ltr'>In</span> <span class='ocrx_word' id='word_1_42' title='bbox 1589 618 1655 693; x_wconf 87' lang='lat' dir='ltr'>hoc</span> <span class='ocrx_word' id='word_1_43' title='bbox 1678 623 1842 714; x_wconf 88' lang='lat' dir='ltr'>apparuit</span> <span class='ocrx_word' id='word_1_44' title='bbox 1859 621 1976 694; x_wconf 83' lang='lat' dir='ltr'>Filius</span> <span class='ocrx_word' id='word_1_45' title='bbox 1990 621 2077 708; x_wconf 88' lang='lat' dir='ltr'>Dei,</span> <span class='ocrx_word' id='word_1_46' title='bbox 2106 636 2138 694; x_wconf 93' lang='lat' dir='ltr'>ut</span> 
     </span>
     <span class='ocr_line' id='line_1_5' title="bbox 127 720 2137 818; baseline 0 -24"><span class='ocrx_word' id='word_1_47' title='bbox 127 726 259 818; x_wconf 81' lang='lat' dir='ltr'>gelicae</span> <span class='ocrx_word' id='word_1_48' title='bbox 272 726 550 797; x_wconf 77' lang='lat' dir='ltr'>considerandae</span> <span class='ocrx_word' id='word_1_49' title='bbox 571 735 673 808; x_wconf 89' lang='lat' dir='ltr'>sunt,</span> <span class='ocrx_word' id='word_1_50' title='bbox 696 736 732 794; x_wconf 93' lang='lat' dir='ltr'>et</span> <span class='ocrx_word' id='word_1_51' title='bbox 749 721 997 812; x_wconf 85' lang='lat' dir='ltr'>cogitandum,</span> <span class='ocrx_word' id='word_1_52' title='bbox 1022 722 1109 816; x_wconf 84' lang='lat' dir='ltr'>quid</span> <span class='ocrx_word' id='word_1_53' title='bbox 1158 722 1317 792; x_wconf 88' lang='lat' dir='ltr'>destruat</span> <span class='ocrx_word' id='word_1_54' title='bbox 1329 745 1438 813; x_wconf 91' lang='lat' dir='ltr'>opera</span> <span class='ocrx_word' id='word_1_55' title='bbox 1451 723 1599 795; x_wconf 88' lang='lat' dir='ltr'>diaboli.</span> <span class='ocrx_word' id='word_1_56' title='bbox 1645 720 1693 795; x_wconf 86' lang='lat' dir='ltr'>Et</span> <span class='ocrx_word' id='word_1_57' title='bbox 1708 725 1977 796; x_wconf 79' lang='lat' dir='ltr'>meminerimus</span> <span class='ocrx_word' id='word_1_58' title='bbox 1992 726 2137 817; x_wconf 89' lang='lat' dir='ltr'>particu-</span> 
     </span>
     <span class='ocr_line' id='line_1_6' title="bbox 128 819 2137 918; baseline -0 -20"><span class='ocrx_word' id='word_1_59' title='bbox 128 822 214 898; x_wconf 88' lang='lat' dir='ltr'>haee</span> <span class='ocrx_word' id='word_1_60' title='bbox 237 823 382 898; x_wconf 89' lang='lat' dir='ltr'>historia</span> <span class='ocrx_word' id='word_1_61' title='bbox 406 827 463 896; x_wconf 85' lang='lat' dir='ltr'>vel</span> <span class='ocrx_word' id='word_1_62' title='bbox 488 824 732 917; x_wconf 87' lang='lat' dir='ltr'>interpretatio</span> <span class='ocrx_word' id='word_1_63' title='bbox 756 846 823 903; x_wconf 86' lang='lat' dir='ltr'>uos</span> <span class='ocrx_word' id='word_1_64' title='bbox 843 824 938 916; x_wconf 91' lang='lat' dir='ltr'>ipsos</span> <span class='ocrx_word' id='word_1_65' title='bbox 953 836 1110 895; x_wconf 86' lang='lat' dir='ltr'>moueat.</span> <span class='ocrx_word' id='word_1_66' title='bbox 1157 822 1215 893; x_wconf 94' lang='lat' dir='ltr'>lae</span> <span class='ocrx_word' id='word_1_67' title='bbox 1230 819 1372 903; x_wconf 85' lang='lat' dir='ltr'>Gratis,</span> <span class='ocrx_word' id='word_1_68' title='bbox 1399 847 1506 918; x_wconf 90' lang='lat' dir='ltr'>quam</span> <span class='ocrx_word' id='word_1_69' title='bbox 1522 825 1597 916; x_wconf 89' lang='lat' dir='ltr'>ipsc</span> <span class='ocrx_word' id='word_1_70' title='bbox 1608 821 1739 896; x_wconf 83' lang='lat' dir='ltr'>Daniel</span> <span class='ocrx_word' id='word_1_71' title='bbox 1758 826 1864 896; x_wconf 93' lang='lat' dir='ltr'>nobis</span> <span class='ocrx_word' id='word_1_72' title='bbox 1879 826 2040 899; x_wconf 84' lang='lat' dir='ltr'>inculcat</span> <span class='ocrx_word' id='word_1_73' title='bbox 2055 826 2137 896; x_wconf 86' lang='lat' dir='ltr'>infra</span> 
     </span>
     <span class='ocr_line' id='line_1_7' title="bbox 116 922 2135 1024; baseline -0 -24"><span class='ocrx_word' id='word_1_74' title='bbox 116 925 353 1020; x_wconf 77' lang='lat' dir='ltr'>,Confirmant</span> <span class='ocrx_word' id='word_1_75' title='bbox 367 940 485 998; x_wconf 89' lang='lat' dir='ltr'>autem</span> <span class='ocrx_word' id='word_1_76' title='bbox 507 948 573 996; x_wconf 92' lang='lat' dir='ltr'>uos</span> <span class='ocrx_word' id='word_1_77' title='bbox 593 924 795 997; x_wconf 89' lang='lat' dir='ltr'>testimonia</span> <span class='ocrx_word' id='word_1_78' title='bbox 812 927 856 995; x_wconf 88' lang='lat' dir='ltr'>dc</span> <span class='ocrx_word' id='word_1_79' title='bbox 872 939 1030 1016; x_wconf 73' lang='lat' dir='ltr'>tqmpore</span> <span class='ocrx_word' id='word_1_80' title='bbox 1044 926 1109 995; x_wconf 90' lang='lat' dir='ltr'>ad·</span> <span class='ocrx_word' id='word_1_81' title='bbox 1158 945 1234 1017; x_wconf 87' lang='lat' dir='ltr'>cap.</span> <span class='ocrx_word' id='word_1_82' title='bbox 1254 924 1307 996; x_wconf 80' lang='lat'>9.:</span> <span class='ocrx_word' id='word_1_83' title='bbox 1341 922 1467 1024; x_wconf 86' lang='lat' dir='ltr'>Neque</span> <span class='ocrx_word' id='word_1_84' title='bbox 1491 927 1587 1023; x_wconf 84' lang='lat' dir='ltr'>euim</span> <span class='ocrx_word' id='word_1_85' title='bbox 1614 926 1654 997; x_wconf 91' lang='lat' dir='ltr'>in</span> <span class='ocrx_word' id='word_1_86' title='bbox 1674 927 1987 1000; x_wconf 81' lang='lat' dir='ltr'>iustificationibus</span> <span class='ocrx_word' id='word_1_87' title='bbox 2016 929 2135 998; x_wconf 84' lang='lat' dir='ltr'>nostris</span> 
     </span>
    </p>

    <p class='ocr_par' dir='ltr' id='par_1_3' title="bbox 51 1021 2135 1325">
     <span class='ocr_line' id='line_1_8' title="bbox 51 1021 2069 1122; baseline 0.004 -28"><span class='ocrx_word' id='word_1_88' title='bbox 51 1091 52 1094; x_wconf 74' lang='grc'>,</span> <span class='ocrx_word' id='word_1_89' title='bbox 125 1045 253 1101; x_wconf 86' lang='lat' dir='ltr'>ventus</span> <span class='ocrx_word' id='word_1_90' title='bbox 267 1026 414 1112; x_wconf 80' lang='lat' dir='ltr'>Christi,</span> <span class='ocrx_word' id='word_1_91' title='bbox 432 1052 512 1100; x_wconf 93' lang='lat' dir='ltr'>cum</span> <span class='ocrx_word' id='word_1_92' title='bbox 525 1027 565 1096; x_wconf 93' lang='lat' dir='ltr'>iu</span> <span class='ocrx_word' id='word_1_93' title='bbox 580 1039 704 1122; x_wconf 88' lang='lat' dir='ltr'>quarta</span> <span class='ocrx_word' id='word_1_94' title='bbox 719 1021 937 1112; x_wconf 90' lang='lat' dir='ltr'>monarchia,</span> <span class='ocrx_word' id='word_1_95' title='bbox 958 1028 1109 1096; x_wconf 86' lang='lat' dir='ltr'>durante</span> <span class='ocrx_word' id='word_1_96' title='bbox 1159 1024 1383 1112; x_wconf 88' lang='lat' dir='ltr'>invocamus,</span> <span class='ocrx_word' id='word_1_97' title='bbox 1409 1028 1470 1097; x_wconf 86' lang='lat' dir='ltr'>scd</span> <span class='ocrx_word' id='word_1_98' title='bbox 1487 1027 1526 1096; x_wconf 89' lang='lat' dir='ltr'>ln</span> <span class='ocrx_word' id='word_1_99' title='bbox 1541 1027 1829 1100; x_wconf 75' lang='lat' dir='ltr'>miserationibus</span> <span class='ocrx_word' id='word_1_100' title='bbox 1843 1030 1915 1099; x_wconf 90' lang='lat' dir='ltr'>tuis</span> <span class='ocrx_word' id='word_1_101' title='bbox 1931 1030 2069 1102; x_wconf 90' lang='lat' dir='ltr'>multis.</span> 
     </span>
     <span class='ocr_line' id='line_1_9' title="bbox 126 1124 2135 1223; baseline -0 -23"><span class='ocrx_word' id='word_1_102' title='bbox 126 1125 243 1201; x_wconf 88' lang='lat' dir='ltr'>adhuc</span> <span class='ocrx_word' id='word_1_103' title='bbox 258 1130 382 1223; x_wconf 89' lang='lat' dir='ltr'>politia</span> <span class='ocrx_word' id='word_1_104' title='bbox 396 1128 566 1214; x_wconf 87' lang='lat' dir='ltr'>Mosaiea,</span> <span class='ocrx_word' id='word_1_105' title='bbox 589 1124 773 1201; x_wconf 83' lang='lat' dir='ltr'>Christum</span> <span class='ocrx_word' id='word_1_106' title='bbox 789 1129 886 1198; x_wconf 87' lang='lat' dir='ltr'>nasci</span> <span class='ocrx_word' id='word_1_107' title='bbox 900 1127 1110 1219; x_wconf 90' lang='lat' dir='ltr'>oportuerit,</span> <span class='ocrx_word' id='word_1_108' title='bbox 1261 1124 1444 1197; x_wconf 89' lang='lat' dir='ltr'>Postremo</span> <span class='ocrx_word' id='word_1_109' title='bbox 1461 1142 1692 1222; x_wconf 87' lang='lat' dir='ltr'>excerpantur</span> <span class='ocrx_word' id='word_1_110' title='bbox 1707 1130 1907 1201; x_wconf 87' lang='lat' dir='ltr'>testimonia</span> <span class='ocrx_word' id='word_1_111' title='bbox 1923 1133 1971 1200; x_wconf 91' lang='lat' dir='ltr'>de</span> <span class='ocrx_word' id='word_1_112' title='bbox 1993 1130 2135 1222; x_wconf 82' lang='lat' dir='ltr'>politicis</span> 
     </span>
     <span class='ocr_line' id='line_1_10' title="bbox 125 1227 2135 1325; baseline -0.001 -22"><span class='ocrx_word' id='word_1_113' title='bbox 125 1240 265 1303; x_wconf 80' lang='lat' dir='ltr'>necesse</span> <span class='ocrx_word' id='word_1_114' title='bbox 281 1235 332 1303; x_wconf 86' lang='lat' dir='ltr'>e&#39;st</span> <span class='ocrx_word' id='word_1_115' title='bbox 345 1230 465 1317; x_wconf 85' lang='lat' dir='ltr'>fateri,</span> <span class='ocrx_word' id='word_1_116' title='bbox 490 1230 586 1325; x_wconf 92' lang='lat' dir='ltr'>quod</span> <span class='ocrx_word' id='word_1_117' title='bbox 605 1230 650 1301; x_wconf 88' lang='lat' dir='ltr'>sit</span> <span class='ocrx_word' id='word_1_118' title='bbox 662 1241 778 1301; x_wconf 91' lang='lat' dir='ltr'>uatus.</span> <span class='ocrx_word' id='word_1_119' title='bbox 1159 1227 1326 1317; x_wconf 82' lang='lat' dir='ltr'>negociis.</span> <span class='ocrx_word' id='word_1_120' title='bbox 1377 1227 1557 1317; x_wconf 88' lang='lat' dir='ltr'>Primum,</span> <span class='ocrx_word' id='word_1_121' title='bbox 1589 1234 1684 1325; x_wconf 92' lang='lat' dir='ltr'>quod</span> <span class='ocrx_word' id='word_1_122' title='bbox 1707 1231 1853 1322; x_wconf 88' lang='lat' dir='ltr'>imperia</span> <span class='ocrx_word' id='word_1_123' title='bbox 1869 1232 2046 1303; x_wconf 89' lang='lat' dir='ltr'>divinitus</span> <span class='ocrx_word' id='word_1_124' title='bbox 2062 1256 2135 1301; x_wconf 90' lang='lat' dir='ltr'>cou-</span> 
     </span>
    </p>

    <p class='ocr_par' dir='ltr' id='par_1_4' title="bbox 16 1327 2165 2848">
     <span class='ocr_line' id='line_1_11' title="bbox 229 1327 2135 1427; baseline -0.001 -23"><span class='ocrx_word' id='word_1_125' title='bbox 229 1333 429 1417; x_wconf 85' lang='lat' dir='ltr'>Praeterea,</span> <span class='ocrx_word' id='word_1_126' title='bbox 454 1332 538 1427; x_wconf 87' lang='lat' dir='ltr'>quia</span> <span class='ocrx_word' id='word_1_127' title='bbox 552 1327 612 1401; x_wconf 88' lang='lat' dir='ltr'>hie</span> <span class='ocrx_word' id='word_1_128' title='bbox 626 1333 671 1401; x_wconf 89' lang='lat' dir='ltr'>de</span> <span class='ocrx_word' id='word_1_129' title='bbox 684 1352 794 1421; x_wconf 87' lang='lat' dir='ltr'>regno</span> <span class='ocrx_word' id='word_1_130' title='bbox 810 1346 954 1404; x_wconf 90' lang='lat' dir='ltr'>aeterno</span> <span class='ocrx_word' id='word_1_131' title='bbox 968 1329 1110 1414; x_wconf 89' lang='lat' dir='ltr'>dicitur,</span> <span class='ocrx_word' id='word_1_132' title='bbox 1159 1328 1370 1414; x_wconf 89' lang='lat' dir='ltr'>stituautur,</span> <span class='ocrx_word' id='word_1_133' title='bbox 1396 1343 1546 1401; x_wconf 86' lang='lat' dir='ltr'>testatur</span> <span class='ocrx_word' id='word_1_134' title='bbox 1568 1327 1628 1406; x_wconf 88' lang='lat' dir='ltr'>bic</span> <span class='ocrx_word' id='word_1_135' title='bbox 1641 1330 1771 1403; x_wconf 82' lang='lat' dir='ltr'>Daniel</span> <span class='ocrx_word' id='word_1_136' title='bbox 1797 1333 1985 1426; x_wconf 89' lang='lat' dir='ltr'>iuquiens,</span> <span class='ocrx_word' id='word_1_137' title='bbox 2009 1332 2065 1405; x_wconf 89' lang='lat' dir='ltr'>Sit</span> <span class='ocrx_word' id='word_1_138' title='bbox 2079 1357 2135 1401; x_wconf 89' lang='lat' dir='ltr'>uu·</span> 
     </span>
     <span class='ocr_line' id='line_1_12' title="bbox 127 1426 2135 1526; baseline -0.001 -19"><span class='ocrx_word' id='word_1_139' title='bbox 127 1433 419 1509; x_wconf 87' lang='lat' dir='ltr'>necesseestdici</span> <span class='ocrx_word' id='word_1_140' title='bbox 436 1436 480 1504; x_wconf 92' lang='lat' dir='ltr'>de</span> <span class='ocrx_word' id='word_1_141' title='bbox 494 1455 598 1504; x_wconf 88' lang='lat' dir='ltr'>eausa</span> <span class='ocrx_word' id='word_1_142' title='bbox 612 1433 776 1504; x_wconf 85' lang='lat' dir='ltr'>abolente</span> <span class='ocrx_word' id='word_1_143' title='bbox 790 1446 953 1506; x_wconf 88' lang='lat' dir='ltr'>mortem.</span> <span class='ocrx_word' id='word_1_144' title='bbox 1009 1433 1111 1519; x_wconf 87' lang='lat' dir='ltr'>Item,</span> <span class='ocrx_word' id='word_1_145' title='bbox 1160 1452 1241 1498; x_wconf 89' lang='lat' dir='ltr'>meu</span> <span class='ocrx_word' id='word_1_146' title='bbox 1256 1426 1323 1500; x_wconf 90' lang='lat' dir='ltr'>Dci</span> <span class='ocrx_word' id='word_1_147' title='bbox 1338 1432 1562 1503; x_wconf 51' lang='lat' dir='ltr'>&amp;aedictum</span> <span class='ocrx_word' id='word_1_148' title='bbox 1579 1446 1646 1505; x_wconf 89' lang='lat' dir='ltr'>etc.</span> <span class='ocrx_word' id='word_1_149' title='bbox 1697 1433 1772 1524; x_wconf 85' lang='lat' dir='ltr'>Qui</span> <span class='ocrx_word' id='word_1_150' title='bbox 1796 1435 1962 1508; x_wconf 79' lang='lat' dir='ltr'>transfert</span> <span class='ocrx_word' id='word_1_151' title='bbox 1980 1447 2135 1526; x_wconf 80' lang='lat' dir='ltr'>regemet</span> 
     </span>
     <span class='ocr_line' id='line_1_13' title="bbox 126 1530 1458 1626; baseline -0.002 -18"><span class='ocrx_word' id='word_1_152' title='bbox 126 1539 172 1608; x_wconf 87' lang='lat' dir='ltr'>de</span> <span class='ocrx_word' id='word_1_153' title='bbox 186 1544 296 1608; x_wconf 87' lang='lat' dir='ltr'>&#39;causa</span> <span class='ocrx_word' id='word_1_154' title='bbox 323 1535 470 1620; x_wconf 89' lang='lat' dir='ltr'>mortis,</span> <span class='ocrx_word' id='word_1_155' title='bbox 495 1537 540 1606; x_wconf 89' lang='lat' dir='ltr'>de</span> <span class='ocrx_word' id='word_1_156' title='bbox 563 1547 722 1626; x_wconf 84' lang='lat' dir='ltr'>peceato,</span> <span class='ocrx_word' id='word_1_157' title='bbox 748 1536 793 1604; x_wconf 88' lang='lat' dir='ltr'>de</span> <span class='ocrx_word' id='word_1_158' title='bbox 813 1532 1110 1626; x_wconf 86' lang='lat' dir='ltr'>promissionibus</span> <span class='ocrx_word' id='word_1_159' title='bbox 1158 1530 1350 1602; x_wconf 81' lang='lat' dir='ltr'>consistere</span> <span class='ocrx_word' id='word_1_160' title='bbox 1364 1532 1458 1606; x_wconf 79' lang='lat' dir='ltr'>iacit·</span> 
     </span>
     <span class='ocr_line' id='line_1_14' title="bbox 124 1630 2135 1727; baseline 0 -19"><span class='ocrx_word' id='word_1_161' title='bbox 124 1638 358 1723; x_wconf 87' lang='lat' dir='ltr'>liberationis,</span> <span class='ocrx_word' id='word_1_162' title='bbox 378 1640 423 1707; x_wconf 91' lang='lat' dir='ltr'>de</span> <span class='ocrx_word' id='word_1_163' title='bbox 434 1631 591 1720; x_wconf 88' lang='lat' dir='ltr'>Christo,</span> <span class='ocrx_word' id='word_1_164' title='bbox 617 1637 661 1705; x_wconf 91' lang='lat' dir='ltr'>de</span> <span class='ocrx_word' id='word_1_165' title='bbox 677 1635 897 1707; x_wconf 89' lang='lat' dir='ltr'>redemtione</span> <span class='ocrx_word' id='word_1_166' title='bbox 911 1649 1032 1706; x_wconf 91' lang='lat' dir='ltr'>nostra</span> <span class='ocrx_word' id='word_1_167' title='bbox 1048 1658 1109 1726; x_wconf 87' lang='lat' dir='ltr'>per</span> <span class='ocrx_word' id='word_1_168' title='bbox 1260 1630 1445 1719; x_wconf 87' lang='lat' dir='ltr'>Secundo,</span> <span class='ocrx_word' id='word_1_169' title='bbox 1471 1636 1566 1727; x_wconf 91' lang='lat' dir='ltr'>quod</span> <span class='ocrx_word' id='word_1_170' title='bbox 1590 1635 1659 1726; x_wconf 89' lang='lat' dir='ltr'>piis</span> <span class='ocrx_word' id='word_1_171' title='bbox 1681 1637 1783 1707; x_wconf 88' lang='lat' dir='ltr'>liceat</span> <span class='ocrx_word' id='word_1_172' title='bbox 1804 1636 2058 1708; x_wconf 88' lang='lat' dir='ltr'>administrare</span> <span class='ocrx_word' id='word_1_173' title='bbox 2078 1637 2135 1708; x_wconf 90' lang='lat' dir='ltr'>im-</span> 
     </span>
     <span class='ocr_line' id='line_1_15' title="bbox 16 1731 2165 1829; baseline -0.002 -18"><span class='ocrx_word' id='word_1_174' title='bbox 16 1762 21 1767; x_wconf 83' lang='lat'>·</span> <span class='ocrx_word' id='word_1_175' title='bbox 126 1740 334 1811; x_wconf 85' lang='lat' dir='ltr'>sacrificium</span> <span class='ocrx_word' id='word_1_176' title='bbox 351 1734 498 1824; x_wconf 88' lang='lat' dir='ltr'>Christi,</span> <span class='ocrx_word' id='word_1_177' title='bbox 522 1739 566 1810; x_wconf 86' lang='lat' dir='ltr'>de</span> <span class='ocrx_word' id='word_1_178' title='bbox 579 1736 835 1807; x_wconf 87' lang='lat' dir='ltr'>resurrectione</span> <span class='ocrx_word' id='word_1_179' title='bbox 849 1750 1086 1809; x_wconf 87' lang='lat' dir='ltr'>mortuorum.</span> <span class='ocrx_word' id='word_1_180' title='bbox 1158 1731 1276 1822; x_wconf 84' lang='lat' dir='ltr'>peria,</span> <span class='ocrx_word' id='word_1_181' title='bbox 1302 1746 1477 1807; x_wconf 88' lang='lat' dir='ltr'>testantur</span> <span class='ocrx_word' id='word_1_182' title='bbox 1494 1731 1553 1806; x_wconf 91' lang='lat' dir='ltr'>bic</span> <span class='ocrx_word' id='word_1_183' title='bbox 1568 1739 1725 1829; x_wconf 80' lang='lat' dir='ltr'>exempla</span> <span class='ocrx_word' id='word_1_184' title='bbox 1741 1736 1914 1818; x_wconf 82' lang='lat' dir='ltr'>Danielis,</span> <span class='ocrx_word' id='word_1_185' title='bbox 1938 1751 1976 1809; x_wconf 90' lang='lat' dir='ltr'>et</span> <span class='ocrx_word' id='word_1_186' title='bbox 1991 1738 2165 1809; x_wconf 79' lang='lat' dir='ltr'>aliorum¹</span> 
     </span>
     <span class='ocr_line' id='line_1_16' title="bbox 227 1832 2134 1933; baseline -0.001 -21"><span class='ocrx_word' id='word_1_187' title='bbox 227 1837 419 1931; x_wconf 81' lang='lat' dir='ltr'>Quomodo</span> <span class='ocrx_word' id='word_1_188' title='bbox 441 1833 763 1929; x_wconf 85' lang='lat' dir='ltr'>autemreguaturi</span> <span class='ocrx_word' id='word_1_189' title='bbox 782 1852 867 1909; x_wconf 88' lang='lat' dir='ltr'>suut</span> <span class='ocrx_word' id='word_1_190' title='bbox 883 1835 1003 1909; x_wconf 81' lang='lat' dir='ltr'>Sancti</span> <span class='ocrx_word' id='word_1_191' title='bbox 1026 1862 1107 1931; x_wconf 91' lang='lat' dir='ltr'>per·</span> <span class='ocrx_word' id='word_1_192' title='bbox 1158 1832 1391 1921; x_wconf 87' lang='lat' dir='ltr'>Sanctorum,</span> <span class='ocrx_word' id='word_1_193' title='bbox 1419 1838 1480 1930; x_wconf 92' lang='lat' dir='ltr'>qui</span> <span class='ocrx_word' id='word_1_194' title='bbox 1504 1838 1734 1928; x_wconf 82' lang='lat' dir='ltr'>praefuerunt</span> <span class='ocrx_word' id='word_1_195' title='bbox 1758 1839 1974 1931; x_wconf 87' lang='lat' dir='ltr'>provinciis,</span> <span class='ocrx_word' id='word_1_196' title='bbox 2008 1853 2047 1912; x_wconf 90' lang='lat' dir='ltr'>et</span> <span class='ocrx_word' id='word_1_197' title='bbox 2067 1838 2134 1933; x_wconf 90' lang='lat' dir='ltr'>qui·</span> 
     </span>
     <span class='ocr_line' id='line_1_17' title="bbox 67 1934 2133 2036; baseline -0.001 -23"><span class='ocrx_word' id='word_1_198' title='bbox 67 1934 78 1951; x_wconf 79' lang='lat'><strong><em>‘</em></strong></span> <span class='ocrx_word' id='word_1_199' title='bbox 125 1954 253 2036; x_wconf 87' lang='lat' dir='ltr'>petuo,</span> <span class='ocrx_word' id='word_1_200' title='bbox 286 1966 367 2013; x_wconf 91' lang='lat' dir='ltr'>cum</span> <span class='ocrx_word' id='word_1_201' title='bbox 390 1939 536 2033; x_wconf 89' lang='lat' dir='ltr'>plurimi</span> <span class='ocrx_word' id='word_1_202' title='bbox 565 1939 637 2010; x_wconf 89' lang='lat' dir='ltr'>siut</span> <span class='ocrx_word' id='word_1_203' title='bbox 657 1940 788 2010; x_wconf 88' lang='lat' dir='ltr'>mortui</span> <span class='ocrx_word' id='word_1_204' title='bbox 816 1952 870 2011; x_wconf 90' lang='lat' dir='ltr'>tot</span> <span class='ocrx_word' id='word_1_205' title='bbox 893 1938 1041 2021; x_wconf 85' lang='lat' dir='ltr'>seculis,</span> <span class='ocrx_word' id='word_1_206' title='bbox 1074 1953 1108 2011; x_wconf 87' lang='lat' dir='ltr'>et</span> <span class='ocrx_word' id='word_1_207' title='bbox 1158 1935 1239 2004; x_wconf 89' lang='lat' dir='ltr'>dem</span> <span class='ocrx_word' id='word_1_208' title='bbox 1261 1937 1429 2007; x_wconf 82' lang='lat' dir='ltr'>dixerunt</span> <span class='ocrx_word' id='word_1_209' title='bbox 1449 1937 1527 2025; x_wconf 92' lang='lat' dir='ltr'>ius,</span> <span class='ocrx_word' id='word_1_210' title='bbox 1549 1960 1625 2010; x_wconf 90' lang='lat' dir='ltr'>nou</span> <span class='ocrx_word' id='word_1_211' title='bbox 1649 1964 1691 2010; x_wconf 85' lang='lat' dir='ltr'>cx</span> <span class='ocrx_word' id='word_1_212' title='bbox 1715 1940 1852 2032; x_wconf 84' lang='lat' dir='ltr'>legibus</span> <span class='ocrx_word' id='word_1_213' title='bbox 1869 1940 2062 2028; x_wconf 87' lang='lat' dir='ltr'>Mosaicis,</span> <span class='ocrx_word' id='word_1_214' title='bbox 2086 1940 2133 2011; x_wconf 85' lang='lat' dir='ltr'>sed</span> 
     </span>
     <span class='ocr_line' id='line_1_18' title="bbox 125 2032 1456 2137; baseline -0.001 -24"><span class='ocrx_word' id='word_1_215' title='bbox 125 2044 293 2137; x_wconf 90' lang='lat' dir='ltr'>deinceps</span> <span class='ocrx_word' id='word_1_216' title='bbox 314 2042 480 2113; x_wconf 90' lang='lat' dir='ltr'>morituri</span> <span class='ocrx_word' id='word_1_217' title='bbox 502 2039 650 2135; x_wconf 90' lang='lat' dir='ltr'>reliqui,</span> <span class='ocrx_word' id='word_1_218' title='bbox 676 2041 747 2111; x_wconf 93' lang='lat' dir='ltr'>nisi</span> <span class='ocrx_word' id='word_1_219' title='bbox 772 2041 981 2128; x_wconf 80' lang='lat' dir='ltr'>resurgant?</span> <span class='ocrx_word' id='word_1_220' title='bbox 1011 2037 1107 2131; x_wconf 84' lang='lat' dir='ltr'>Ergo</span> <span class='ocrx_word' id='word_1_221' title='bbox 1157 2059 1200 2106; x_wconf 83' lang='lat' dir='ltr'>ex</span> <span class='ocrx_word' id='word_1_222' title='bbox 1214 2032 1456 2134; x_wconf 84' lang='lat' dir='ltr'>Babylonicis.</span> 
     </span>
     <span class='ocr_line' id='line_1_19' title="bbox 125 2136 1106 2235; baseline -0.002 -20"><span class='ocrx_word' id='word_1_223' title='bbox 125 2139 186 2216; x_wconf 89' lang='lat' dir='ltr'>hic</span> <span class='ocrx_word' id='word_1_224' title='bbox 208 2145 307 2216; x_wconf 79' lang='lat' dir='ltr'>lours</span> <span class='ocrx_word' id='word_1_225' title='bbox 332 2143 578 2235; x_wconf 85' lang='lat' dir='ltr'>complectitur</span> <span class='ocrx_word' id='word_1_226' title='bbox 603 2140 806 2212; x_wconf 88' lang='lat' dir='ltr'>universam</span> <span class='ocrx_word' id='word_1_227' title='bbox 829 2136 1016 2231; x_wconf 80' lang='lat' dir='ltr'>Evangelii</span> <span class='ocrx_word' id='word_1_228' title='bbox 1041 2145 1106 2213; x_wconf 90' lang='lat' dir='ltr'>do-</span> 
     </span>
     <span class='ocr_line' id='line_1_20' title="bbox 123 2239 1860 2365; baseline -0.001 -48"><span class='ocrx_word' id='word_1_229' title='bbox 123 2245 296 2331; x_wconf 86' lang='lat' dir='ltr'>ctrinam,</span> <span class='ocrx_word' id='word_1_230' title='bbox 326 2247 372 2316; x_wconf 88' lang='lat' dir='ltr'>ad</span> <span class='ocrx_word' id='word_1_231' title='bbox 400 2239 492 2314; x_wconf 91' lang='lat' dir='ltr'>hane</span> <span class='ocrx_word' id='word_1_232' title='bbox 521 2244 788 2348; x_wconf 33' lang='lat' dir='ltr'>respiciendum!</span> <span class='ocrx_word' id='word_1_233' title='bbox 809 2255 880 2329; x_wconf 91' lang='lat' dir='ltr'>est,</span> <span class='ocrx_word' id='word_1_234' title='bbox 912 2267 992 2314; x_wconf 87' lang='lat' dir='ltr'>eum</span> <span class='ocrx_word' id='word_1_235' title='bbox 1021 2239 1107 2315; x_wconf 87' lang='lat' dir='ltr'>haec</span> <span class='ocrx_word' id='word_1_236' title='bbox 1441 2251 1552 2338; x_wconf 67' lang='lat' dir='ltr'>Loci</span> <span class='ocrx_word' id='word_1_237' title='bbox 1577 2253 1654 2338; x_wconf 64' lang='grc' dir='ltr'>ΠΙ,</span> <span class='ocrx_word' id='word_1_238' title='bbox 1680 2250 1860 2365; x_wconf 61' lang='lat' dir='ltr'>capitis,</span> 
     </span>
     <span class='ocr_line' id='line_1_21' title="bbox 122 2344 1680 2435; baseline -0.004 -17"><span class='ocrx_word' id='word_1_239' title='bbox 122 2348 248 2419; x_wconf 90' lang='lat' dir='ltr'>concio</span> <span class='ocrx_word' id='word_1_240' title='bbox 263 2344 424 2417; x_wconf 88' lang='lat' dir='ltr'>Danielis</span> <span class='ocrx_word' id='word_1_241' title='bbox 437 2345 577 2435; x_wconf 89' lang='lat' dir='ltr'>legitur.</span> <span class='ocrx_word' id='word_1_242' title='bbox 1674 2423 1680 2434; x_wconf 46' lang='lat'>,</span> 
     </span>
     <span class='ocr_line' id='line_1_22' title="bbox 228 2434 1660 2536; baseline -0.001 -19"><span class='ocrx_word' id='word_1_243' title='bbox 228 2446 375 2520; x_wconf 90' lang='lat' dir='ltr'>luterim</span> <span class='ocrx_word' id='word_1_244' title='bbox 388 2443 474 2517; x_wconf 89' lang='lat' dir='ltr'>baec</span> <span class='ocrx_word' id='word_1_245' title='bbox 496 2442 683 2536; x_wconf 87' lang='lat' dir='ltr'>praecipue</span> <span class='ocrx_word' id='word_1_246' title='bbox 698 2446 963 2516; x_wconf 90' lang='lat' dir='ltr'>consideremus</span> <span class='ocrx_word' id='word_1_247' title='bbox 978 2447 1022 2517; x_wconf 85' lang='lat' dir='ltr'>dc</span> <span class='ocrx_word' id='word_1_248' title='bbox 1037 2445 1106 2529; x_wconf 78' lang='lat' dir='ltr'>La·</span> <span class='ocrx_word' id='word_1_249' title='bbox 1631 2434 1660 2506; x_wconf 86' lang='lat'>1·</span> 
     </span>
     <span class='ocr_line' id='line_1_23' title="bbox 125 2544 2132 2645; baseline 0.003 -27"><span class='ocrx_word' id='word_1_250' title='bbox 125 2550 210 2642; x_wconf 88' lang='lat' dir='ltr'>pide</span> <span class='ocrx_word' id='word_1_251' title='bbox 222 2548 379 2641; x_wconf 87' lang='lat' dir='ltr'>praeciso</span> <span class='ocrx_word' id='word_1_252' title='bbox 394 2572 412 2616; x_wconf 91' lang='lat' dir='ltr'>a</span> <span class='ocrx_word' id='word_1_253' title='bbox 429 2561 562 2632; x_wconf 87' lang='lat' dir='ltr'>monte,</span> <span class='ocrx_word' id='word_1_254' title='bbox 586 2544 709 2618; x_wconf 89' lang='lat' dir='ltr'>Unum</span> <span class='ocrx_word' id='word_1_255' title='bbox 724 2566 798 2618; x_wconf 89' lang='lat' dir='ltr'>csse</span> <span class='ocrx_word' id='word_1_256' title='bbox 811 2545 1020 2629; x_wconf 90' lang='lat' dir='ltr'>Dominum,</span> <span class='ocrx_word' id='word_1_257' title='bbox 1039 2547 1106 2618; x_wconf 90' lang='lat' dir='ltr'>sci·</span> <span class='ocrx_word' id='word_1_258' title='bbox 1260 2550 1473 2645; x_wconf 83' lang='lat' dir='ltr'>Exemplum</span> <span class='ocrx_word' id='word_1_259' title='bbox 1504 2547 1683 2623; x_wconf 88' lang='lat' dir='ltr'>humanae</span> <span class='ocrx_word' id='word_1_260' title='bbox 1708 2555 1884 2626; x_wconf 80' lang='lat' dir='ltr'>caecititis</span> <span class='ocrx_word' id='word_1_261' title='bbox 1915 2569 1952 2628; x_wconf 90' lang='lat' dir='ltr'>et</span> <span class='ocrx_word' id='word_1_262' title='bbox 1978 2557 2132 2628; x_wconf 86' lang='lat' dir='ltr'>audaciae</span> 
     </span>
     <span class='ocr_line' id='line_1_24' title="bbox 126 2643 2132 2753; baseline 0.004 -33"><span class='ocrx_word' id='word_1_263' title='bbox 126 2651 210 2720; x_wconf 90' lang='lat' dir='ltr'>licet</span> <span class='ocrx_word' id='word_1_264' title='bbox 225 2647 340 2720; x_wconf 88' lang='lat' dir='ltr'>lesum</span> <span class='ocrx_word' id='word_1_265' title='bbox 357 2644 561 2734; x_wconf 91' lang='lat' dir='ltr'>Christum,</span> <span class='ocrx_word' id='word_1_266' title='bbox 586 2647 649 2742; x_wconf 93' lang='lat' dir='ltr'>qui</span> <span class='ocrx_word' id='word_1_267' title='bbox 661 2643 729 2719; x_wconf 89' lang='lat' dir='ltr'>hoc</span> <span class='ocrx_word' id='word_1_268' title='bbox 751 2671 902 2738; x_wconf 85' lang='lat' dir='ltr'>regnum</span> <span class='ocrx_word' id='word_1_269' title='bbox 924 2661 1106 2720; x_wconf 88' lang='lat' dir='ltr'>aeternum</span> <span class='ocrx_word' id='word_1_270' title='bbox 1157 2652 1375 2726; x_wconf 88' lang='lat' dir='ltr'>instituentis</span> <span class='ocrx_word' id='word_1_271' title='bbox 1389 2676 1501 2725; x_wconf 88' lang='lat' dir='ltr'>novos</span> <span class='ocrx_word' id='word_1_272' title='bbox 1518 2657 1635 2727; x_wconf 87' lang='lat' dir='ltr'>cultus</span> <span class='ocrx_word' id='word_1_273' title='bbox 1648 2654 1726 2724; x_wconf 89' lang='lat' dir='ltr'>sinc</span> <span class='ocrx_word' id='word_1_274' title='bbox 1741 2659 1852 2727; x_wconf 86' lang='lat' dir='ltr'>verbo</span> <span class='ocrx_word' id='word_1_275' title='bbox 1867 2652 1959 2744; x_wconf 89' lang='lat' dir='ltr'>Dei,</span> <span class='ocrx_word' id='word_1_276' title='bbox 1984 2682 2076 2753; x_wconf 90' lang='lat' dir='ltr'>quos</span> <span class='ocrx_word' id='word_1_277' title='bbox 2087 2654 2132 2730; x_wconf 85' lang='lat' dir='ltr'>hic</span> 
     </span>
     <span class='ocr_line' id='line_1_25' title="bbox 125 2750 1953 2848; baseline 0.003 -27"><span class='ocrx_word' id='word_1_278' title='bbox 125 2751 263 2837; x_wconf 81' lang='lat' dir='ltr'>inruat,</span> <span class='ocrx_word' id='word_1_279' title='bbox 287 2750 483 2844; x_wconf 71' lang='lat' dir='ltr'>quietata</span> <span class='ocrx_word' id='word_1_280' title='bbox 504 2762 672 2836; x_wconf 89' lang='lat' dir='ltr'>mortem,</span> <span class='ocrx_word' id='word_1_281' title='bbox 698 2750 761 2843; x_wconf 92' lang='lat' dir='ltr'>qui</span> <span class='ocrx_word' id='word_1_282' title='bbox 776 2750 887 2822; x_wconf 80' lang='lat' dir='ltr'>vincit</span> <span class='ocrx_word' id='word_1_283' title='bbox 905 2750 1107 2822; x_wconf 83' lang='lat' dir='ltr'>universam</span> <span class='ocrx_word' id='word_1_284' title='bbox 1158 2758 1315 2828; x_wconf 80' lang='lat' dir='ltr'>ostendit</span> <span class='ocrx_word' id='word_1_285' title='bbox 1333 2780 1369 2828; x_wconf 81' lang='lat' dir='ltr'>se</span> <span class='ocrx_word' id='word_1_286' title='bbox 1385 2752 1484 2828; x_wconf 87' lang='lat' dir='ltr'>Deus</span> <span class='ocrx_word' id='word_1_287' title='bbox 1502 2757 1734 2848; x_wconf 76' lang='lat' dir='ltr'>improbare·</span> <span class='ocrx_word' id='word_1_288' title='bbox 1948 2760 1953 2769; x_wconf 85' lang='lat'>&#39;</span> 
     </span>
    </p>

    <p class='ocr_par' dir='ltr' id='par_1_5' title="bbox 61 2845 1578 2943">
     <span class='ocr_line' id='line_1_26' title="bbox 61 2845 1578 2943; baseline -0.001 -20"><span class='ocrx_word' id='word_1_289' title='bbox 61 2935 65 2941; x_wconf 24' lang='lat'>¹</span> <span class='ocrx_word' id='word_1_290' title='bbox 124 2852 260 2924; x_wconf 89' lang='lat' dir='ltr'>diaboli</span> <span class='ocrx_word' id='word_1_291' title='bbox 285 2867 319 2925; x_wconf 90' lang='lat' dir='ltr'>et</span> <span class='ocrx_word' id='word_1_292' title='bbox 334 2851 461 2924; x_wconf 89' lang='lat' dir='ltr'>mundi</span> <span class='ocrx_word' id='word_1_293' title='bbox 482 2851 688 2943; x_wconf 88' lang='lat' dir='ltr'>potentiam.</span> <span class='ocrx_word' id='word_1_294' title='bbox 738 2850 813 2923; x_wconf 88' lang='lat' dir='ltr'>Nec</span> <span class='ocrx_word' id='word_1_295' title='bbox 828 2852 927 2922; x_wconf 84' lang='lat' dir='ltr'>aliud</span> <span class='ocrx_word' id='word_1_296' title='bbox 943 2847 1002 2922; x_wconf 91' lang='lat' dir='ltr'>bic</span> <span class='ocrx_word' id='word_1_297' title='bbox 1019 2851 1110 2924; x_wconf 89' lang='lat' dir='ltr'>dicit</span> <span class='ocrx_word' id='word_1_298' title='bbox 1160 2917 1165 2921; x_wconf 88' lang='lat'>.</span> <span class='ocrx_word' id='word_1_299' title='bbox 1442 2845 1444 2850; x_wconf 44' lang='lat'><strong><em>⁴</em></strong></span> <span class='ocrx_word' id='word_1_300' title='bbox 1572 2888 1578 2899; x_wconf 83' lang='lat'><strong>·</strong></span> 
     </span>
    </p>

    <p class='ocr_par' dir='ltr' id='par_1_6' title="bbox 124 2906 2087 3046">
     <span class='ocr_line' id='line_1_27' title="bbox 124 2906 2087 3046; baseline -0.001 -22"><span class='ocrx_word' id='word_1_301' title='bbox 124 2950 274 3040; x_wconf 89' lang='lat' dir='ltr'>Daniel,</span> <span class='ocrx_word' id='word_1_302' title='bbox 300 2978 405 3046; x_wconf 89' lang='lat' dir='ltr'>quam</span> <span class='ocrx_word' id='word_1_303' title='bbox 432 2955 528 3046; x_wconf 84' lang='lat' dir='ltr'>quod</span> <span class='ocrx_word' id='word_1_304' title='bbox 554 2965 657 3024; x_wconf 86' lang='lat' dir='ltr'>antea</span> <span class='ocrx_word' id='word_1_305' title='bbox 679 2953 819 3025; x_wconf 81' lang='lat' dir='ltr'>extabat</span> <span class='ocrx_word' id='word_1_306' title='bbox 836 2955 932 3045; x_wconf 89' lang='lat' dir='ltr'>apud</span> <span class='ocrx_word' id='word_1_307' title='bbox 954 2951 1110 3040; x_wconf 80' lang='lat' dir='ltr'>Esaiam,</span> <span class='ocrx_word' id='word_1_308' title='bbox 1373 3024 1383 3044; x_wconf 65' lang='lat'>‚</span> <span class='ocrx_word' id='word_1_309' title='bbox 1514 2959 1517 2964; x_wconf 81' lang='grc'><strong>’</strong></span> <span class='ocrx_word' id='word_1_310' title='bbox 1624 2906 1673 2982; x_wconf 73' lang='lat'>¹¹⁰</span> <span class='ocrx_word' id='word_1_311' title='bbox 2044 3024 2087 3042; x_wconf 84' lang='lat'>..</span> 
     </span>
    </p>

    <p class='ocr_par' dir='ltr' id='par_1_7' title="bbox 123 3017 2131 3250">
     <span class='ocr_line' id='line_1_28' title="bbox 123 3017 2131 3151; baseline -0.003 -24"><span class='ocrx_word' id='word_1_312' title='bbox 123 3056 190 3151; x_wconf 88' lang='lat' dir='ltr'>qui</span> <span class='ocrx_word' id='word_1_313' title='bbox 206 3055 368 3126; x_wconf 86' lang='lat' dir='ltr'>nominat</span> <span class='ocrx_word' id='word_1_314' title='bbox 384 3049 566 3126; x_wconf 91' lang='lat' dir='ltr'>Christum</span> <span class='ocrx_word' id='word_1_315' title='bbox 578 3067 721 3146; x_wconf 89' lang='lat' dir='ltr'>patrem</span> <span class='ocrx_word' id='word_1_316' title='bbox 738 3068 927 3146; x_wconf 87' lang='lat' dir='ltr'>perpetuae</span> <span class='ocrx_word' id='word_1_317' title='bbox 941 3056 1043 3126; x_wconf 88' lang='lat' dir='ltr'>vitae.</span> <span class='ocrx_word' id='word_1_318' title='bbox 1184 3125 1193 3143; x_wconf 69' lang='grc'><em>,</em></span> <span class='ocrx_word' id='word_1_319' title='bbox 1259 3023 1432 3097; x_wconf 69' lang='lat' dir='ltr'>D⁰⁶i¹¹¹¹²</span> <span class='ocrx_word' id='word_1_320' title='bbox 1446 3038 1517 3114; x_wconf 64' lang='lat'>²⁸²2</span> <span class='ocrx_word' id='word_1_321' title='bbox 1542 3030 1640 3122; x_wconf 64' lang='lat'><strong>&lt;1⁰0⁶</strong></span> <span class='ocrx_word' id='word_1_322' title='bbox 1654 3038 1817 3120; x_wconf 58' lang='lat' dir='ltr'>‘&#39;9⁰“eat</span> <span class='ocrx_word' id='word_1_323' title='bbox 1839 3017 2056 3118; x_wconf 58' lang='lat' dir='ltr'>“Piehfflffi</span> <span class='ocrx_word' id='word_1_324' title='bbox 2077 3047 2131 3094; x_wconf 79' lang='lat'>¹¹¹¹·</span> 
     </span>
     <span class='ocr_line' id='line_1_29' title="bbox 225 3127 1382 3250; baseline -0.006 -24"><span class='ocrx_word' id='word_1_325' title='bbox 225 3155 303 3227; x_wconf 86' lang='lat' dir='ltr'>Hae</span> <span class='ocrx_word' id='word_1_326' title='bbox 327 3157 521 3228; x_wconf 88' lang='lat' dir='ltr'>sententiae</span> <span class='ocrx_word' id='word_1_327' title='bbox 545 3177 689 3247; x_wconf 90' lang='lat' dir='ltr'>prorsus</span> <span class='ocrx_word' id='word_1_328' title='bbox 709 3156 805 3225; x_wconf 91' lang='lat' dir='ltr'>idem</span> <span class='ocrx_word' id='word_1_329' title='bbox 834 3157 981 3237; x_wconf 86' lang='lat' dir='ltr'>volunt,</span> <span class='ocrx_word' id='word_1_330' title='bbox 1012 3154 1109 3250; x_wconf 90' lang='lat' dir='ltr'>quod</span> <span class='ocrx_word' id='word_1_331' title='bbox 1157 3146 1237 3219; x_wconf 76' lang='lat' dir='ltr'><strong>P¹⁰⁸</strong></span> <span class='ocrx_word' id='word_1_332' title='bbox 1254 3127 1382 3201; x_wconf 58' lang='lat' dir='ltr'>tulin&amp;</span> 
     </span>
    </p>

    <p class='ocr_par' dir='ltr' id='par_1_8' title="bbox 124 3249 1686 3349">
     <span class='ocr_line' id='line_1_30' title="bbox 124 3249 1686 3349; baseline 0.001 -21"><span class='ocrx_word' id='word_1_333' title='bbox 124 3259 228 3329; x_wconf 92' lang='lat' dir='ltr'>toties</span> <span class='ocrx_word' id='word_1_334' title='bbox 243 3258 371 3349; x_wconf 86' lang='lat' dir='ltr'>repetit</span> <span class='ocrx_word' id='word_1_335' title='bbox 383 3255 638 3345; x_wconf 83' lang='lat' dir='ltr'>Evangelium,</span> <span class='ocrx_word' id='word_1_336' title='bbox 664 3251 744 3327; x_wconf 87' lang='lat' dir='ltr'>lob.</span> <span class='ocrx_word' id='word_1_337' title='bbox 764 3257 816 3330; x_wconf 63' lang='lat' dir='ltr'>h:</span> <span class='ocrx_word' id='word_1_338' title='bbox 854 3249 926 3345; x_wconf 84' lang='lat' dir='ltr'>Qui</span> <span class='ocrx_word' id='word_1_339' title='bbox 942 3258 1054 3328; x_wconf 90' lang='lat' dir='ltr'>eredit</span> <span class='ocrx_word' id='word_1_340' title='bbox 1069 3259 1108 3327; x_wconf 89' lang='lat' dir='ltr'>iu</span> <span class='ocrx_word' id='word_1_341' title='bbox 1619 3255 1686 3333; x_wconf 86' lang='lat' dir='ltr'>lli.</span> 
     </span>
    </p>
   </div>
   <div class='ocr_carea' id='block_1_3' title="bbox 123 3355 2165 3591">
    <p class='ocr_par' dir='ltr' id='par_1_9' title="bbox 123 3355 2165 3591">
     <span class='ocr_line' id='line_1_31' title="bbox 123 3355 2129 3469; baseline 0.003 -30"><span class='ocrx_word' id='word_1_342' title='bbox 123 3357 278 3438; x_wconf 68' lang='lat' dir='ltr'>Filium,</span> <span class='ocrx_word' id='word_1_343' title='bbox 305 3355 539 3465; x_wconf 21' lang='lat' dir='ltr'>bssbellvifflffl</span> <span class='ocrx_word' id='word_1_344' title='bbox 563 3370 752 3428; x_wconf 58' lang='lat' dir='ltr'><strong>mmm·</strong></span> <span class='ocrx_word' id='word_1_345' title='bbox 808 3355 882 3446; x_wconf 70' lang='lat' dir='ltr'>Qlfi</span> <span class='ocrx_word' id='word_1_346' title='bbox 899 3371 1016 3429; x_wconf 69' lang='lat' dir='ltr'>³¹¹i0¹¹¹</span> <span class='ocrx_word' id='word_1_347' title='bbox 1035 3383 1108 3429; x_wconf 79' lang='lat'><strong>⁰⁰¹¹</strong></span> <span class='ocrx_word' id='word_1_348' title='bbox 1262 3376 1370 3466; x_wconf 84' lang='lat' dir='ltr'>Quod</span> <span class='ocrx_word' id='word_1_349' title='bbox 1381 3377 1756 3469; x_wconf 86' lang='lat' dir='ltr'>oporteatmaudatum</span> <span class='ocrx_word' id='word_1_350' title='bbox 1765 3373 2018 3447; x_wconf 82' lang='lat' dir='ltr'>Deiantelerre</span> <span class='ocrx_word' id='word_1_351' title='bbox 2028 3377 2129 3449; x_wconf 89' lang='lat' dir='ltr'>omui·</span> 
     </span>
     <span class='ocr_line' id='line_1_32' title="bbox 123 3457 2165 3591; baseline 0.003 -50"><span class='ocrx_word' id='word_1_352' title='bbox 123 3459 237 3529; x_wconf 61' lang='lat' dir='ltr'>credi!</span> <span class='ocrx_word' id='word_1_353' title='bbox 253 3459 290 3527; x_wconf 70' lang='lat'>3¹¹</span> <span class='ocrx_word' id='word_1_354' title='bbox 307 3457 459 3543; x_wconf 55' lang='lat' dir='ltr'>fllium,</span> <span class='ocrx_word' id='word_1_355' title='bbox 484 3480 558 3528; x_wconf 78' lang='lat'><strong>⁰⁰¹¹</strong></span> <span class='ocrx_word' id='word_1_356' title='bbox 581 3457 718 3528; x_wconf 57' lang='lat' dir='ltr'>Videbit</span> <span class='ocrx_word' id='word_1_357' title='bbox 739 3457 866 3544; x_wconf 57' lang='lat' dir='ltr'>Vltima</span> <span class='ocrx_word' id='word_1_358' title='bbox 890 3461 949 3529; x_wconf 61' lang='lat' dir='ltr'>‘ed</span> <span class='ocrx_word' id='word_1_359' title='bbox 973 3460 1025 3531; x_wconf 64' lang='lat'>5¹³</span> <span class='ocrx_word' id='word_1_360' title='bbox 1041 3458 1109 3551; x_wconf 57' lang='lat' dir='ltr'>Dei</span> <span class='ocrx_word' id='word_1_361' title='bbox 1159 3481 1226 3552; x_wconf 88' lang='lat' dir='ltr'>bus</span> <span class='ocrx_word' id='word_1_362' title='bbox 1249 3482 1357 3551; x_wconf 90' lang='lat' dir='ltr'>rebus</span> <span class='ocrx_word' id='word_1_363' title='bbox 1377 3475 1563 3564; x_wconf 88' lang='lat' dir='ltr'>humanis,</span> <span class='ocrx_word' id='word_1_364' title='bbox 1595 3479 1778 3569; x_wconf 87' lang='lat' dir='ltr'>potestati,</span> <span class='ocrx_word' id='word_1_365' title='bbox 1809 3478 1946 3568; x_wconf 88' lang='lat' dir='ltr'>legibus</span> <span class='ocrx_word' id='word_1_366' title='bbox 1969 3473 2129 3563; x_wconf 87' lang='lat' dir='ltr'>humanis,</span> <span class='ocrx_word' id='word_1_367' title='bbox 2159 3526 2165 3591; x_wconf 44' lang='grc' dir='ltr'><em>Ξ</em></span> 
     </span>
    </p>
   </div>
   <div class='ocr_carea' id='block_1_4' title="bbox 125 3560 2165 3802">
    <p class='ocr_par' dir='ltr' id='par_1_10' title="bbox 125 3560 2165 3802">
     <span class='ocr_line' id='line_1_33' title="bbox 125 3560 2160 3677; baseline 0.006 -37"><span class='ocrx_word' id='word_1_368' title='bbox 125 3560 283 3630; x_wconf 62' lang='lat' dir='ltr'>manebil</span> <span class='ocrx_word' id='word_1_369' title='bbox 296 3582 404 3651; x_wconf 65' lang='lat'><strong>⁸⁰9²?</strong></span> <span class='ocrx_word' id='word_1_370' title='bbox 418 3583 510 3630; x_wconf 71' lang='lat'><strong>⁰⁰¹⁰·</strong></span> <span class='ocrx_word' id='word_1_371' title='bbox 1147 3581 1255 3677; x_wconf 91' lang='lat' dir='ltr'>paci,</span> <span class='ocrx_word' id='word_1_372' title='bbox 1280 3580 1530 3674; x_wconf 80' lang='lat' dir='ltr'>tranquillitati</span> <span class='ocrx_word' id='word_1_373' title='bbox 1547 3578 1639 3649; x_wconf 88' lang='lat' dir='ltr'>vitae</span> <span class='ocrx_word' id='word_1_374' title='bbox 1655 3594 1808 3652; x_wconf 87' lang='lat' dir='ltr'>nostrae.</span> <span class='ocrx_word' id='word_1_375' title='bbox 2157 3640 2160 3645; x_wconf 94' lang='lat'>.</span> 
     </span>
     <span class='ocr_line' id='line_1_34' title="bbox 215 3657 2165 3802; baseline 0.006 -71"><span class='ocrx_word' id='word_1_376' title='bbox 215 3658 277 3731; x_wconf 87' lang='lat' dir='ltr'>-Et</span> <span class='ocrx_word' id='word_1_377' title='bbox 292 3684 413 3733; x_wconf 88' lang='lat' dir='ltr'>rursus</span> <span class='ocrx_word' id='word_1_378' title='bbox 429 3657 554 3734; x_wconf 85' lang='lat' dir='ltr'>luban.</span> <span class='ocrx_word' id='word_1_379' title='bbox 573 3660 651 3735; x_wconf 69' lang='lat' dir='ltr'>tt:</span> <span class='ocrx_word' id='word_1_380' title='bbox 684 3659 781 3732; x_wconf 88' lang='lat' dir='ltr'>Haec</span> <span class='ocrx_word' id='word_1_381' title='bbox 795 3673 848 3734; x_wconf 89' lang='lat' dir='ltr'>est</span> <span class='ocrx_word' id='word_1_382' title='bbox 863 3662 936 3733; x_wconf 86' lang='lat' dir='ltr'>vita</span> <span class='ocrx_word' id='word_1_383' title='bbox 956 3677 1109 3748; x_wconf 88' lang='lat' dir='ltr'>aeterna,</span> <span class='ocrx_word' id='word_1_384' title='bbox 1607 3728 1693 3802; x_wconf 43' lang='lat' dir='ltr'>UH·</span> <span class='ocrx_word' id='word_1_385' title='bbox 2159 3700 2165 3755; x_wconf 59' lang='lat'>1·</span> 
     </span>
    </p>
   </div>
   <div class='ocr_carea' id='block_1_5' title="bbox 125 3760 2126 3942">
    <p class='ocr_par' dir='ltr' id='par_1_11' title="bbox 125 3760 2126 3942">
     <span class='ocr_line' id='line_1_35' title="bbox 125 3760 1999 3859; baseline -0.004 -26"><span class='ocrx_word' id='word_1_386' title='bbox 125 3775 166 3833; x_wconf 93' lang='lat' dir='ltr'>ut</span> <span class='ocrx_word' id='word_1_387' title='bbox 180 3775 372 3851; x_wconf 87' lang='lat' dir='ltr'>agnoscant</span> <span class='ocrx_word' id='word_1_388' title='bbox 385 3776 420 3835; x_wconf 93' lang='lat' dir='ltr'>te</span> <span class='ocrx_word' id='word_1_389' title='bbox 440 3763 555 3835; x_wconf 90' lang='lat' dir='ltr'>solum</span> <span class='ocrx_word' id='word_1_390' title='bbox 571 3787 695 3834; x_wconf 78' lang='lat' dir='ltr'>acrum</span> <span class='ocrx_word' id='word_1_391' title='bbox 707 3760 844 3846; x_wconf 89' lang='lat' dir='ltr'>Deum,</span> <span class='ocrx_word' id='word_1_392' title='bbox 871 3777 1024 3859; x_wconf 82' lang='lat' dir='ltr'>atquem</span> <span class='ocrx_word' id='word_1_393' title='bbox 1040 3765 1108 3834; x_wconf 91' lang='lat' dir='ltr'>mi·</span> <span class='ocrx_word' id='word_1_394' title='bbox 1988 3824 1999 3849; x_wconf 62' lang='grc'>,</span> 
     </span>
     <span class='ocr_line' id='line_1_36' title="bbox 125 3843 2126 3942; baseline -0.008 -10"><span class='ocrx_word' id='word_1_395' title='bbox 125 3863 202 3935; x_wconf 85' lang='lat' dir='ltr'>sisti</span> <span class='ocrx_word' id='word_1_396' title='bbox 219 3863 335 3935; x_wconf 85' lang='lat' dir='ltr'>lesum</span> <span class='ocrx_word' id='word_1_397' title='bbox 349 3860 546 3940; x_wconf 81' lang='lat' dir='ltr'>Christum.</span> <span class='ocrx_word' id='word_1_398' title='bbox 1258 3844 1485 3942; x_wconf 88' lang='lat' dir='ltr'>Blasphemia</span> <span class='ocrx_word' id='word_1_399' title='bbox 1509 3849 1694 3918; x_wconf 81' lang='lat' dir='ltr'>refutanda</span> <span class='ocrx_word' id='word_1_400' title='bbox 1716 3862 1786 3935; x_wconf 90' lang='lat' dir='ltr'>est,</span> <span class='ocrx_word' id='word_1_401' title='bbox 1819 3865 1859 3922; x_wconf 91' lang='lat' dir='ltr'>ut</span> <span class='ocrx_word' id='word_1_402' title='bbox 1886 3843 1947 3920; x_wconf 91' lang='lat' dir='ltr'>hie</span> <span class='ocrx_word' id='word_1_403' title='bbox 1971 3851 2126 3937; x_wconf 79' lang='lat' dir='ltr'>refutatur</span> 
     </span>
    </p>
   </div>
   <div class='ocr_carea' id='block_1_6' title="bbox 125 3941 2165 4363">
    <p class='ocr_par' dir='ltr' id='par_1_12' title="bbox 125 3941 2165 4363">
     <span class='ocr_line' id='line_1_37' title="bbox 228 3941 2165 4055; baseline -0.002 -30"><span class='ocrx_word' id='word_1_404' title='bbox 228 3966 289 4038; x_wconf 81' lang='lat' dir='ltr'>Sic</span> <span class='ocrx_word' id='word_1_405' title='bbox 310 3967 531 4055; x_wconf 71' lang='lat' dir='ltr'>ergoincoat</span> <span class='ocrx_word' id='word_1_406' title='bbox 545 3966 655 4038; x_wconf 72' lang='lat' dir='ltr'>vitam</span> <span class='ocrx_word' id='word_1_407' title='bbox 674 3981 869 4052; x_wconf 68' lang='lat' dir='ltr'>aeternam,</span> <span class='ocrx_word' id='word_1_408' title='bbox 893 3990 972 4036; x_wconf 79' lang='lat' dir='ltr'>cum</span> <span class='ocrx_word' id='word_1_409' title='bbox 995 3969 1109 4039; x_wconf 75' lang='lat' dir='ltr'>credi.</span> <span class='ocrx_word' id='word_1_410' title='bbox 1158 3953 1292 4024; x_wconf 85' lang='lat' dir='ltr'>dictum</span> <span class='ocrx_word' id='word_1_411' title='bbox 1307 3941 1534 4044; x_wconf 73' lang='lat' dir='ltr'>regl83=Qui8</span> <span class='ocrx_word' id='word_1_412' title='bbox 1547 3947 1644 4021; x_wconf 64' lang='lat' dir='ltr'>Deus</span> <span class='ocrx_word' id='word_1_413' title='bbox 1659 3963 1775 4041; x_wconf 70' lang='lat' dir='ltr'>polest</span> <span class='ocrx_word' id='word_1_414' title='bbox 1789 3976 1851 4022; x_wconf 81' lang='lat' dir='ltr'>vos</span> <span class='ocrx_word' id='word_1_415' title='bbox 1867 3951 2043 4024; x_wconf 61' lang='lat' dir='ltr'>liberare?</span> <span class='ocrx_word' id='word_1_416' title='bbox 2161 4034 2165 4041; x_wconf 34' lang='grc' dir='ltr'>Ι</span> 
     </span>
     <span class='ocr_line' id='line_1_38' title="bbox 125 4061 1669 4170; baseline 0.001 -32"><span class='ocrx_word' id='word_1_417' title='bbox 125 4061 206 4142; x_wconf 88' lang='lat' dir='ltr'>auus</span> <span class='ocrx_word' id='word_1_418' title='bbox 221 4064 317 4139; x_wconf 90' lang='lat' dir='ltr'>hunc</span> <span class='ocrx_word' id='word_1_419' title='bbox 330 4067 501 4161; x_wconf 88' lang='lat' dir='ltr'>Lapidem</span> <span class='ocrx_word' id='word_1_420' title='bbox 517 4071 640 4139; x_wconf 89' lang='lat' dir='ltr'>datum</span> <span class='ocrx_word' id='word_1_421' title='bbox 655 4091 747 4154; x_wconf 90' lang='lat' dir='ltr'>esse,</span> <span class='ocrx_word' id='word_1_422' title='bbox 772 4081 813 4138; x_wconf 89' lang='lat' dir='ltr'>ut</span> <span class='ocrx_word' id='word_1_423' title='bbox 827 4067 967 4139; x_wconf 89' lang='lat' dir='ltr'>aboleat</span> <span class='ocrx_word' id='word_1_424' title='bbox 988 4093 1107 4160; x_wconf 89' lang='lat' dir='ltr'>pecca-</span> <span class='ocrx_word' id='word_1_425' title='bbox 1623 4101 1669 4170; x_wconf 47' lang='lat' dir='ltr'>v·</span> 
     </span>
     <span class='ocr_line' id='line_1_39' title="bbox 126 4167 1106 4261; baseline -0.002 -19"><span class='ocrx_word' id='word_1_426' title='bbox 126 4183 201 4242; x_wconf 93' lang='lat' dir='ltr'>tum</span> <span class='ocrx_word' id='word_1_427' title='bbox 225 4186 260 4241; x_wconf 90' lang='lat' dir='ltr'>et</span> <span class='ocrx_word' id='word_1_428' title='bbox 282 4183 454 4256; x_wconf 90' lang='lat' dir='ltr'>mortem,</span> <span class='ocrx_word' id='word_1_429' title='bbox 485 4183 520 4243; x_wconf 90' lang='lat' dir='ltr'>et</span> <span class='ocrx_word' id='word_1_430' title='bbox 542 4170 720 4240; x_wconf 88' lang='lat' dir='ltr'>credimus</span> <span class='ocrx_word' id='word_1_431' title='bbox 739 4167 845 4240; x_wconf 89' lang='lat' dir='ltr'>uobis</span> <span class='ocrx_word' id='word_1_432' title='bbox 867 4184 1013 4261; x_wconf 91' lang='lat' dir='ltr'>propter</span> <span class='ocrx_word' id='word_1_433' title='bbox 1029 4195 1106 4240; x_wconf 90' lang='lat' dir='ltr'>eum</span> 
     </span>
     <span class='ocr_line' id='line_1_40' title="bbox 126 4268 1185 4363; baseline 0.004 -21"><span class='ocrx_word' id='word_1_434' title='bbox 126 4273 254 4343; x_wconf 91' lang='lat' dir='ltr'>donari</span> <span class='ocrx_word' id='word_1_435' title='bbox 285 4268 527 4344; x_wconf 87' lang='lat' dir='ltr'>remissionem</span> <span class='ocrx_word' id='word_1_436' title='bbox 559 4283 780 4363; x_wconf 86' lang='lat' dir='ltr'>pcccatorum</span> <span class='ocrx_word' id='word_1_437' title='bbox 809 4284 843 4343; x_wconf 93' lang='lat' dir='ltr'>et</span> <span class='ocrx_word' id='word_1_438' title='bbox 864 4271 974 4340; x_wconf 86' lang='lat' dir='ltr'>vitam</span> <span class='ocrx_word' id='word_1_439' title='bbox 998 4286 1109 4343; x_wconf 87' lang='lat' dir='ltr'>aeter·</span> <span class='ocrx_word' id='word_1_440' title='bbox 1174 4326 1185 4346; x_wconf 90' lang='lat'><strong>.</strong></span> 
     </span>
    </p>
   </div>
   <div class='ocr_carea' id='block_1_7' title="bbox 1158 4182 2165 4619">
    <p class='ocr_par' dir='ltr' id='par_1_13' title="bbox 1158 4182 2165 4515">
     <span class='ocr_line' id='line_1_41' title="bbox 1257 4182 2165 4313; baseline 0 -19"><span class='ocrx_word' id='word_1_441' title='bbox 1257 4222 1385 4313; x_wconf 89' lang='lat' dir='ltr'>Qualis</span> <span class='ocrx_word' id='word_1_442' title='bbox 1408 4223 1533 4292; x_wconf 88' lang='lat' dir='ltr'>debeat</span> <span class='ocrx_word' id='word_1_443' title='bbox 1554 4243 1627 4291; x_wconf 91' lang='lat' dir='ltr'>esse</span> <span class='ocrx_word' id='word_1_444' title='bbox 1648 4220 1735 4289; x_wconf 86' lang='lat' dir='ltr'>fides</span> <span class='ocrx_word' id='word_1_445' title='bbox 1750 4221 1795 4288; x_wconf 88' lang='lat' dir='ltr'>de</span> <span class='ocrx_word' id='word_1_446' title='bbox 1819 4224 1996 4312; x_wconf 87' lang='lat' dir='ltr'>corporali</span> <span class='ocrx_word' id='word_1_447' title='bbox 2013 4224 2126 4293; x_wconf 86' lang='lat' dir='ltr'>libera·</span> <span class='ocrx_word' id='word_1_448' title='bbox 2149 4182 2165 4293; x_wconf 71' lang='lat' dir='ltr'>i</span> 
     </span>
     <span class='ocr_line' id='line_1_42' title="bbox 1158 4300 2165 4501; baseline -0.01 -102"><span class='ocrx_word' id='word_1_449' title='bbox 1158 4342 1275 4413; x_wconf 77' lang='lat' dir='ltr'>tione,</span> <span class='ocrx_word' id='word_1_450' title='bbox 1307 4325 1473 4396; x_wconf 88' lang='lat' dir='ltr'>videlicet</span> <span class='ocrx_word' id='word_1_451' title='bbox 1497 4347 1578 4394; x_wconf 92' lang='lat' dir='ltr'>cum</span> <span class='ocrx_word' id='word_1_452' title='bbox 1606 4321 1831 4404; x_wconf 88' lang='lat' dir='ltr'>conditione,</span> <span class='ocrx_word' id='word_1_453' title='bbox 1863 4323 1894 4391; x_wconf 90' lang='lat' dir='ltr'>si</span> <span class='ocrx_word' id='word_1_454' title='bbox 1913 4320 1993 4394; x_wconf 93' lang='lat' dir='ltr'>Deo</span> <span class='ocrx_word' id='word_1_455' title='bbox 2020 4300 2165 4501; x_wconf 49' lang='lat' dir='ltr'>placetp</span> 
     </span>
     <span class='ocr_line' id='line_1_43' title="bbox 1158 4421 2127 4515; baseline -0.009 -14"><span class='ocrx_word' id='word_1_456' title='bbox 1158 4425 1206 4501; x_wconf 88' lang='lat' dir='ltr'>Et</span> <span class='ocrx_word' id='word_1_457' title='bbox 1237 4430 1283 4498; x_wconf 89' lang='lat' dir='ltr'>de</span> <span class='ocrx_word' id='word_1_458' title='bbox 1312 4425 1517 4501; x_wconf 88' lang='lat' dir='ltr'>discrimine</span> <span class='ocrx_word' id='word_1_459' title='bbox 1546 4422 1844 4515; x_wconf 68' lang='lat' dir='ltr'>promissimum,</span> <span class='ocrx_word' id='word_1_460' title='bbox 1880 4421 1987 4495; x_wconf 85' lang='lat' dir='ltr'>Aliae</span> <span class='ocrx_word' id='word_1_461' title='bbox 2010 4422 2127 4498; x_wconf 86' lang='lat' dir='ltr'>habent</span> 
     </span>
    </p>

    <p class='ocr_par' dir='ltr' id='par_1_14' title="bbox 1159 4504 2165 4619">
     <span class='ocr_line' id='line_1_44' title="bbox 1159 4504 2165 4619; baseline -0.01 -17"><span class='ocrx_word' id='word_1_462' title='bbox 1159 4529 1419 4610; x_wconf 88' lang='lat' dir='ltr'>conditionem,</span> <span class='ocrx_word' id='word_1_463' title='bbox 1446 4525 1536 4597; x_wconf 88' lang='lat' dir='ltr'>aliae</span> <span class='ocrx_word' id='word_1_464' title='bbox 1552 4549 1625 4595; x_wconf 89' lang='lat' dir='ltr'>uon</span> <span class='ocrx_word' id='word_1_465' title='bbox 1642 4517 1789 4598; x_wconf 76' lang='lat' dir='ltr'>hattenc</span> <span class='ocrx_word' id='word_1_466' title='bbox 2156 4504 2165 4619; x_wconf 63' lang='lat' dir='ltr'>l</span> 
     </span>
    </p>
   </div>
   <div class='ocr_carea' id='block_1_8' title="bbox 102 4367 2141 5482">
    <p class='ocr_par' dir='ltr' id='par_1_15' title="bbox 102 4367 2141 5482">
     <span class='ocr_line' id='line_1_45' title="bbox 126 4367 1109 4467; baseline 0 -25"><span class='ocrx_word' id='word_1_467' title='bbox 126 4397 223 4446; x_wconf 86' lang='lat' dir='ltr'>nam.</span> <span class='ocrx_word' id='word_1_468' title='bbox 274 4371 370 4444; x_wconf 89' lang='lat' dir='ltr'>Haec</span> <span class='ocrx_word' id='word_1_469' title='bbox 391 4376 435 4444; x_wconf 92' lang='lat' dir='ltr'>de</span> <span class='ocrx_word' id='word_1_470' title='bbox 449 4373 584 4464; x_wconf 89' lang='lat' dir='ltr'>Lapide</span> <span class='ocrx_word' id='word_1_471' title='bbox 599 4367 667 4467; x_wconf 85' lang='lat' dir='ltr'>hoc</span> <span class='ocrx_word' id='word_1_472' title='bbox 688 4373 767 4442; x_wconf 93' lang='lat' dir='ltr'>loco</span> <span class='ocrx_word' id='word_1_473' title='bbox 782 4371 969 4465; x_wconf 91' lang='lat' dir='ltr'>praecipue</span> <span class='ocrx_word' id='word_1_474' title='bbox 993 4374 1109 4443; x_wconf 88' lang='lat' dir='ltr'>consi-</span> 
     </span>
     <span class='ocr_line' id='line_1_46' title="bbox 102 4473 981 4571; baseline -0.001 -27"><span class='ocrx_word' id='word_1_475' title='bbox 102 4540 103 4544; x_wconf 63' lang='lat'>,</span> <span class='ocrx_word' id='word_1_476' title='bbox 127 4476 313 4559; x_wconf 75' lang='lat' dir='ltr'>derantur,</span> <span class='ocrx_word' id='word_1_477' title='bbox 339 4477 518 4571; x_wconf 89' lang='lat' dir='ltr'>quomodo</span> <span class='ocrx_word' id='word_1_478' title='bbox 534 4476 653 4545; x_wconf 83' lang='lat' dir='ltr'>inco&#39;e‘t</span> <span class='ocrx_word' id='word_1_479' title='bbox 669 4473 776 4544; x_wconf 89' lang='lat' dir='ltr'>vitam</span> <span class='ocrx_word' id='word_1_480' title='bbox 793 4487 981 4569; x_wconf 82' lang='lat' dir='ltr'>aeternam.</span> 
     </span>
     <span class='ocr_line' id='line_1_47' title="bbox 159 4571 1617 4667; baseline -0.005 -20"><span class='ocrx_word' id='word_1_481' title='bbox 159 4571 161 4575; x_wconf 67' lang='grc'><strong>’</strong></span> <span class='ocrx_word' id='word_1_482' title='bbox 230 4573 280 4647; x_wconf 89' lang='lat' dir='ltr'>Et</span> <span class='ocrx_word' id='word_1_483' title='bbox 299 4577 487 4667; x_wconf 78' lang='lat' dir='ltr'>diligenter</span> <span class='ocrx_word' id='word_1_484' title='bbox 506 4573 716 4648; x_wconf 88' lang='lat' dir='ltr'>observetur</span> <span class='ocrx_word' id='word_1_485' title='bbox 734 4574 775 4646; x_wconf 89' lang='lat' dir='ltr'>in</span> <span class='ocrx_word' id='word_1_486' title='bbox 790 4576 949 4645; x_wconf 88' lang='lat' dir='ltr'>doctrina</span> <span class='ocrx_word' id='word_1_487' title='bbox 965 4577 1010 4644; x_wconf 91' lang='lat' dir='ltr'>de</span> <span class='ocrx_word' id='word_1_488' title='bbox 1030 4575 1110 4660; x_wconf 88' lang='lat' dir='ltr'>lide,</span> <span class='ocrx_word' id='word_1_489' title='bbox 1606 4647 1617 4655; x_wconf 33' lang='lat'><strong>⁴</strong></span> 
     </span>
     <span class='ocr_line' id='line_1_48' title="bbox 127 4660 1679 4769; baseline 0.002 -23"><span class='ocrx_word' id='word_1_490' title='bbox 127 4677 300 4769; x_wconf 88' lang='lat' dir='ltr'>particula</span> <span class='ocrx_word' id='word_1_491' title='bbox 336 4677 476 4768; x_wconf 88' lang='lat' dir='ltr'>Gratis,</span> <span class='ocrx_word' id='word_1_492' title='bbox 509 4679 600 4749; x_wconf 89' lang='lat' dir='ltr'>sieut</span> <span class='ocrx_word' id='word_1_493' title='bbox 633 4677 720 4746; x_wconf 89' lang='lat' dir='ltr'>alias</span> <span class='ocrx_word' id='word_1_494' title='bbox 747 4660 1015 4767; x_wconf 52' lang='lat' dir='ltr'>saepe&#39;⁰dictum</span> <span class='ocrx_word' id='word_1_495' title='bbox 1043 4691 1113 4763; x_wconf 88' lang='lat' dir='ltr'>est,</span> <span class='ocrx_word' id='word_1_496' title='bbox 1616 4678 1679 4751; x_wconf 91' lang='lat' dir='ltr'>Vl.</span> 
     </span>
     <span class='ocr_line' id='line_1_49' title="bbox 128 4771 2129 4891; baseline -0.005 -38"><span class='ocrx_word' id='word_1_497' title='bbox 128 4778 236 4870; x_wconf 87' lang='lat' dir='ltr'>Quod</span> <span class='ocrx_word' id='word_1_498' title='bbox 260 4782 368 4872; x_wconf 88' lang='lat' dir='ltr'>gratis</span> <span class='ocrx_word' id='word_1_499' title='bbox 381 4777 560 4850; x_wconf 85' lang='lat' dir='ltr'>donentur</span> <span class='ocrx_word' id='word_1_500' title='bbox 580 4775 685 4849; x_wconf 89' lang='lat' dir='ltr'>uobis</span> <span class='ocrx_word' id='word_1_501' title='bbox 704 4777 872 4848; x_wconf 81' lang='lat' dir='ltr'>beneficia</span> <span class='ocrx_word' id='word_1_502' title='bbox 889 4771 1040 4863; x_wconf 90' lang='lat' dir='ltr'>Christi,</span> <span class='ocrx_word' id='word_1_503' title='bbox 1065 4802 1110 4848; x_wconf 90' lang='lat' dir='ltr'>ne</span> <span class='ocrx_word' id='word_1_504' title='bbox 1262 4798 1484 4873; x_wconf 56' lang='lat' dir='ltr'>Gpoflficafio</span> <span class='ocrx_word' id='word_1_505' title='bbox 1505 4799 1647 4891; x_wconf 61' lang='lat' dir='ltr'>piorum</span> <span class='ocrx_word' id='word_1_506' title='bbox 1664 4811 1785 4872; x_wconf 59' lang='lat' dir='ltr'><strong>cont„</strong></span> <span class='ocrx_word' id='word_1_507' title='bbox 1810 4791 2084 4891; x_wconf 45' lang='lat' dir='ltr'>mambempam,</span> <span class='ocrx_word' id='word_1_508' title='bbox 2104 4807 2129 4867; x_wconf 62' lang='lat' dir='ltr'>,p</span> 
     </span>
     <span class='ocr_line' id='line_1_50' title="bbox 128 4873 2141 4997; baseline -0.011 -45"><span class='ocrx_word' id='word_1_509' title='bbox 128 4884 361 4953; x_wconf 81' lang='lat' dir='ltr'>transferatur</span> <span class='ocrx_word' id='word_1_510' title='bbox 376 4877 490 4952; x_wconf 89' lang='lat' dir='ltr'>honos</span> <span class='ocrx_word' id='word_1_511' title='bbox 506 4877 637 4954; x_wconf 88' lang='lat' dir='ltr'>Christi</span> <span class='ocrx_word' id='word_1_512' title='bbox 655 4879 885 4971; x_wconf 77' lang='lat' dir='ltr'>iniustitiam</span> <span class='ocrx_word' id='word_1_513' title='bbox 909 4873 1112 4947; x_wconf 77' lang='lat' dir='ltr'>humanam,</span> <span class='ocrx_word' id='word_1_514' title='bbox 1159 4928 1273 4997; x_wconf 59' lang='lat' dir='ltr'>poen,</span> <span class='ocrx_word' id='word_1_515' title='bbox 1290 4903 1495 4994; x_wconf 50' lang='lat' dir='ltr'>impiorum,</span> <span class='ocrx_word' id='word_1_516' title='bbox 1517 4900 1722 4993; x_wconf 53' lang='lat' dir='ltr'>mmmm</span> <span class='ocrx_word' id='word_1_517' title='bbox 1738 4900 1945 4986; x_wconf 51' lang='lat' dir='ltr'><strong>mmmm,</strong></span> <span class='ocrx_word' id='word_1_518' title='bbox 1958 4903 2022 4994; x_wconf 61' lang='lat' dir='ltr'>qui</span> <span class='ocrx_word' id='word_1_519' title='bbox 2037 4896 2141 4973; x_wconf 60' lang='lat' dir='ltr'>alieni.</span> 
     </span>
     <span class='ocr_line' id='line_1_51' title="bbox 129 4974 2121 5078; baseline -0.005 -25"><span class='ocrx_word' id='word_1_520' title='bbox 129 4981 237 5070; x_wconf 79' lang='lat' dir='ltr'>Item,</span> <span class='ocrx_word' id='word_1_521' title='bbox 252 4996 303 5056; x_wconf 82' lang='lat' dir='ltr'>ut</span> <span class='ocrx_word' id='word_1_522' title='bbox 318 4999 458 5056; x_wconf 90' lang='lat' dir='ltr'>maneat</span> <span class='ocrx_word' id='word_1_523' title='bbox 475 4984 556 5053; x_wconf 87' lang='lat' dir='ltr'>lidei</span> <span class='ocrx_word' id='word_1_524' title='bbox 572 4983 768 5073; x_wconf 89' lang='lat' dir='ltr'>certitudo,</span> <span class='ocrx_word' id='word_1_525' title='bbox 792 4974 875 5051; x_wconf 88' lang='lat' dir='ltr'>Non</span> <span class='ocrx_word' id='word_1_526' title='bbox 895 4994 1010 5071; x_wconf 90' lang='lat' dir='ltr'>posset</span> <span class='ocrx_word' id='word_1_527' title='bbox 1025 4979 1110 5049; x_wconf 84' lang='lat' dir='ltr'>fides</span> <span class='ocrx_word' id='word_1_528' title='bbox 1159 5007 1292 5078; x_wconf 60' lang='lat' dir='ltr'>fumi,</span> <span class='ocrx_word' id='word_1_529' title='bbox 1303 5003 1459 5075; x_wconf 60' lang='lat' dir='ltr'>minimi</span> <span class='ocrx_word' id='word_1_530' title='bbox 1474 5014 1566 5073; x_wconf 52' lang='lat' dir='ltr'>,ung</span> <span class='ocrx_word' id='word_1_531' title='bbox 2118 5024 2121 5028; x_wconf 93' lang='lat'>-</span> 
     </span>
     <span class='ocr_line' id='line_1_52' title="bbox 130 5082 1642 5193; baseline -0.009 -35"><span class='ocrx_word' id='word_1_532' title='bbox 130 5089 293 5173; x_wconf 81' lang='lat' dir='ltr'>existere,</span> <span class='ocrx_word' id='word_1_533' title='bbox 317 5088 346 5157; x_wconf 91' lang='lat' dir='ltr'>si</span> <span class='ocrx_word' id='word_1_534' title='bbox 364 5088 534 5180; x_wconf 87' lang='lat' dir='ltr'>penderet</span> <span class='ocrx_word' id='word_1_535' title='bbox 554 5109 595 5155; x_wconf 83' lang='lat' dir='ltr'>ex</span> <span class='ocrx_word' id='word_1_536' title='bbox 616 5084 822 5155; x_wconf 90' lang='lat' dir='ltr'>conditione</span> <span class='ocrx_word' id='word_1_537' title='bbox 836 5094 976 5151; x_wconf 89' lang='lat' dir='ltr'>nostrae</span> <span class='ocrx_word' id='word_1_538' title='bbox 993 5082 1110 5171; x_wconf 83' lang='lat' dir='ltr'>digni·</span> <span class='ocrx_word' id='word_1_539' title='bbox 1631 5154 1642 5193; x_wconf 49' lang='grc' dir='ltr'><em>Ῑ</em></span> 
     </span>
     <span class='ocr_line' id='line_1_53' title="bbox 116 5155 1694 5280; baseline -0.008 -19"><span class='ocrx_word' id='word_1_540' title='bbox 116 5192 226 5274; x_wconf 81' lang='lat' dir='ltr'>¹tatis,</span> <span class='ocrx_word' id='word_1_541' title='bbox 252 5203 314 5262; x_wconf 89' lang='lat' dir='ltr'>aut</span> <span class='ocrx_word' id='word_1_542' title='bbox 327 5188 428 5279; x_wconf 86' lang='lat' dir='ltr'>legis.</span> <span class='ocrx_word' id='word_1_543' title='bbox 479 5182 529 5258; x_wconf 90' lang='lat' dir='ltr'>Et</span> <span class='ocrx_word' id='word_1_544' title='bbox 541 5187 628 5280; x_wconf 87' lang='lat' dir='ltr'>quid</span> <span class='ocrx_word' id='word_1_545' title='bbox 649 5186 694 5256; x_wconf 88' lang='lat' dir='ltr'>sit</span> <span class='ocrx_word' id='word_1_546' title='bbox 717 5179 804 5272; x_wconf 85' lang='lat' dir='ltr'>haec</span> <span class='ocrx_word' id='word_1_547' title='bbox 826 5182 913 5254; x_wconf 87' lang='lat' dir='ltr'>fides</span> <span class='ocrx_word' id='word_1_548' title='bbox 939 5183 978 5252; x_wconf 92' lang='lat' dir='ltr'>iu</span> <span class='ocrx_word' id='word_1_549' title='bbox 1007 5183 1110 5252; x_wconf 86' lang='lat' dir='ltr'>invo-</span> <span class='ocrx_word' id='word_1_550' title='bbox 1442 5221 1446 5226; x_wconf 94' lang='lat'>·</span> <span class='ocrx_word' id='word_1_551' title='bbox 1609 5155 1694 5226; x_wconf 45' lang='lat'>⁸¹¹·</span> 
     </span>
     <span class='ocr_line' id='line_1_54' title="bbox 129 5271 2133 5378; baseline -0.009 -16"><span class='ocrx_word' id='word_1_552' title='bbox 129 5292 284 5378; x_wconf 87' lang='lat' dir='ltr'>catione,</span> <span class='ocrx_word' id='word_1_553' title='bbox 308 5292 518 5364; x_wconf 88' lang='lat' dir='ltr'>discendum</span> <span class='ocrx_word' id='word_1_554' title='bbox 536 5301 588 5359; x_wconf 87' lang='lat' dir='ltr'>cst</span> <span class='ocrx_word' id='word_1_555' title='bbox 606 5289 646 5356; x_wconf 90' lang='lat' dir='ltr'>in</span> <span class='ocrx_word' id='word_1_556' title='bbox 661 5288 828 5358; x_wconf 86' lang='lat' dir='ltr'>omnibus</span> <span class='ocrx_word' id='word_1_557' title='bbox 844 5285 936 5357; x_wconf 86' lang='lat' dir='ltr'>vitae</span> <span class='ocrx_word' id='word_1_558' title='bbox 956 5285 1111 5374; x_wconf 81' lang='lat' dir='ltr'>negociis</span> <span class='ocrx_word' id='word_1_559' title='bbox 1262 5271 1546 5361; x_wconf 75' lang='lat' dir='ltr'>Testimonium,</span> <span class='ocrx_word' id='word_1_560' title='bbox 1573 5276 1668 5369; x_wconf 87' lang='lat' dir='ltr'>quod</span> <span class='ocrx_word' id='word_1_561' title='bbox 1683 5274 1720 5342; x_wconf 91' lang='lat' dir='ltr'>in</span> <span class='ocrx_word' id='word_1_562' title='bbox 1740 5273 1905 5366; x_wconf 84' lang='lat' dir='ltr'>periculis</span> <span class='ocrx_word' id='word_1_563' title='bbox 1920 5271 2018 5346; x_wconf 89' lang='lat' dir='ltr'>Deus</span> <span class='ocrx_word' id='word_1_564' title='bbox 2038 5274 2133 5344; x_wconf 87' lang='lat' dir='ltr'>addat</span> 
     </span>
     <span class='ocr_line' id='line_1_55' title="bbox 138 5377 1398 5482; baseline -0.011 -16"><span class='ocrx_word' id='word_1_565' title='bbox 138 5408 158 5418; x_wconf 51' lang='lat'>*¹</span> <span class='ocrx_word' id='word_1_566' title='bbox 185 5393 372 5482; x_wconf 55' lang='lat' dir='ltr'>reticulis,</span> <span class='ocrx_word' id='word_1_567' title='bbox 403 5405 491 5481; x_wconf 88' lang='lat' dir='ltr'>tunc</span> <span class='ocrx_word' id='word_1_568' title='bbox 514 5391 717 5462; x_wconf 87' lang='lat' dir='ltr'>iutueamur</span> <span class='ocrx_word' id='word_1_569' title='bbox 736 5381 918 5462; x_wconf 88' lang='lat' dir='ltr'>Christum</span> <span class='ocrx_word' id='word_1_570' title='bbox 931 5384 1111 5458; x_wconf 88' lang='lat' dir='ltr'>Mediato-</span> <span class='ocrx_word' id='word_1_571' title='bbox 1160 5379 1304 5470; x_wconf 90' lang='lat' dir='ltr'>angelos</span> <span class='ocrx_word' id='word_1_572' title='bbox 1318 5377 1398 5470; x_wconf 85' lang='lat' dir='ltr'>piis.</span> 
     </span>
    </p>
   </div>
   <div class='ocr_carea' id='block_1_9' title="bbox 0 0 2274 5748">
    <p class='ocr_par' dir='ltr' id='par_1_16' title="bbox 0 0 2274 5748">
     <span class='ocr_line' id='line_1_56' title="bbox 0 0 2274 5748; baseline 0 0"><span class='ocrx_word' id='word_1_573' title='bbox 0 0 2274 5748; x_wconf 95' lang='lat' dir='ltr'> </span> 
     </span>
    </p>
   </div>
  </div>
 </body>
</html>
