4538 5754
188 228 270 304 799
767 176 913 287 666.
940 207 1061 294 1161.
1085 211 1298 294 semera
1323 212 1626 308 66666666.
2149 204 2225 310 sm

147 386 152 393 ’
196 474 199 477 Α
299 393 353 466 De
368 390 504 463 unitate
516 383 690 458 essentiae
706 379 775 457 Dei
786 383 872 478 Cap.
888 384 947 459 46.
1338 390 1437 479 Ilaec
1459 393 1656 468 consolatio
1678 418 1786 490 quam
1803 411 1902 489 grata
1924 401 2033 474 fuerit
2055 401 2146 495 piis,
2173 405 2224 475 in·

298 496 353 569 De
367 506 494 565 natura
509 488 630 558 divina
643 486 682 556 in
697 486 827 560 Messia
843 486 929 582 Cap.
946 487 982 559 9.
1032 487 1186 563 Vocabi·
1237 490 1397 585 telligere
1411 517 1598 586 possumus
1614 522 1654 569 ex
1670 513 1791 570 nostra
1805 501 2035 575 solicitudine
2050 507 2099 575 de
2115 521 2223 598 poste·

201 624 261 682 tur
275 619 408 672 nomen
427 592 501 662 6161
515 587 612 660 Deus
630 590 752 676 fortis,
777 588 880 663 Pater
893 590 1128 665 aeternitatis.
1238 596 1353 670 ritate.
1414 595 1555 668 Scimus
1582 623 1785 671 mansuram
1814 627 1890 675 esse
1920 602 2116 678 Ecclesiam
2122 657 2136 695 ,
2169 613 2222 682 scd

302 699 357 772 De
371 694 509 789 Spiritu
525 705 644 763 sancto
659 688 744 783 Cap.
759 689 820 768 44.
870 691 1063 765 Effundam
1079 694 1187 786 spiri·
1239 697 1303 769 uhi
1326 699 1578 786 mensurarit,
1602 702 1779 792 angimur.
1832 704 1968 778 Tribus
1989 706 2077 780 luda
2098 711 2221 786 sciebat

200 828 278 886 sum
294 822 414 874 meum
429 818 536 889 super
551 816 671 865 semen
690 807 806 869 tuum.
1238 799 1278 869 in
1294 822 1357 870 sua
1371 800 1588 891 posteritate,
1611 816 1646 874 et
1662 799 1784 875 in‘hoc
1800 807 1876 898 ipso
1895 810 2053 900 vestigio,
2074 812 2115 880 in
2127 811 2222 900 Zion,

302 902 356 978 De
380 914 507 973 natura
530 892 687 968 humana
708 895 747 964 in
762 895 893 967 Messio
907 893 994 989 Cap.
1009 892 1045 973 7.
1095 894 1188 970 Ecce
1239 924 1443 971 mansuram
1465 926 1561 991 esse,
1594 905 1733 977 etiamsi
1764 907 2035 984 intervenerunt
2060 915 2169 989 exilia
2193 932 2221 989 et

200 1014 301 1103 virgo
335 1000 528 1095 concipiet,
566 1012 601 1070 et
636 998 749 1091 pariet
775 999 902 1072 hlium.
963 999 1062 1073 ldem
1091 1001 1190 1071 locus
1239 1003 1371 1075 multae
1386 1003 1512 1074 clades.

200 1126 349 1191 testatur
366 1120 514 1178 matrem
530 1124 603 1173 esse
618 1100 805 1190 virginem.
1341 1101 1437 1176 Sunt
1457 1120 1575 1179 autem
1598 1108 1684 1179 anni
1708 1133 1728 1179 6
1747 1126 1862 1184 morte
1878 1108 1991 1187 Oziae
2006 1119 2050 1187 ad
2076 1120 2221 1191 natalem

302 1209 443 1285 Deinde
456 1207 500 1276 de
516 1217 630 1274 morte
642 1201 813 1289 Messias,
839 1218 873 1278 et
896 1205 1027 1291 causis,
1050 1229 1115 1276 eur
1129 1205 1189 1276 hat
1239 1199 1376 1278 Christi
1392 1204 1479 1293 776,
1502 1212 1547 1280 ad
1565 1215 1860 1284 resurrectionem
1878 1241 1963 1288 vero
1978 1219 2065 1289 anni
2082 1220 2169 1308 809,
2188 1247 2223 1294 ac

200 1318 356 1392 victima.
418 1307 506 1380 Item
529 1307 572 1375 de
596 1305 852 1377 resurrectione
874 1308 1105 1379 concionatur
1131 1321 1189 1378 to·
1240 1330 1410 1379 numerus
1424 1309 1639 1400 significatus
1656 1328 1709 1385 est
1723 1310 1848 1407 Capite
1862 1342 1960 1391 nono
1978 1319 2018 1390 in
2038 1321 2154 1395 literis
2167 1350 2224 1396 vo-

112 1422 118 1433 ’
201 1439 278 1496 1616
297 1416 411 1507 Caput
429 1408 492 1483 66.
1240 1409 1359 1482 cabuli
1375 1406 1574 1485 Lemarbeh
1589 1409 1819 1495 hammisrah.

275 1504 660 1592 'DeindedeEcclesia
676 1510 820 1580 collecta
837 1534 878 1579 ex
889 1507 1028 1581 ludaeis
1042 1523 1075 1580 et
1087 1507 1189 1580 Gen·
1341 1507 1534 1608 Postquam
1575 1531 1694 1589 autem
1735 1520 1779 1589 de
1816 1522 1981 1597 doctrina
2023 1524 2224 1621 prophetica

200 1627 318 1709 tibus,
345 1634 379 1692 et
393 1614 509 1710 qualis
527 1626 646 1683 coetus
662 1611 708 1682 sit
722 1608 899 1696 Ecclesia,
926 1626 962 1683 et
977 1615 1075 1706 quod
1096 1637 1190 1683 sem-
1239 1611 1461 1703 dictumest,
1482 1616 1554 1687 iam
1572 1632 1607 1690 et
1621 1624 1901 1695 accommodatio
1916 1627 1960 1695 ad
1978 1627 2130 1701 virtutes
2145 1656 2224 1703 con·

203 1753 267 1823 per
289 1744 454 1795 mansura
470 1717 534 1800 sit,
564 1728 774 1809 repetuntur
795 1714 981 1785 conciones
996 1713 1043 1784 in
1067 1714 1189 1792 multis
1239 1716 1426 1789 rideretur.
1477 1714 1656 1810 Fungitur
1670 1746 1819 1795 munere
1836 1721 2054 1819 Prophetae,
2082 1733 2225 1805 sedma·

202 1828 386 1922 Capitibus
401 1818 462 1894 54.
478 1813 589 1891 6166.
641 1815 729 1887 Item
746 1813 808 1890 59.
823 1829 856 1886 et
871 1815 934 1890 60.
1240 1819 1367 1895 6116116
1381 1843 1466 1889 voce
1482 1818 1551 1892 Dei
1566 1838 1721 1896 vocatus.
1771 1822 1820 1897 Et
1836 1824 1933 1898 Dens
1946 1822 2050 1903 ornat
2065 1857 2150 1905 eum
2162 1837 2225 1905 mi·

304 1927 393 2000 Item
409 1926 454 1994 de
466 1915 647 1993 beneficiis
663 1917 835 2013 Messiae,
862 1921 958 1990 etde
981 1917 1189 1990 remissione
1240 1921 1392 2010 raculis,
1418 1934 1461 1992 61
1478 1936 1596 1994 extent
1610 1926 1811 1998 testimonia
1830 1932 2027 2003 vocationis
2048 1949 2083 2007 et
2098 1938 2226 2008 doctri·

202 2047 424 2128 peccatorum
440 2022 528 2116 Cap.
542 2022 604 2097 61.
1242 2045 1320 2094 666.
1371 2020 1468 2093 Η166
1482 2025 1690 2098 discendnm
1708 2040 1778 2115 est,
1804 2054 1849 2100 ne
1869 2033 1914 2102 ad
1936 2036 2225 2127 gubernationem

304 2132 359 2205 De
375 2126 598 2201 restitutione
614 2123 706 2193 vitae
722 2137 885 2195 aeternae
902 2121 989 2215 Cap.
1005 2121 1068 2198 25.
1242 2124 1321 2195 sine
1337 2125 1522 2196 vocatione
1536 2131 1753 2202 accedamus.
2194 2137 2197 2140 ’

303 2233 358 2307 De
372 2229 540 2324 praemiis
554 2241 588 2299 et
605 2225 730 2317 poenis
745 2225 899 2297 aeternis
913 2221 1000 2320 Cap.
1017 2225 1080 2300 66.
1342 2224 1483 2298 Deinde
1496 2228 1591 2300 lucet
1606 2230 1692 2300 fides
1704 2230 1744 2300 in
1760 2256 1842 2303 vera
1860 2232 2097 2327 invocatione,
2121 2241 2161 2312 in
2178 2267 2226 2314 re-

291 2332 543 2410 ·Utilissimum
560 2341 613 2400 est
626 2341 742 2399 antem
754 2322 962 2398 'meminisse
986 2328 1024 2398 in
1041 2324 1190 2418 singulis
1243 2322 1482 2421 prehensipne
1510 2330 1681 2401 falsorum
1713 2334 1894 2421 cultuum,
1926 2337 1965 2408 in
1993 2340 2226 2416 illustratione

201 2436 415 2516 testimoniis
437 2434 512 2524 ipsa
534 2424 732 2521 Prophetae
750 2431 882 2515 verba,
908 2430 1092 2524 inquibus
1115 2452 1191 2497 am·
1243 2431 1445 2516 doctrinae,
1471 2430 1508 2499 in
1528 2433 1687 2504 consiliis
1702 2435 1991 2525 gubernationis,
2017 2442 2056 2511 in
2072 2461 2226 2536 expecta·

201 2542 361 2640 plissima
378 2534 540 2607 doctrina
558 2529 780 2615 continetur,
799 2556 906 2626 quam
922 2556 1019 2602 nunc
1033 2532 1072 2601 in
1083 2528 1192 2602 Prae·
1243 2533 1340 2605 tione
1355 2532 1478 2602 auxilii
1496 2532 1631 2619 divini,
1656 2535 1693 2604 in
1711 2532 1954 2626 prohibitione
1969 2544 2175 2633 foederum,
2199 2566 2227 2619 et

201 2646 335 2717 satione
354 2636 540 2730 complecti
562 2631 670 2704 nimis
692 2632 839 2722 longum
862 2647 962 2704 esset.
1015 2632 1085 2705 Sed
1111 2656 1191 2702 curn
1244 2629 1537 2726 reprehendenda
1557 2637 1913 2736 nolvnpaypsooe‘vp,
1937 2669 2028 2737 quae
2048 2647 2227 2722 oriebatur

204 2750 250 2820 ad
268 2742 408 2833 singula
425 2738 628 2821 veniemus,
654 2735 817 2806 addenda
834 2736 903 2809 erit
918 2735 1117 2829 expositio.
1244 2761 1284 2806 ex
1300 2734 1511 2808 diffidentia.
1564 2735 1659 2826 Quia
1684 2740 1780 2808 enim
1798 2765 1897 2832 reges
1919 2760 2020 2819 erant
2044 2748 2169 2842 impii,
2197 2766 2228 2822 et

305 2845 411 2917 Nunc
429 2841 537 2911 recito
552 2833 647 2910 hanc
664 2837 957 2920 admonitionem,
979 2849 1020 2909 ut
1036 2849 1193 2921 recentes
1244 2834 1330 2908 solis
1351 2832 1518 2908 humanis
1538 2836 1697 2910 consiliis
1721 2845 1862 2914 munire
1883 2869 1921 2915 se
1938 2847 2127 2934 volebant,
2151 2853 2228 2923 ideo

204 2953 369 3025 Lectores
389 2945 520 3029 sciant,
551 2942 698 3012 eandem
716 2961 790 3011 esse
807 2964 929 3010 vocem
951 2962 1053 3010 verae
1068 2935 1192 3011 Eccle-
1245 2936 1376 3033 passim
1404 2939 1668 3024 discurrebant,
1701 2967 1800 3014 nunc
1826 2947 1873 3016 ab
1895 2945 2104 3044 Aegyptiis,
2134 2978 2228 3025 nunc

129 3102 132 3106 =
205 3055 276 3126 siae
291 3050 452 3122 omnium
468 3046 687 3128 seculorum,
715 3054 748 3112 et
769 3042 863 3111 idem
877 3036 1134 3132 Evangelium‚
1159 3054 1193 3111 et
1244 3042 1290 3113 ab
1316 3039 1474 3134 Assyriis
1504 3044 1674 3135 petebant
1702 3046 1895 3133 auxilium,
1924 3052 2103 3144 aquibus
2132 3056 2228 3126 falle-

205 3176 398 3246 congruere
415 3172 537 3219 vocern
550 3139 812 3236 Prophetarum
828 3166 909 3214 cum
925 3168 1012 3214 voce
1028 3141 1193 3213 FiliiDei
1241 3143 1417 3215 bantur.v
1838 3219 1844 3226 ,
2263 3152 2265 3173 “

205 3274 240 3330 61
255 3255 526 3348 Apostolorum,
550 3248 622 3317 nisi
647 3245 744 3339 quod
769 3240 968 3337 Prophetae
983 3247 1027 3314 de
1043 3256 1193 3313 venturo
1347 3239 1402 3314 Ac
1415 3243 1598 3317 dissimilis
1610 3259 1662 3319 est
1676 3248 1887 3339 gubernatio
1909 3249 2119 3346 prophetica
2135 3282 2154 3328 a
2169 3282 2228 3350 gu·
2263 3308 2265 3315 -

204 3358 336 3431 Massia
354 3353 625 3430 concionantur,
653 3346 818 3439 Apostoli
838 3348 882 3416 de
899 3341 1070 3420 exhibito.
1103 3342 1194 3417 Cae·
1244 3344 1456 3418 hernatione
1483 3343 1668 3419 Ciceronis
1698 3363 1760 3422 aut
1787 3343 2064 3431 Themistoclis
2110 3358 2228 3432 Cicero

205 3463 379 3534 tera'snnt
397 3453 529 3523 eadem.
895 3480 903 3499 ·
1246 3461 1384 3519 tantum
1399 3442 1556 3520 humana
1580 3450 1730 3520 consilia
1753 3455 1933 3547 sequitur,
1959 3472 1994 3529 et
2009 3463 2150 3552 quaerit
2166 3457 2228 3533 hu-

310 3555 440 3628 lntexit
455 3565 571 3624 autem
586 3549 752 3621 vaticinia
768 3553 813 3623 de
831 3548 1077 3641 imperiis,‘ut,
1104 3550 1196 3620 sicut
1245 3571 1350 3620 mana
1366 3550 1553 3642 praesidia.
1604 3552 1653 3623 At
1668 3549 1846 3645 Propheta
1869 3574 1988 3630 manet
2009 3559 2104 3633 intra
2126 3578 2229 3634 metas

112 3727 116 3737 .
150 3684 153 3689 ·
208 3658 423 3756 supradixi,
450 3653 727 3727 consolationem
751 3648 843 3723 hanc
866 3666 1067 3738 teneamus,
1090 3675 1196 3722 man·
1246 3653 1496 3722 mandatorum
1512 3647 1738 3740 divinornm,
1763 3671 1799 3728 et
1823 3659 1935 3730 exitus
1951 3658 2029 3732 Deo
2053 3688 2230 3735 commen-

22 3797 27 3807 ·
101 3772 104 3777 ⁴
207 3789 326 3839 suram
353 3784 426 3832 esse
440 3755 654 3842 Ecclesiam,
680 3754 786 3825 etiam
814 3755 1002 3827 ruentibus
1023 3754 1195 3847 imperiis,
1246 3755 1358 3826 dotet
1372 3752 1442 3823 lide
1456 3764 1613 3846 expectat
1629 3778 1649 3825 a
1667 3751 1744 3826 Deo
1767 3760 1949 3836 artrilium.
1991 3761 2156 3860 Cumque
2170 3770 2230 3836 ad-

208 3882 243 3940 et
255 3888 414 3959 expresse
429 3862 538 3934 trium
560 3853 847 3929 monarchiarum
863 3856 1081 3928 mentionem
1101 3856 1197 3942 facit,
1247 3855 1293 3926 sit
1310 3853 1407 3926 Deus
1429 3854 1468 3923 in
1490 3854 1553 3928 tali
1574 3857 1849 3947 gubernatione,
1876 3877 2024 3935 eventus
2046 3882 2129 3940 sunt
2151 3868 2230 3937 seli·

43 3962 76 3995 ·’
207 3966 467 4063 Babylonicae,
492 3960 652 4032 Persicae
675 3972 710 4032 et
734 3958 901 4031 Graecae.
953 3953 1002 4028 Et
1024 3955 1197 4051 praedicit
1247 3980 1313 4027 ces.
1363 3954 1442 4026 Hoc
1457 3957 1648 4028 discrimen
1663 3963 1837 4045 ostendit,
1863 3963 2031 4059 inquiens
2050 3957 2138 4062 Cap.
2154 3970 2229 4047 sn:

209 4069 420 4166 Babyloniis
434 4079 469 4137 et
486 4060 640 4157 Assyriis
654 4063 796 4151 regibus
811 4060 969 4140 exitium,
997 4075 1032 4130 et
1045 4060 1195 4152 imperio
1248 4056 1293 4128 ln
1307 4058 1450 4129 silentio
1465 4073 1500 4131 61
1514 4082 1576 4150 spe
1591 4060 1658 4131 erit
1672 4062 1844 4134 tortitudo
1862 4081 1988 4138 vestra.

208 4174 386 4270 potituros
404 4192 476 4239 esse
491 4163 619 4238 Medos
636 4176 670 4235 et
684 4162 821 4234 Persas.
861 4161 1005 4234 Deinde
1026 4159 1197 4233 Macedo·
1340 4157 1522 4232 Praeterea
1539 4162 1577 4231 in
1594 4181 1696 4233 truce
1711 4164 1933 4239 ¹01²r³¹¹fi³m
1952 4184 1986 4241 el
2001 4177 2231 4247 0⁰1¹⁸l⁸nli⁸m

208 4300 289 4362 nas,
315 4295 406 4370 quos
426 4268 590 4341 nominat
608 4261 743 4354 Cithim
767 4278 803 4337 et
816 4265 994 4350 Graecos,
1018 4287 1108 4358 qnos
1129 4287 1197 4334 no-
1248 4261 1480 4334 consessionis
1497 4278 1531 4335 et
1547 4277 1699 4356 praestat
1716 4262 1913 4359 Propheta,
1934 4286 1970 4345 et
1986 4277 2172 4370 praecipit,
2196 4295 2233 4352 61

208 4381 322 4452 minae
339 4370 538 4458 Dodanim,
564 4369 687 4453 idest,
711 4363 914 4438 Dodoneos.
1247 4362 1333 4459 Cap.
1347 4361 1409 4438 51.
1424 4364 1560 4459 inquit:
1585 4363 1640 4436 Ne
1654 4366 1775 4439 timete
1793 4372 1924 4461 probra
1942 4371 2144 4453 hominum.

312 4476 430 4551 Series
462 4487 580 4546 autem
617 4464 907 4542 monarchiarum
942 4469 981 4540 in
1009 4463 1199 4560 Prophetis
1350 4465 1564 4539 Praemonet
1584 4469 1688 4540 etiam
1710 4473 1951 4561 posteritatem
1969 4477 2014 4546 de
2035 4480 2169 4552 suturis
2184 4497 2233 4555 te-

210 4583 292 4665 ideo
323 4573 509 4661 recitatur,
545 4587 587 4646 61
613 4587 751 4665 tempus
778 4585 912 4642 certum
941 4570 1199 4661 significaretur
1248 4568 1371 4640 nebris
1384 4569 1423 4638 in
1436 4566 1606 4656 Ecclesia,
1632 4584 1665 4642 et
1681 4585 1772 4657 orat,
1798 4598 1844 4644 ne
1857 4575 1917 4646 lux
1932 4568 2119 4652 doctrinae
2134 4582 2232 4677 prim-

211 4688 386 4756 adventus
410 4677 580 4762 Messias,
611 4673 802 4768 praeterire
833 4673 929 4743 enim
960 4667 1024 4742 has
1053 4695 1199 4743 monar-
1249 4693 1309 4743 sus
1322 4669 1562 4761 extinguatur,
1586 4687 1627 4746 61
1642 4671 1729 4765 Cap.
1738 4676 1801 4749 29.
1817 4689 1852 4746 et
1863 4675 1949 4769 Cap.
1961 4679 2042 4755 od:
2075 4679 2126 4757 Et
2143 4709 2234 4758 nune

211 4785 309 4858 chias
329 4778 604 4876 Babylonicam,
633 4776 810 4848 Persicam
834 4789 868 4846 et
890 4771 1062 4846 Graecam
1091 4797 1199 4866 opor-
1248 4769 1405 4846 Domine
1418 4771 1524 4847 Pater
1538 4789 1660 4846 noster
1672 4798 1708 4845 es
1724 4790 1775 4862 tu,
1801 4802 1867 4849 nos
1882 4805 1967 4853 vero
1985 4783 2113 4856 lutum.
2147 4786 2233 4861 Ecce

211 4889 301 4969 tuin
328 4899 448 4978 poma
472 4893 644 4950 ventum,
666 4893 741 4950 m,
755 4876 916 4951 Messi„
968 4872 1016 4948 Εῑ
1035 4877 1199 4946 00112012.
1250 4877 1405 4969 respice,
1431 4878 1586 4970 populus
1601 4890 1683 4948 1661
1698 4902 1822 4950 omnes
1835 4905 1913 4954 nos.

212 4991 264 5061 rio
282 4985 497 5082 proponitur
524 4981 786 5052 infirmissimae
814 4979 932 5071 genti,
965 4978 1059 5050 inter
1084 4991 1200 5051 tantas
1296 5008 1299 5014 ¹
1337 4975 1520 5050 Hactenus
1532 4992 1715 5072 utcunque
1730 4985 1877 5073 exposui
1892 5004 2141 5075 argumentum
2156 4996 2233 5066 uni·

84 5120 85 5127 ,
212 5091 335 5162 min„
366 5087 602 5157 maximorum
632 5084 863 5175 imperiorum
891 5103 1094 5151 mansuram
1125 5103 1199 5151 esse
1251 5080 1344 5151 versi
1361 5079 1478 5172 operis
1491 5077 1635 5164 Esaiae,
1660 5095 1702 5152 ut
1719 5108 1810 5176 quae
1830 5086 1875 5157 sit
1892 5090 2101 5183 principalis
2127 5111 2234 5167 mate-

212 5193 373 5287 politiam
396 5186 512 5271 Mosi,
545 5202 580 5257 et
607 5189 725 5257 sedern
748 5180 927 5256 Ecclesiae
951 5206 991 5252 66
1018 5182 1200 5251 doctrinae
1251 5182 1305 5253 ria
1319 5193 1355 5252 et
1369 5181 1511 5272 propria
1528 5179 1744 5273 Prophetae,
1769 5211 1808 5257 ac
1823 5189 2057 5265 discernenda
2077 5219 2098 5267 6
2120 5194 2235 5288 philo·

210 5311 342 5367 certam
364 5295 440 5364 fore
469 5290 508 5359 in
530 5286 637 5378 luda,
671 5290 785 5359 donec
806 5285 955 5360 Messias
986 5285 1062 5376 ipse
1092 5285 1130 5356 in
1159 5309 1200 5356 eo
1252 5276 1408 5376 sophicis
1432 5276 1763 5368 adhortationibus,
1794 5292 2048 5369 consideretur.
2099 5298 2237 5374 Deinde

211 5398 344 5492 templo
366 5393 647 5477 concionaretur.
1220 5409 1228 5471 ι
1252 5386 1481 5473 veroaddarn
1501 5386 1724 5479 singulorum
1737 5386 1902 5483 Capitum
1919 5414 2139 5489 argumenta.
