4538 5754
119 250 171 324 99
362 229 573 311 SCRIPTA
597 228 675 304 ΡΗ.
700 225 820 307 Misi.
844 228 913 306 AD
937 228 1067 315 lllST.
1090 229 1237 312 PROF.
1261 226 1330 307 ΕΤ
1353 227 1546 309 PHILOS.
1571 230 1892 312 saussaium.
2063 242 2138 314 100

221 406 275 480 De
306 404 434 476 ordine
462 402 533 473 cibi
554 413 588 472 et
617 401 753 486 somni,
801 401 951 492 cognitis
985 403 1098 475 causis
1152 425 1216 474 sno
1232 404 1388 497 quodam
1409 416 1511 475 motu
1525 401 1618 475 ,ridi
1642 403 1832 494 spirituum
1855 408 2135 493 commistiones,

122 510 256 589 somni,
280 506 382 578 lacile
398 516 448 574 est
463 501 780 591 ratiocinari,‚nec
805 502 930 574 inanes
946 504 1101 574 suaviter
1153 516 1188 574 et
1208 503 1462 595 compositione
1484 502 1674 595 spirituum
1693 505 1824 575 format
1845 508 2026 596 imagines.
2085 508 2137 583 Ut

121 610 295 692 dormire,
318 630 384 675 nec
404 603 596 673 immodico
620 602 700 672 cibo
722 615 897 679 oneratos.
954 604 1103 696 Sapiens
1153 604 1247 673 enim
1278 604 1401 692 lingna
1432 626 1539 673 sonos
1566 627 1609 676 er
1637 600 1779 674 trachea
1809 621 1970 697 acceptos
1993 610 2136 695 format,

122 710 313 804 antiquitas
329 707 368 775 in
383 703 549 775 omnibus
574 703 678 772 rebus
693 702 732 771 in
747 705 879 772 tuendo
902 704 1029 775 ordine
1044 704 1102 774 di·
1152 718 1188 776 et
1203 705 1241 773 in
1256 705 1306 774 eis
1318 704 1401 776 iacit
1414 702 1637 775 articulatam
1653 726 1787 788 vocem,
1807 705 1857 776 ita
1871 709 2055 778 cerebrum
2071 711 2137 780 ad-

123 811 291 903 ligentior
303 808 381 879 luit.
414 800 522 875 Extat
533 804 643 891 igitur
657 804 858 894 exemplum
874 806 1011 875 ordinis
1026 805 1103 875 bal·
1153 805 1311 874 mirabili
1325 816 1451 875 natura
1466 827 1549 890 sua,
1572 806 1703 875 format
1723 804 1763 874 in
1779 805 1967 899 spirituum
1989 831 2135 901 compo-

123 934 283 993 nearnm,
308 907 392 991 cibi,
418 918 454 975 ct
468 905 587 976 somni
601 905 695 997 apud
704 902 902 1003 Homerum
920 905 960 974 in
976 905 1102 976 ultimo
1153 904 1282 976 sitione
1296 904 1478 993 imagines.

125 1017 216 1085 libro
233 1006 429 1103 Odyfflae:
1255 1020 1366 1091 Fiunt
1380 1022 1490 1109 igitur
1503 1033 1537 1091 et
1552 1020 1591 1089 in
1606 1042 1731 1090 somno
1749 1044 1927 1091 concursu
1945 1022 2136 1113 spirituum

224 1122 307 1189 Ἐπεὶ
327 1117 493 1196 λούσαιτο,
516 1113 608 1200 φάγοι
629 1139 672 1181 τε·
1154 1121 1339 1210 imagines,
1354 1144 1504 1209 quarum
1519 1121 1650 1191 multae
1664 1134 1747 1190 sunt
1763 1121 1898 1191 similes
1913 1146 2033 1192 earum
2043 1123 2138 1192 ims-

225 1220 399 1303 Bestiam
419 1221 579 1300 μαλακῶς,
602 1215 622 1299 ἢ
642 1215 701 1302 ydp
723 1216 794 1299 δίκη
815 1215 880 1282 test
899 1217 1060 1303 γερόντων.
1154 1223 1308 1311 ginum,
1331 1242 1419 1315 quas
1443 1220 1623 1309 vigilando
1648 1221 1860 1305 formamus,
1893 1223 1976 1314 qnia
1998 1244 2041 1290 er
2058 1244 2137 1293 me-

225 1334 354 1398 Uttaris
368 1333 554 1412 sumpsitque
568 1331 681 1406 eibum,
702 1328 899 1390 datmeinbrs
912 1334 1028 1416 sopori,
1154 1323 1266 1391 moria
1293 1322 1347 1390 illi
1370 1321 1531 1412 spiritus,
1564 1322 1695 1413 quilius
1718 1322 1887 1410 imagines
1912 1322 2048 1413 priores
2066 1322 2137 1389 im·

225 1434 370 1501 Mollibus
383 1435 546 1507 instratis,
570 1449 680 1491 neuris
697 1451 828 1514 curaque
840 1443 1000 1515 metuque:
1154 1422 1357 1514 pressimus,
1382 1433 1582 1496 recurrunt.
1617 1417 1706 1491 inde
1720 1413 1789 1489 boc
1806 1422 1940 1494 dicium
1958 1434 2010 1492 esi
2026 1418 2136 1494 Clau·

227 1534 361 1618 Corpora
376 1555 432 1597 oeu
446 1531 568 1614 prodest
582 1534 666 1592 senio
684 1532 821 1593 conlecta
836 1530 944 1593 foveri.
1157 1522 1274 1593 diarii:

226 1662 380 1734 Balneae
392 1659 598 1731 antecedant
613 1678 750 1732 coenas.
774 1659 925 1729 Acocna
939 1658 1103 1748 exignnm
1307 1625 1472 1693 ⁰⁸⁰¹¹ffi⁰¹⁸
1486 1632 1571 1709 nias
1597 1632 1718 1710 ΜΝ
1730 1629 1847 1691 ”mh
1859 1650 1973 1695 merus.

127 1768 171 1837 sii
190 1763 419 1837 intervalium
435 1762 481 1830 ad
506 1782 682 1832 somnum.
733 1756 840 1827 Molli
862 1758 1104 1829 ambulatione
1254 1765 1394 1839 Multae
1423 1768 1594 1858 imagines
1618 1766 1805 1838 imitantur
1833 1762 2018 1851 humores,
2052 1766 2137 1859 quia

130 1869 232 1937 cibus
247 1888 289 1935 ex
308 1862 441 1935 orificio
458 1858 645 1976 ventriculi
659 1859 852 1975 descendit,
878 1871 913 1928 et
927 1858 1103 1929 orificium
1125 1896 1129 2021 ί
1152 1865 1299 1957 spiritus
1334 1868 1514 1959 accipiunt
1541 1879 1812 1958 temperamenta
1843 1868 1889 1937 ab
1915 1860 2137 1941 humoribus,

128 1967 318 2039 clauditur.
351 1960 491 2033 Deinde
504 1980 603 2054 quies
618 1959 811 2047 gratissima
828 1971 881 2030 est
895 1958 1104 2042 ventriculo.
1126 2028 1128 2033 .
1154 1964 1222 2052 Ut,
1247 1967 1309 2060 qni
1339 1969 1523 2038 abundant
1555 1966 1683 2037 vitioso
1712 1960 1930 2056 phlegmate,
1956 1964 2139 2037 somniant

127 2065 385 2158 acprimnmin
400 2064 522 2133 dextro
540 2057 647 2130 latere
662 2058 865 2128 cubandum
881 2072 944 2144 cst,
968 2054 1104 2130 nehiel
1126 2044 1129 2087 ¹
1153 2089 1189 2137 se
1220 2086 1352 2140 natare.
1411 2065 1464 2137 lta
1486 2060 1674 2158 Ephialtes
1703 2066 1793 2135 liunt
1816 2066 1855 2134 in
1876 2088 2020 2149 somno,
2055 2089 2138 2135 cum

130 2192 170 2239 os
186 2164 384 2237 ventriculi.
435 2160 495 2232 Fit
508 2160 616 2250 igitur
628 2158 776 2229 collecto
792 2157 907 2226 calore
922 2160 961 2227 in
978 2183 1103 2229 somno
1154 2189 1289 2237 crassus
1311 2161 1460 2252 humor,
1490 2188 1553 2234 seu
1573 2164 1614 2237 in
1638 2165 1800 2250 cerebro,
1832 2187 1892 2235 seu
1921 2164 1959 2233 in
1981 2159 2139 2250 thorace,

129 2267 263 2352 coctio,
296 2259 507 2357 prohibetur
543 2258 716 2342 cruditas,
755 2271 983 2330 conservatur
1008 2261 1105 2330 calor
1154 2267 1305 2359 impedit
1318 2279 1454 2337 motum
1471 2260 1642 2348 thoracis,
1664 2286 1775 2356 eaque
1790 2262 2001 2354 comprenso
2018 2277 2140 2335 movet

127 2368 317 2446 naturalis,
348 2365 506 2453 gignitur
527 2360 668 2448 sanguis
691 2358 852 2445 suavior,
885 2361 1047 2452 seqnitur
1069 2372 1103 2430 et
1154 2366 1463 2455 imaginationem,
1495 2378 1536 2436 ut
1567 2362 1695 2453 cogitet
1714 2363 1760 2432 ab
1783 2364 1902 2455 aliquo
1929 2362 1999 2432 alio
2023 2362 2139 2455 premi

129 2470 260 2539 virium
279 2480 314 2535 ct
328 2463 456 2535 coloris
471 2461 622 2531 bonitas.
1016 2479 1020 2485 ·
1152 2462 1348 2536 thoracem,

231 2565 375 2637 Moveat
395 2576 510 2634 autem
537 2558 696 2649 singulos
717 2561 952 2630 consideratio
975 2555 1103 2630 harum

129 2688 312 2741 causarum
334 2679 368 2735 et
388 2664 593 2745 effectuum,
616 2671 656 2727 ut
680 2660 813 2730 maiore
833 2684 917 2730 cura
941 2661 1103 2730 ordinem
1126 2704 1131 2843 ⁴

1256 2597 1341 2671 Alia
1356 2600 1492 2670 rariora
1508 2610 1592 2668 sunt
1603 2592 1785 2691 μαντικὰ,
1811 2621 1902 2691 quae
1923 2610 2042 2669 tamen
2061 2622 2140 2671 non

1154 2715 1238 2773 sunt
1259 2701 1402 2786 divina,
1432 2701 1493 2769 scd
1520 2712 1604 2769 sunt
1625 2697 1812 2769 familiaria
1835 2699 1940 2770 certis
1963 2711 2141 2790 tempere·

1154 2802 1299 2886 mentis,
1324 2801 1415 2871 sicut
1429 2799 1520 2869 alius
1536 2821 1602 2868 suo
1626 2810 1900 2889 temperamento
1922 2798 2034 2888 magis
2055 2822 2140 2871 mu-

1156 2904 1249 2973 sicus
1264 2914 1334 2986 cst,
1359 2923 1466 2994 quam
1481 2899 1585 2985 alius,
1609 2912 1671 2968 aut
1682 2898 1808 2987 agilior
1820 2898 1864 2968 ad
1882 2899 2139 2976 scandendum.

1158 3002 1265 3073 'l'ales
1289 3016 1433 3072 naturas
1453 3000 1615 3072 nominat
1635 2997 1843 3069 Aristoteles
1871 2992 2141 3094 εὐθυονείρους

251 3171 259 3187 ,
405 3168 413 3183 .
532 3163 541 3180 .
580 3163 588 3179 .
964 3163 972 3180 .
1155 3098 1219 3175 καὶ
1233 3095 1441 3194 εὐστόχους,
1467 3091 2141 3193 quaesaepinshabentsomniasigni·

131 3187 189 3243 tur
203 3194 298 3239 enim
314 3168 479 3248 cruditas,
505 3166 696 3252 dissipatur
710 3161 806 3232 calor
820 3163 1004 3247 naturalis,
1029 3163 1106 3230 lan·
1156 3203 1317 3283 hemia,
1343 3226 1448 3296 quam
1465 3200 1566 3273 aliae·
1616 3195 1791 3269 Existimo
1810 3210 1927 3267 amem
1950 3212 2042 3269 recte
2063 3198 2141 3268 diei

132 3271 262 3389 guimiii
287 3269 400 3338 vim
422 3263 610 3333 ventriculi
633 3275 666 3331 εἰ
690 3262 822 3380 ‘miii’
843 3262 1107 3380 iigniiurfffl'
1158 3324 1298 3373 causam
1317 3325 1390 3371 esse
1413 3298 1681 3389 temperamenti
1703 3298 1969 3388 proprietatem,
1994 3298 2086 3368 sicut
2104 3313 2142 3370 et

131 3394 209 3459 guis
225 3391 395 3459 impurus,
419 3364 575 3454 repletur
589 3384 715 3452 corpus
733 3384 871 3430 viciosis
887 3358 1108 3447 humoribus,
1157 3401 1337 3492 Astrologi
1351 3398 1562 3470 ammam·

424 3459 433 3485 .
773 3462 783 3479 .
808 3463 815 3479 .
1614 3395 1683 3467 Sed
1703 3397 1815 3487 inepti
1830 3412 1930 3478 sunt,
1957 3398 2018 3490 qni
2035 3421 2142 3487 pcae-

133 3485 167 3541 ⁰i
188 3468 228 3540 fii
247 3489 474 3559 mmxvm’
511 3463 701 3533 turbamur
730 3476 893 3551 ’mus'
925 3465 1107 3580 ‘cremii'
1158 3517 1255 3594 cepta
1271 3504 1314 3572 de
1330 3497 1681 3590 interpretationibus
1698 3501 1856 3580 tradunt,
1872 3521 1951 3567 cum
1968 3498 2032 3568 alii
2050 3497 2142 3568 alias

134 3572 235 3640 valde
250 3570 456 3638 debilitalnr
470 3563 679 3634 adsiduitate
695 3574 829 3646 motus,
854 3578 889 3633 et
910 3563 986 3654 ipso
1002 3586 1109 3654 spiri·
1158 3600 1312 3677 habeant
1333 3601 1515 3693 imaggm

135 3686 234 3742 tuum
259 3683 376 3752 aestu,
401 3691 440 3736 ac
463 3665 632 3754 impedita
658 3663 756 3732 suavi
782 3662 987 3733 nutritione.
1036 3662 1109 3733 Nec
1579 3730 1590 3751 ,
1677 3729 1687 3747 ‚
1765 3729 1788 3747 „

1260 3729 1433 3827 Exempla
1465 3754 1549 3801 vcro
1578 3752 1618 3801 in
1648 3722 1807 3799 historus
1835 3730 1945 3801 multa
1971 3730 2143 3820 leguntur

138 3769 356 3842 existimetur
372 3770 449 3837 leve
463 3766 576 3836 scelus
596 3785 689 3849 esse,
716 3763 857 3854 propria
875 3786 1022 3855 corpora
1046 3788 1108 3854 pe·
1923 3830 1932 3847 ι
2084 3833 2093 3850 1

135 3873 291 3944 tulantcr
307 3892 449 3949 necare,
476 3880 509 3935 et
530 3888 754 3954 corrumpere
779 3886 844 3942 cor,
864 3876 898 3932 et
914 3864 1110 3949 cerebrum,
1159 3858 1368 3954 ¹¹¹³S¹¹⁰fflf¹f
1392 3835 1540 3949 d¹¹⁰¹¹¹¹23
1573 3844 1614 3900 ⁰²
1633 3828 1770 3922 symes
1791 3827 1952 3912 IMilli
1982 3842 2024 3947 ‚²²
2044 3832 2141 3901 ²1¹⁰·

1242 3985 1253 4016 ,
1273 3960 1335 4026 qni
1351 3958 1388 4001 ui
1407 3954 1554 4002 somnus
1568 3930 1700 4002 multos
1714 3940 1860 3999 eventus
1872 3930 2144 4019 praeviderunt.

136 3996 225 4066 quae
243 3974 372 4039 debent
385 3989 458 4038 esse
480 3964 657 4036 domicilia
677 3965 767 4047 Dei,
792 3977 827 4034 ct
847 3965 1026 4034 actionum
1053 3965 1110 4033 di·
1160 3961 1240 4007 ΝΜ
1357 4035 1366 4052 ο
1468 4032 1476 4049 ι
1663 4031 1673 4048 .
1810 4029 1819 4046 ·
1956 4029 1966 4046 .

136 4076 300 4144 vjnarum
314 4092 455 4160 agam,
1160 4035 1210 4108 Et
1218 4034 1367 4123 Augusti
1383 4032 1541 4102 medicus
1557 4042 1794 4101 somniaverat
1807 4049 1847 4095 ιιι
1862 4041 2001 4112 cestris,
2025 4032 2144 4125 diupi

1162 4136 1426 4209 tabernaculum
1453 4125 1618 4221 Augusti.
1682 4126 1898 4199 Admonitus
1930 4128 2040 4217 igitur
2057 4127 2144 4201 An.

502 4266 562 4336 De
585 4265 751 4336 sommia,
1162 4254 1299 4328 gustus,
1324 4236 1395 4306 alio
1410 4233 1563 4304 secessit.
1613 4228 1687 4302 Nec
1700 4229 1826 4299 fefellit
1840 4241 1998 4303 eventus.
2042 4226 2142 4301 Nam

733 4409 772 4429 ,.
1059 4404 1082 4423 ,,
1161 4352 1240 4431 post
1252 4360 1405 4429 pugnam
1420 4331 1624 4423 fugatoillo
1655 4351 1787 4412 cornu,
1813 4330 1991 4420 direptum
2013 4340 2069 4400 est
2084 4342 2143 4400 ta.

240 4414 419 4482 Addemus
436 4412 577 4481 brevem
600 4412 878 4479 admonitionem
895 4407 939 4476 de
954 4427 1112 4489 somnus,
1162 4439 1402 4511 bernaculum·

116 4542 120 4549 ·
140 4533 230 4601 quae
244 4517 421 4605 quomodo
436 4514 539 4597 bant,
563 4510 704 4600 longior
718 4509 907 4599 disputatio
932 4520 983 4578 est
1005 4506 1112 4591 infra,

118 4642 122 4647 ·
141 4610 204 4679 ubi
221 4614 264 4679 de
286 4615 444 4681 sensibus
461 4612 689 4683 interioribus
705 4610 846 4682 dicitur.

116 4735 119 4739 ·
243 4710 336 4781 Sunt
356 4726 472 4781 autem
495 4715 562 4782 alia
585 4708 746 4806 physica,
776 4709 845 4778 alia
868 4706 1009 4788 divina,
1042 4706 1110 4775 alia

142 4802 326 4885 diabolica.
377 4809 480 4880 Nunc
496 4815 538 4882 dc
558 4809 710 4907 physicis
726 4810 851 4894 dicam,
875 4832 1026 4898 quorum
1043 4808 1111 4877 alia
1884 4863 1894 4881 .
2086 4860 2096 4878 .

116 4925 223 4980 sunt
245 4910 399 4997 vulgaria
422 4922 456 4978 et
484 4912 768 4981 communissima
796 4909 981 4993 omnibus,
1017 4902 1112 4976 nibil
1260 4863 1810 4963 Necdffiunffllmfflmml'la
1832 4863 1957 4934 ²³¹¹¹¹¹⁰
1978 4882 2144 4932 ⁸⁰¹¹¹¹¹¹⁰·

142 5010 382 5098 significantia.
419 5008 498 5079 Alia
515 5003 1111 5101 rariorasuntutcunqueuus‘cixoi
1159 4998 1249 5045 “¹¹⁰⁸
1283 4971 1337 5048 ΑΒ
1355 4975 1464 5045 mulla
1480 4963 1861 5057 fecistfffl‘l'mimo
1878 4962 1972 5035 “¹¹⁰
1988 4980 2145 5052 P⁰³⁸0¹¹h

141 5132 203 5178 seu
222 5112 482 5199 praesagientia.
535 5109 691 5202 Utraque
712 5126 827 5182 autem
845 5111 894 5179 sic
911 5109 1010 5179 liunt.
1259 5104 1473 5196 Quanquam
1495 5111 1611 5170 autem
1634 5118 1735 5185 saepe
1763 5094 1891 5165 talibus
1910 5089 2061 5161 somniis
2082 5114 2144 5160 cs-

238 5206 413 5295 Cogitatio
429 5208 576 5279 interior
597 5211 651 5290 fii,
683 5236 762 5281 cum
785 5213 964 5280 cerebrum
984 5208 1111 5279 feritur
1131 5240 1134 5293 ,
1158 5208 1332 5296 spondent
1347 5217 1512 5280 eventus,
1537 5211 1656 5268 tamen
1676 5195 1786 5265 multa
1802 5193 1907 5262 etiam
1930 5191 1969 5259 in
1987 5184 2057 5290 hoe
2079 5214 2145 5281 ge-

140 5333 158 5377 ³
173 5310 372 5399 spiritibus,
397 5325 433 5380 et
448 5312 648 5390 cerebrum,
673 5313 767 5403 quod
784 5314 922 5381 assidue
936 5322 1110 5394 movetur,
1130 5304 1133 5349 ³
1158 5330 1242 5375 uere
1256 5317 1340 5376 sunt
1352 5317 1413 5376 aut
1429 5301 1592 5393 ambigua
1609 5312 1643 5371 et
1655 5294 1803 5380 fallacia,
1828 5305 1888 5363 aut
1901 5312 2044 5385 prorsus
2059 5290 2145 5361 ina-

130 2769 299 2839 divinitus
321 2766 521 2835 institutum
545 2761 583 2829 in
607 2772 732 2831 natura
766 2774 952 2846 tueantur,
983 2773 1019 2830 ct
1039 2761 1105 2830 tri·

130 2873 241 2941 boant
255 2890 379 2937 somno
395 2861 616 2935 covenientia
633 2874 810 2951 tempora,
835 2886 900 2931 nec
915 2863 1105 2931 extendant

130 2970 269 3059 vigilias
297 2980 376 3058 post
405 2987 551 3035 coenam
576 2961 614 3030 in
643 2961 793 3033 multam
821 2975 981 3046 noctem,
1015 2983 1105 3053 quae

132 3073 235 3140 valde
249 3067 465 3138 labefaciunt
480 3063 572 3133 vires
587 3057 735 3130 hnmani
757 3063 927 3152 corporis.
952 3080 955 3085 ’
977 3060 1105 3154 Sequi.

1261 4551 1385 4625 Cicero
1397 4550 1508 4621 inulta
1522 4548 1655 4630 recitat,
1672 4560 1707 4618 ct
1722 4547 1796 4635 ipse
1811 4544 2012 4629 somniavit,
2025 4537 2144 4615 Octa-

1161 4654 1259 4724 vium
1274 4652 1468 4746 principem
1484 4648 1698 4743 reipublicae
1718 4647 1805 4730 iore,
1831 4645 2037 4738 priusquam
2050 4666 2144 4736 pue-

1162 4779 1241 4826 rum
1260 4768 1390 4829 iiossei.
