4538 5754
117 263 194 346 Adi
528 254 532 263 '
630 348 633 353 ¹
704 252 832 332 Plllb.
858 250 978 337 Mlib.
1003 254 1217 335 SCRIPTA
1241 252 1548 335 exituum.
2071 258 2138 345 Aut

120 436 229 509 Tales
251 447 286 506 ct
305 445 424 527 postea
443 430 589 502 luemnt
611 421 836 517 nemaeus,
873 444 909 504 et
930 430 1106 525 posterior
1259 426 1481 504 Obtnlerant
1506 445 1625 504 antem
1656 431 1878 506 occasionem
1901 436 2040 508 scelera¹
2057 461 2137 530 pon-

120 534 321 629 Pbilippus.
1157 531 1306 605 tibrum.
1339 530 1431 603 Cum
1448 547 1583 605 teneret
1596 533 1840 626 pontificatum
1855 537 1913 607 vir
1928 532 2137 631 pimOnh,

223 635 296 708 Nec
316 658 397 707 raro
417 630 564 716 accidit,
588 643 628 704 ut
648 630 719 701 viri
735 646 953 724 praestantes
969 659 1049 706 cum
1068 637 1107 705 in
1157 635 1266 705 irater
1285 635 1362 704 eius
1379 633 1483 704 lason
1503 636 1683 727 proiectus
1699 637 1745 707 ad
1759 632 2004 726 Antiochum,
2027 640 2069 710 iu
2082 662 2138 714 au·

123 740 231 813 rehm
251 736 413 828 gerendis
433 731 597 807 acerrimi
620 731 788 817 inissent,
812 749 848 808 et
861 760 927 807 nec
942 736 1107 828 periculis
1157 735 1278 826 spiciis
1304 735 1405 825 regni
1435 736 1622 827 pecuniam
1646 736 1679 827 ei
1701 738 1819 825 dedit,
1851 752 1892 810 ut
1912 752 2021 833 capto
2039 744 2136 815 fratre

124 840 209 917 ullis
235 861 300 908 uec
329 836 515 909 laboribus
544 833 803 921 succubissem,
837 850 957 930 postea
989 851 1108 910 tamen
1131 844 1135 919 Ι
1157 836 1402 929 pontificatum
1430 837 1502 909 sihi
1531 840 1697 911 traderet.
1759 836 1881 911 Simili
1905 841 2036 912 fraude
2056 844 2136 917 alias

124 938 366 1033 voluptatibus
387 937 508 1023 fracti,
533 934 755 1008 calamitosos
776 950 812 1010 et
828 939 979 1031 tragicos
995 939 1108 1011 exitus
1158 950 1279 1031 postea
1301 935 1490 1009 Menelaus
1516 939 1649 1032 cripuit
1675 940 1919 1033 pontificatum
1940 939 2081 1032 losoni,
2106 957 2135 1018 et

123 1038 327 1115 habuerint.
1157 1052 1308 1132 uterque
1335 1038 1471 1112 invexit
1493 1037 1650 1111 Graecos
1679 1042 1785 1112 ludos
1815 1043 1855 1113 in
1879 1044 2030 1131 urbem,
2059 1068 2135 1119 cou-

222 1139 369 1213 Possem
388 1137 542 1210 recentia
562 1136 719 1233 exempla
741 1162 949 1230 magnorum
975 1142 1107 1212 ducum
1158 1140 1365 1219 temnehaut
1392 1153 1429 1213 ct
1449 1141 1678 1233 negligebant
1698 1143 1859 1215 studium
1880 1144 2028 1215 divinae
2047 1146 2134 1237 legis,

126 1240 285 1315 recitare.
337 1238 382 1313 ln
403 1236 593 1312 Francisco
614 1240 766 1324 Sionis,
798 1255 930 1335 quanta
952 1243 1107 1334 primurn
1159 1239 1390 1313 imitabantur
1403 1236 1587 1313 ethnicum
1602 1243 1846 1336 splendorem,
1864 1244 2041 1328 delicias,
2064 1268 2134 1319 rau·

123 1344 238 1416 virtus
257 1339 343 1428 fnit,
366 1353 498 1435 quanta
515 1340 725 1433 magnitudo
738 1343 867 1428 animi,
892 1366 995 1414 senex
1011 1367 1108 1430 vero,
1158 1364 1214 1412 res
1236 1335 1397 1413 ethnicos
1417 1356 1483 1415 etc.
1531 1341 1699 1416 Menelao
1721 1357 1839 1438 postea
1861 1345 2052 1418 interiecto
2065 1370 2133 1421 sue

125 1444 227 1539 quasi
258 1440 379 1514 Circes
405 1442 552 1513 venenis
581 1457 709 1515 natura
738 1443 814 1514 eius
844 1457 978 1515 mutata
1009 1458 1122 1531 essct,
1157 1443 1260 1515 cessit
1274 1437 1436 1514 Alcimus
1450 1443 1629 1537 pontifex,
1653 1446 1717 1540 qui
1729 1445 1834 1517 etiam
1847 1447 1918 1520 luit
1933 1441 2134 1521 hostisMa·

125 1546 246 1639 priora
256 1546 380 1616 decora
391 1540 603 1616 libidinibus
615 1544 824 1617 deformavit
835 1557 941 1639 atque
950 1546 1081 1617 obruit.
1158 1545 1387 1630 sabaeorum,
1409 1545 1508 1616 Ilaec
1526 1546 1658 1617 scelera
1679 1546 1885 1638 pontificum
1905 1548 2058 1622 inerunt
2072 1549 2133 1621 ini·

225 1642 296 1718 Sed
319 1644 445 1716 omitto
466 1647 643 1737 exempla,
669 1669 761 1739 quae
777 1645 888 1718 lector
902 1647 1107 1719 admonitor
1157 1645 1207 1717 tia
1223 1645 1463 1717 calamitatum
1478 1646 1554 1717 eius
1566 1647 1746 1740 temporis.

124 1745 322 1819 consideret
343 1747 418 1839 ipse
440 1745 479 1816 in
495 1747 677 1817 communi
691 1747 775 1818 vita.
825 1742 916 1818 Nam
930 1760 966 1819 et
978 1745 1107 1819 Daniel
1253 1743 1515 1818 Describuntur
1536 1759 1654 1819 autem
1679 1749 1772 1819 duae
1790 1749 2036 1842 expeditiones
2054 1746 2135 1845 Epi·

124 1842 189 1920 has
207 1847 362 1939 picturas
380 1848 583 1941 proposuit,
608 1860 649 1920 ut
669 1870 795 1938 magua
819 1846 962 1939 ingenia
982 1850 1107 1920 admo-
1157 1839 1305 1937 phanis,
1338 1847 1469 1940 quihus
1499 1849 1598 1920 venit
1616 1845 1914 1944 Hierosolymam.
1950 1852 2019 1924 Bis
2046 1854 2135 1924 enim

123 1962 225 2034 neat,
249 1972 295 2019 ne
317 1948 386 2019 sibi
407 1947 632 2040 indulgeant,
657 1950 719 2021 sed
743 1949 896 2042 impetus
916 1962 951 2022 et
966 1950 1107 2044 cupidi·
1158 1946 1196 2015 in
1213 1946 1414 2043 Aegyptum
1435 1949 1634 2040 1110111101,
1656 1950 1695 2019 ῑῐῑ
1717 1951 1835 2023 rediit!
1856 1951 2136 2027 10111Ηί11010-

122 2064 211 2122 tates
238 2051 488 2135 moderentur,
520 2073 566 2120 ne
589 2073 721 2141 poenas
744 2051 813 2121 sibi
838 2063 1035 2138 accersant,
1066 2063 1108 2123 ut
1157 2046 1307 2142 lymam,
1331 2049 1457 2141 petivit
1472 2063 1588 2123 autem
1603 2046 1805 2146 Aegyptum
1822 2052 1985 2125 iactitans
1998 2066 2137 2127 setoso-

123 2151 179 2221 illi
201 2150 270 2244 ipsi
291 2173 381 2244 quos
405 2152 564 2222 recensui
582 2152 761 2238 lecerunt,
785 2145 994 2243 Philippus,
1020 2148 1108 2225 Ale·
1157 2172 1232 2219 reru
1255 2172 1331 2219 esse
1350 2150 1507 2241 cognati,
1531 2162 1568 2221 et
1587 2151 1697 2222 vicini
1716 2153 1808 2241 regis
1822 2154 2081 2241 adolescentis,
2100 2170 2137 2229 ut

122 2252 277 2336 rander,
302 2249 519 2336 Demetrius,
544 2263 577 2322 et
593 2252 657 2323 alii
673 2252 962 2324 innumerabiles.
1158 2262 1340 2342 praetextu
1355 2252 1485 2322 tutelae
1496 2246 1697 2348 Aegyptum
1714 2268 1913 2345 occuparet.
1949 2253 2002 2327 Et
2014 2254 2056 2327 in
2067 2256 2136 2349 pri-

52 2428 64 2441 ,
223 2350 266 2423 ln
288 2349 456 2423 hocloco
477 2353 618 2423 aliaest
641 2354 778 2445 pictura
799 2350 957 2434 Graecae
979 2353 1106 2446 gentis.
1156 2373 1215 2421 ma
1245 2352 1467 2444 expeditione
1489 2351 1628 2445 aliquot
1652 2353 1805 2424 urbibus
1825 2354 2002 2445 praesidia
2025 2356 2136 2451 impo-

122 2450 256 2545 Capras
279 2466 381 2525 vocat
402 2450 549 2523 Daniel:
582 2467 624 2526 ut
646 2456 741 2523 enim
765 2448 832 2524 hoe
853 2455 1016 2526 eximiam
1040 2449 1105 2525 ha·
1155 2450 1245 2535 suit,
1270 2447 1387 2523 adhuc
1404 2453 1577 2524 simulans
1589 2453 1780 2524 amicitiam
1793 2479 1875 2526 cnm
1888 2458 2136 2545 cognatordo·

123 2555 208 2624 bent
221 2554 261 2623 in
273 2555 475 2624 scandendo
488 2555 685 2640 solertiam,
710 2568 744 2627 et
757 2555 1006 2628 saltationibus
1018 2556 1106 2627 assi-
1155 2552 1318 2626 lescente.
1368 2551 1527 2626 Rediens
1539 2566 1655 2625 autem
1671 2556 1858 2627 accersitus
1871 2555 2136 2653 estflierosoly·

123 2654 204 2725 duis
229 2655 403 2745 gaudent,
439 2654 487 2725 ita
510 2651 732 2726 Graecomm
760 2656 986 2746 ingeniorum
1015 2656 1107 2729 mira
1156 2675 1251 2724 mam
1272 2650 1454 2741 alasone,
1481 2654 1546 2725 ubi
1566 2654 1717 2746 spoliato
1734 2658 1884 2746 templo,
1904 2670 1942 2729 et
1955 2659 2050 2731 facts
2064 2681 2135 2729 ma·

62 2822 66 2831 .
122 2756 192 2826 luit
214 2753 253 2825 in
275 2754 502 2848 experiundis
522 2756 627 2826 noris
649 2758 773 2844 rebus,
804 2757 942 2829 artibus
963 2772 998 2830 et
1019 2780 1107 2828 con·
1156 2777 1225 2844 gna
1251 2756 1377 2838 caede,
1407 2776 1532 2827 rursus
1554 2755 1714 2826 discessit
1731 2758 1891 2831 noudum
1914 2774 2061 2831 mntaus
2081 2757 2134 2830 ln-

122 2855 213 2927 siliis
243 2857 435 2933 curiositas.
512 2854 643 2928 'l'axsri
670 2858 776 2929 etiam
807 2858 969 2929 existimo
1001 2859 1106 2930 ludos
1155 2857 1325 2925 dacorum
1342 2851 1484 2946 Repuh.
1525 2852 1621 2926 Haec
1639 2857 1843 2929 acciderunt
1857 2882 1939 2928 cnm
1954 2859 2027 2930 iam
2044 2874 2134 2932 sexto

122 2954 298 3048 scenicos,
330 2958 460 3053 quibua
490 2980 530 3029 ea
559 2981 643 3050 gens
673 2960 860 3052 praecipue
883 2961 1003 3032 dedita
1026 2960 1106 3046 fuit,
1156 2977 1253 3025 anno
1281 2970 1444 3046 regnaret
1469 2952 1696 3048 Epiphanes,
1730 2957 1911 3046 videlicet,
1942 2973 2025 3052 post
2053 2956 2133 3033 Ale·

120 3058 498 3235 tiut³2¹5ffl¹¹²
526 3083 654 3152 '⁰²⁸⁰'
677 3061 810 3157 Μ’
834 3075 1048 3153 ''²¹'‘“‘⁰¹¹‘
1071 3073 1106 3134 “
1155 3055 1978 3231 ¹²⁰⁶iffir‘ii'iiii'riiihmaaare
2090 3185 2132 3247 a,

221 3258 346 3334 Redeo
360 3275 477 3334 antem
492 3263 536 3333 ad
550 3260 790 3335 narrationem
801 3257 973 3333 vaticinii.
1004 3254 1106 3328 Lon·
1155 3279 1239 3327 nam
1253 3252 1476 3329 Philometor
1495 3258 1676 3351 expulerat
1697 3259 1871 3352 praesidia
1887 3260 2023 3335 Antioc
2052 3263 2083 3351 ⁸,
2101 3274 2133 3333 et

120 3382 184 3453 gus
197 3357 387 3453 Catalogos
400 3385 638 3434 successorum
648 3361 845 3432 Alexandri
860 3361 953 3430 iufra
967 3360 1012 3430 ab
1028 3358 1105 3450 ipso
1154 3358 1326 3450 petiverat
1345 3359 1517 3429 auxilium
1537 3356 1760 3435 aRomanis.
1812 3358 1922 3435 Venit
1937 3363 2051 3455 igitur
2062 3358 2132 3437 Au-
2171 3360 2173 3411 ἶ

120 3459 270 3534 Daniele
290 3461 544 3538 recensebitur.
606 3460 711 3533 Nunc
731 3463 878 3531 caeteris
898 3459 1038 3531 omissis
1060 3464 1106 3530 de
1154 3454 1293 3561 tiqchus
1317 3459 1450 3530 bellum
1472 3459 1636 3531 illaturus
1656 3474 1815 3552 cognato.
1863 3462 1937 3536 Sed
1952 3462 2134 3539 Romanos

120 3558 301 3634 Antiocho
318 3556 507 3658 Epiphaue
524 3563 631 3649 dicit,
656 3562 719 3656 qui
740 3561 809 3633 luit
828 3574 926 3633 ortus
946 3559 1106 3633 aSeleu-
1154 3560 1290 3651 legatus
1316 3556 1479 3653 Popiliup
1506 3560 1620 3634 vetuit
1646 3561 1781 3633 bellum
1811 3562 1938 3637 inlerri
1965 3564 2134 3663 Aegypto,

120 3687 182 3749 co,
206 3676 247 3735 ut
269 3663 361 3736 iufra
381 3688 573 3758 exponam,
596 3688 638 3737 ec
661 3685 809 3754 regnum
833 3661 959 3759 Syriae
979 3662 1106 3738 tenuit.
1155 3674 1190 3734 et
1204 3662 1493 3733 commemoravit
1506 3659 1677 3733 Senatum
1692 3666 1920 3736 defensurum
1936 3662 2132 3762 esseAegy·

121 3760 225 3857 Cepit
255 3777 372 3835 autem
400 3789 546 3859 regnare
569 3789 664 3838 anno
690 3776 768 3857 post
789 3760 984 3836 Alexandri
1008 3788 1105 3835 mor·
1155 3776 1269 3853 ptum.
1320 3759 1481 3856 Cumque
1497 3759 1697 3835 Antiochus
1717 3768 1883 3857 ambigue
1896 3770 2130 3861 responderet,

120 3878 190 3935 tem
210 3862 292 3951 13⁷,
316 3880 356 3938 ut
374 3879 524 3939 testatur
543 3868 683 3961 primus
704 3867 797 3938 liber
817 3865 1106 3951 Macahaeorum,
1154 3862 1315 3956 Popilius
1353 3863 1595 3936 circumducto
1629 3886 1717 3960 gyro
1745 3867 1878 3939 circum
1903 3864 2128 3951 An'sioebon,

120 3960 190 4037 hoe
219 3980 289 4050 est,
325 3969 480 4039 secundo
513 3992 608 4040 anno
637 3964 865 4064 Olympiadis
894 3966 1106 4037 centesimae
1154 3962 1289 4059 inquit,
1313 3961 1360 4035 Se
1383 3964 1581 4059 postulare,
1607 3981 1647 4038 ut
1670 3968 1800 4040 diserte
1818 3970 2055 4061 respoudeat,
2075 3963 2132 4039 Au

121 4068 408 4163 quadragesimae
425 4093 553 4143 nonae.
1155 4091 1196 4138 er
1218 4061 1380 4161 Aegypto
1403 4065 1618 4138 discessurus
1639 4066 1705 4155 sit,
1738 4082 1772 4142 et
1795 4069 2020 4144 abducturus
2043 4092 2132 4144 exer-

222 4167 402 4244 Usiutom
417 4182 624 4254 astantem,
647 4181 689 4240 ut
701 4165 864 4237 omnium
879 4180 1032 4240 aetatum
1046 4163 1105 4237 hi·
1154 4166 1283 4252 citum,
1307 4180 1368 4239 aut
1391 4191 1484 4249 uon,
1509 4167 1714 4264 priusquam
1735 4194 1777 4241 ex
1797 4166 1866 4243 hoc
1886 4171 2025 4245 circulo
2041 4194 2133 4265 egre·

122 4271 251 4344 sturiae
276 4272 491 4356 ostendunt,
525 4292 625 4367 reges
643 4281 874 4361 attemperare
894 4284 1001 4363 utque
1019 4269 1104 4339 reli·
1154 4268 1324 4340 deretur?
1373 4265 1430 4340 lbi
1444 4269 1651 4363 perterritus
1666 4267 2062 4366 Antiochus'promittit
2075 4296 2131 4367 ps·

95 4434 98 4439 .
122 4373 245 4464 giones
258 4375 304 4443 ad
319 4396 419 4446 suam
433 4372 634 4448 utilitatem.
667 4367 790 4465 ltaque
802 4394 882 4441 cum
897 4366 1104 4464 Epiphanes
1153 4393 1241 4445 cem.

120 4475 225 4544 sciret
241 4471 391 4546 ludaeos
413 4489 559 4571 propter
579 4470 785 4562 religionem
811 4494 886 4541 non
905 4473 1007 4560 facile
1027 4473 1103 4566 pati
1253 4466 1412 4543 Rediens
1435 4468 1546 4560 igitur
1565 4471 1637 4543 iam
1657 4496 1677 4543 a
1695 4468 1865 4545 Menelao
1884 4488 2037 4548 vocatur
2051 4472 2129 4547 llic·

123 4590 264 4646 exterua
281 4572 450 4668 imperia,
475 4590 510 4649 et
532 4575 668 4647 videret
687 4584 808 4643 tamen
822 4593 859 4642 se
872 4584 1015 4643 nactum
1029 4597 1103 4644 esse
1152 4572 1387 4665 rosolymam,
1420 4571 1473 4641 ibi
1502 4572 1658 4645 celebrat
1685 4571 1942 4663 Bacchanalia,
1974 4580 2130 4649 adiutore

122 4675 341 4745 occasionem
361 4677 546 4774 utriusque
569 4676 641 4762 rei,
666 4673 861 4767 potiundae
876 4670 1042 4759 ludaeae,
1068 4689 1101 4747 et
1152 4671 1339 4767 Menelao,
1365 4667 1566 4766 prophanat
1586 4676 1758 4766 templum
1777 4677 1950 4750 collocato
1967 4678 2022 4751 ihi
2036 4677 2127 4752 idolo

121 4777 317 4847 mutandae
338 4776 538 4868 religionis,
561 4773 672 4848 homo
692 4770 815 4848 atheos
836 4786 872 4845 et
894 4774 956 4869 qui
978 4798 1102 4846 omnes
1153 4772 1249 4845 lovis
1270 4768 1452 4868 Olympii,
1491 4774 1626 4868 ubique
1655 4787 1740 4846 aute
1766 4779 1895 4850 domos
1919 4792 2128 4853 extruuntur

120 4877 310 4968 religiones
332 4878 466 4970 pariter
483 4880 662 4951 fabulosas
679 4898 754 4947 esse
775 4876 944 4961 ducebat,
977 4889 1011 4947 et
1031 4876 1106 4946 im«
1151 4898 1254 4961 arae,
1278 4887 1313 4945 et
1334 4875 1569 4968 imponuntur
1590 4876 1685 4947 idola
1707 4881 1894 4968 gentilium
1909 4900 2031 4968 more,
2052 4902 2129 4974 pre·

122 4977 219 5047 mani
240 4979 435 5070 petulantia
455 4981 581 5053 ruebat
601 4980 640 5049 iu
659 4977 848 5058 libidines,
872 4988 908 5048 el
925 4978 1101 5049 inomnia
1150 4973 1252 5049 hibet
1274 4976 1386 5067 legem
1406 4990 1442 5048 et
1463 4976 1780 5055 circumcisionem.
1829 4976 1879 5054 Et
1898 4980 2128 5056 addiditMe·

120 5080 271 5167 liagitia,
298 5080 371 5172 quo
391 5100 495 5150 caeco
511 5081 644 5174 impetu
661 5080 884 5171 rapiebatur,
908 5078 947 5149 in
962 5092 1101 5151 utrum-
1151 5077 1254 5148 nelso
1275 5072 1627 5170 poutiheicohortem
1642 5104 1733 5174 quae
1745 5095 1886 5153 tueatur
1898 5086 1996 5175 regia
2009 5084 2127 5157 edicta.

120 5200 190 5272 que
212 5179 376 5254 incubuit
396 5180 565 5253 omnihus
586 5182 741 5261 viribus,
765 5194 814 5269 ut¹
828 5193 864 5251 et
879 5176 1044 5251 iudaeam
1060 5180 1100 5250 in
1133 5176 1363 5252 'Cremantur
1387 5177 1477 5248 sacri
1505 5178 1606 5265 libri,
1646 5183 1752 5252 multi
1782 5184 1832 5275 pii
1856 5185 2127 5269 interficiuntur,

120 5279 322 5351 servitutem
346 5281 537 5371 redigeret,
568 5272 605 5353 et
627 5296 781 5353 veterem
800 5285 847 5352 de
866 5276 944 5351 Deo
965 5284 1099 5354 doctri-
1147 5280 1299 5350 maxima
1326 5282 1409 5371 po‘rs
1429 5280 1555 5372 populi
1576 5283 1703 5353 deiecit
1724 5286 1768 5353 ad
1790 5281 1974 5362 Ethuieoa
2036 5286 2127 5359 llaec

117 5404 202 5450 nam
216 5406 237 5452 a
249 5376 438 5475 Prophetis
451 5396 629 5476 acceptam
644 5405 788 5474 prorsus
803 5381 974 5457 aboleret.
1116 5400 1125 5459 t
1147 5382 1351 5454 1111001001
1364 5402 1463 5452 111110
1480 5381 1566 5460 146·
1579 5397 1659 5477 posi
1675 5399 1825 5459 10111111
1842 5384 2054 5461 Alexandri·
