4538 5754
111 258 187 336 sss
712 250 778 330 ιιι.
826 231 1581 357 ntuaoocrntnaarnrstcsr.
2071 177 2180 330 'sss'

116 452 192 502 uon
209 441 297 502 sunt
310 422 497 504 ordinata}¹
547 422 631 499 Nou
647 424 757 517 igitur
771 428 989 519 respondent
1002 448 1110 497 even-
1161 422 1408 494 eluctatnsest.
1447 415 1502 487 Ne
1515 411 1584 487 hoc
1597 412 1741 509 quidem
1753 413 1824 488 fuit
1838 418 2037 490 fortuitum.
2069 419 2140 493 Sed
2204 476 2208 500 .

116 544 174 605 tus
199 531 427 623 regulariter.
478 523 631 599 Etiamsi
647 529 838 619 piscatores
849 527 985 599 Milesii
1002 525 1111 598 semel
1160 521 1351 593 cumsciret
1359 518 1476 591 Deum
1485 516 1698 588 calamitates
1706 517 1955 589 invocantibus
1969 523 2141 612 mitigare,
2221 614 2224 618 Δ

117 656 270 706 aureum
286 632 464 724 tripodem
483 641 728 713 extraxerunt,
752 644 871 701 tamen
893 650 967 728 nou
984 641 1036 699 est
1051 648 1110 697 re·
1161 623 1372 724 confugiens
1387 621 1432 689 ad
1457 613 1549 688 hanc
1571 639 1703 702 arcem,
1741 619 1868 711 petivit
1891 632 1925 690 et
1948 623 2141 713 expectavit

119 734 255 825 gulare,
274 732 439 802 invenire
455 730 494 799 in
510 730 646 800 eo‘loco
661 751 786 800 aureos
799 729 967 820 tripodes.
991 726 1113 798 Verba
1162 724 1334 794 auxilium
1367 720 1463 791 iuxta
1486 718 1738 812 promissiones
1761 720 1919 804 divinas,
1952 736 1986 792 et
2009 723 2141 795 sciebat
2227 725 2233 737 '

119 834 329 908 Aristotelis
351 833 459 920 digna
481 829 655 901 memoria·
674 825 761 900 haec
783 842 881 899 sunt:
914 822 1040 902 πάντα
1062 822 1111 898 ad
1163 823 1421 893 invocationem
1437 844 1511 890 non
1529 841 1603 890 esse
1618 818 1769 895 irritam.
1818 818 1893 890 Nec
1915 822 2065 895 dubium
2088 835 2140 894 est

121 928 273 1034 φύσειῆ
288 928 346 1005 ἀεὶ
362 927 462 1004 οὕτω
475 925 670 1030 querani*
686 925 738 1010 ὥς
759 925 818 1001 ἐπὶ
830 924 874 1001 τὸ
891 925 1007 1015 πολι),
1032 931 1111 1000 τῶν
1161 923 1334 995 Davidem
1350 934 1526 992 servatum
1543 933 1577 990 et
1593 923 1796 991 restitutum
1809 941 1883 990 esse
1895 924 2028 992 auxilio
2045 924 2141 993 divi-

123 1032 161 1109 δὲ
182 1031 263 1107 ἀπὸ
279 1027 395 1126 τύχης
414 1028 478 1104 καὶ
498 1036 567 1104 τοῦ
581 1025 798 1124 αὐτομάτου
824 1024 947 1102 οὐδέν.
999 1027 1111 1099 Natu·
1161 1048 1230 1108 no,
1255 1047 1327 1116 quo
1344 1036 1385 1093 ut
1398 1022 1597 1099 iuvaretur,
1622 1021 1696 1112 ipse
1710 1019 1815 1091 etiam
1835 1043 1897 1091 sua
1917 1022 2140 1096 invocatione

124 1162 180 1207 rae
194 1149 260 1206 aut
277 1157 428 1225 semper,
446 1145 507 1202 aut
520 1133 720 1224 plerunque
728 1133 942 1221 respondent
957 1129 1110 1201 effectus.
1162 1124 1377 1215 impetravit.

123 1238 281 1308 Possunt
306 1234 402 1305 enim
429 1233 586 1302 incidere
610 1232 881 1323 impedimenta,
914 1243 955 1301 ut
976 1228 1111 1299 curatio
1265 1221 1555 1312 Hocexemplnm
1571 1220 1703 1311 singuli
1719 1222 1762 1293 ad
1786 1245 1851 1292 nos
1872 1223 1968 1313 ipsos
1989 1224 2140 1296 transfe-

122 1337 288 1408 rnlueris
302 1333 469 1426 impediri
485 1346 616 1424 potest,
641 1355 702 1403 seu
724 1332 807 1424 quia
831 1332 941 1400 telum
962 1329 1032 1400 fuit
1051 1352 1112 1397 ve·
1163 1348 1300 1406 ramus,
1325 1336 1359 1394 et
1375 1344 1602 1411 agnoscamus
1616 1345 1679 1411 per
1693 1345 1730 1392 se
1747 1345 1866 1393 causas
1879 1325 2053 1415 lapsuum,
2078 1328 2141 1418 qui

123 1452 321 1520 uenatum,
361 1456 424 1503 seu
450 1433 534 1526 quia
555 1432 789 1502 inflammatio
811 1431 930 1524 aliqua
959 1429 1112 1509 accessit,
1164 1424 1377 1517 antecedunt
1395 1446 1545 1513 poenas,
1563 1434 1600 1493 et
1614 1445 1677 1512 per
1691 1446 1729 1493 se
1742 1446 1863 1493 causas
1877 1424 2143 1513 liberationum,

121 1553 183 1610 aut
216 1538 319 1608 alind
349 1535 510 1604 accidens
538 1533 786 1624 perniciosum.
849 1530 954 1601 Nunc
984 1531 1029 1600 de
1056 1552 1113 1598 re-
1163 1527 1212 1598 ita
1227 1524 1464 1613 intelligemus
1480 1523 1699 1611 diligentiam
1715 1524 1753 1592 in
1782 1524 1904 1594 multis
1928 1527 2033 1595 rebus
2057 1550 2142 1617 pro-

123 1639 298 1712 ductione
321 1657 505 1706 causarum
528 1634 766 1723 peraccidens
793 1633 837 1703 ad
854 1653 974 1701 causas
996 1652 1060 1720 per
1076 1652 1112 1698 se
1164 1628 1282 1708 desse,
1307 1634 1495 1694 nectutem
1514 1624 1623 1692 vitam
1639 1646 1738 1708 casu,
1763 1645 1826 1694 seu
1839 1625 1983 1695 fortuna
2004 1627 2090 1716 regi.

1263 1722 1423 1795 Eventus
1435 1734 1553 1794 autem
1569 1722 1706 1793 fortuiti
1720 1725 1845 1794 referri
1857 1748 1984 1816 magua
1994 1741 2140 1818 exparte

1164 1828 1208 1896 ad
1229 1819 1293 1894 has
1306 1847 1364 1894 sex
1379 1846 1499 1894 causas
1525 1837 1688 1913 possunt:
1712 1827 1757 1894 ad
1773 1821 1888 1894 Deum
1920 1842 1955 1897 et
1970 1828 2047 1916 pios
2061 1823 2142 1897 Au-

1164 1927 1261 2017 gelos
1276 1925 1352 1995 eius
1367 1924 1567 2007 ministros,
1602 1924 1648 1992 ad
1662 1925 1948 2015 malosspiritue,
1981 1930 2026 1996 ad
2051 1942 2142 1997 tem-

1163 2028 1384 2119 peramenta,
1408 2025 1454 2094 ad
1468 2023 1584 2093 varias
1599 2024 1848 2096 inclinationes
1863 2048 1884 2096 a
1900 2028 2012 2096 stellis
2035 2043 2141 2110 ortas,

302 2195 340 2214 ..
450 2196 458 2213 ,
501 2196 511 2214 ,
708 2196 755 2214 ,,
850 2196 859 2213 ,
1163 2130 1209 2198 ad
1232 2148 1314 2198 suos
1341 2124 1512 2218 cuiusque
1541 2146 1674 2210 mores,
1718 2125 1872 2219 denique
1901 2129 1945 2196 ad
1974 2128 2142 2199 materiae

232 2193 312 2267 lton
330 2219 369 2265 ru
381 2195 530 2266 indicus
551 2197 657 2266 rebus
680 2191 773 2265 nihil
797 2207 923 2266 attinet
944 2214 1113 2286 quaerere
1162 2226 1436 2301 fluxibffimm·

129 2318 255 2372 causas
271 2319 402 2385 perse,
426 2310 544 2365 tamen
560 2297 693 2365 multae
709 2318 856 2384 magnae
877 2317 934 2362 res
948 2293 1112 2362 accidunt

127 2395 544 2512 hominibusomnibus,
570 2392 946 2513 ntPompeio,1ulio,
972 2392 1113 2477 etaliis,
1164 2448 1226 2519 De
1247 2442 1466 2520 reductione
1488 2452 1689 2518 eventuum
1718 2441 1769 2517 aa
1783 2385 1920 2518 ΠΜ
1960 2444 2142 2520 mabo-

127 2521 222 2595 quae
237 2506 474 2567 nominantur
485 2495 669 2582 fortuitae,
699 2519 849 2588 quarum
869 2516 988 2566 causas
1005 2515 1112 2586 quae·
1913 2496 1926 2534 ³

124 1742 266 1823 dicam,
294 1737 359 1808 ubi
381 1738 425 1805 de
446 1735 518 1804 fato
545 1747 580 1805 et
602 1734 725 1805 multis
743 1731 1011 1826 quaestiouibus
1032 1729 1113 1799 aliis

121 1840 200 1910 dici
216 1860 356 1909 necesse
374 1851 437 1908 est.

179 2050 246 2124 Ad
256 2071 348 2144 psus
366 2070 507 2121 causus
518 2069 589 2142 pet·
600 2069 643 2121 se
661 2047 858 2121 reducitur
879 2042 1067 2165 faunus?

127 2624 213 2673 rere
226 2599 274 2669 ad
290 2594 582 2686 gubernationem
593 2595 691 2665 vitae
702 2596 791 2667 utile
809 2608 869 2672 est.
898 2593 1111 2687 Quanquam

129 2688 290 2773 enimin
314 2691 380 2765 hac
400 2696 641 2766 imbecillitate
663 2690 839 2765 humanae
861 2707 1007 2765 naturae
1028 2717 1113 2785 pro-

129 2800 223 2893 spici
239 2796 364 2868 omnia
382 2820 457 2865 non
478 2809 644 2887 possunt,
682 2809 801 2867 tamen
822 2797 941 2889 aliqua
963 2794 1113 2865 consilio

127 2899 208 2991 regi
221 2923 245 2969 a
261 2897 454 2967 moderatis
466 2897 603 2967 naturis
616 2910 775 2987 possunt.
824 2895 898 2966 Nec
914 2896 1010 2965 enim
1030 2894 1114 2964 uni·

129 2998 324 3071 versaliter
339 3020 462 3066 verum
486 3010 557 3080 est,
588 2997 685 3089 quod
709 2996 854 3066 dicitur:
882 2995 1002 3066 Vitam
1025 2993 1116 3083 regit

130 3104 302 3182 fortuna,
327 3120 402 3165 non
418 3096 609 3186 sapientia,
634 3096 746 3167 multa
766 3096 933 3166 omnibus
949 3095 1114 3166 accidunt

129 3213 278 3294 praeter
300 3196 531 3288 opinionem,
568 3209 714 3287 propter
740 3196 853 3267 varias
876 3219 1015 3281 causas,
1055 3195 1116 3265 sed

132 3319 257 3374 tamen
289 3296 478 3367 consilium
511 3308 545 3365 et
576 3296 853 3366 consolationem
878 3297 915 3364 in
943 3291 1011 3367 hac
1037 3310 1117 3365 tan-

134 3417 170 3474 ta
186 3397 435 3469 imbecillitate
461 3409 581 3466 nostra
611 3397 650 3463 in
672 3397 780 3466 rebus
805 3396 1001 3487 praecipuis
1020 3394 1117 3465 Deus

133 3497 316 3582 ostendit,
356 3509 391 3568 et
424 3499 596 3589 quaedam
620 3497 797 3566 moderari
818 3496 952 3584 agnitio
974 3494 1043 3566 Dei
1084 3508 1118 3566 et

134 3597 329 3691 diligentia
347 3595 498 3667 rationis
520 3607 685 3687 possunt:
715 3609 756 3668 ut
770 3594 920 3667 Davidis
933 3592 1118 3666 historiam

132 3700 415 3776 consideremus.
476 3695 637 3767 Primum
672 3709 809 3788 poterat
838 3696 950 3767 vitare
976 3719 1119 3787 poenas,

134 3799 332 3875 domestica
347 3793 550 3888 parricidia,
572 3797 783 3878 seditiones,
805 3797 963 3882 exilium,
984 3797 1119 3866 bellum

135 3901 268 3984 civile,
300 3897 332 3966 si
348 3897 393 3965 ab
407 3897 552 3967 alterius
567 3920 676 3968 uxore
693 3898 930 3984 abstinuisset,
954 3911 996 3967 ut
1010 3896 1120 3968 absti-

236 4097 468 4168 Democritus
488 4119 570 4167 casu
597 4096 762 4168 accidisse
781 4096 912 4168 Davidi
935 4119 1122 4169 aerumnas

136 4203 221 4274 illas
237 4199 384 4269 diceret.
418 4195 492 4268 Nos
508 4198 546 4267 in
554 4193 708 4267 Ecclesia
716 4196 783 4268 Dei
798 4221 938 4268 necesse
952 4211 1004 4269 est
1019 4199 1123 4269 aliter

137 4301 288 4377 sentire.
340 4295 422 4368 leno
439 4322 483 4367 ne
499 4299 643 4392 quidem
656 4293 868 4389 Philosophi
884 4319 1007 4369 omnes
1026 4299 1123 4369 dice·

137 4416 242 4488 rent,
269 4398 437 4469 accidisse
452 4400 535 4468 illos
555 4399 671 4469 tristes
691 4413 834 4470 eventus
854 4397 1007 4483 Davidi,
1046 4399 1123 4470 sine

137 4505 264 4597 aliqua
280 4522 344 4590 per
363 4522 398 4569 se
414 4521 528 4573 causa.
577 4496 718 4569 Deinde
732 4501 845 4570 multo
861 4501 979 4570 minus
995 4498 1124 4570 libera-

140 4606 195 4676 tio
208 4600 283 4672 tuit
295 4600 452 4673 fortuita.
476 4597 558 4668 Non
575 4600 681 4688 igitur
692 4614 800 4671 totam
816 4600 924 4669 vitam
940 4599 1028 4689 regit
1044 4623 1124 4671 coe·

141 4730 181 4779 ra
202 4705 363 4774 fortuna.
420 4699 537 4770 David
562 4725 628 4770 suo
651 4701 753 4791 lapsu
777 4701 960 4771 accersivit
984 4723 1127 4792 poenas,

142 4828 237 4898 qnae
261 4825 336 4870 non
362 4798 589 4882 accidissent,
630 4800 661 4870 si
681 4802 727 4872 ab
749 4800 865 4870 aliena
890 4801 1126 4871 abstinuisset.

137 4904 228 4981 Nou
244 4902 355 4990 igitur
369 4901 408 4968 iu
430 4901 610 4973 fortunam
634 4904 881 4986 conferantur,
914 4902 975 4970 sed
1000 4902 1038 4968 iu
1062 4927 1128 4973 vo·

141 5007 321 5076 luntatem
328 4997 491 5086 Davidis,
515 5016 556 5071 ut
569 5015 703 5072 veteres
719 5002 908 5075 nominant
917 4996 1128 5097 αὖθαῖρετα

142 5097 320 5200 πήματα,
348 5115 382 5170 ct
397 5097 573 5171 Homems
591 5104 636 5172 de
649 5100 708 5173 Iro
723 5102 855 5195 inquit:
943 5158 946 5167 .

226 5208 252 5304 ἦ
272 5209 372 5298 τάχα,
386 5205 473 5300 Ἶρος
492 5211 581 5299 cibos
601 5213 790 5283 lafouoosov
803 5217 899 5282 suxis
910 5213 978 5295 ἱζει.

142 5338 285 5415 Deinde
299 5363 376 5409 nou
389 5334 699 5411 succubuitDavid
714 5340 754 5411 iu
769 5342 908 5435 poenis,
929 5364 971 5413 ae
984 5342 1128 5414 taudem

194 5442 384 5513 Mesena.
412 5445 516 5510 Ores.
543 5443 627 5509 Vos..
653 5442 748 5512 xm

1403 2585 1472 2635 nos
1499 2570 1567 2635 out
1590 2565 1712 2636 mulos
1725 2567 1899 2657 spiritus.

1266 2725 1358 2800 Gum
1372 2730 1503 2820 duplex
1521 2727 1610 2799 actio
1625 2726 1693 2799 Dei
1709 2731 1772 2815 sit,
1798 2731 1866 2801 alia
1885 2752 1976 2823 quae
1999 2745 2146 2801 vocatur

1166 2830 1357 2922 generalis,
1397 2854 1477 2898 cum
1499 2831 1599 2899 Deus
1628 2830 1700 2917 agit
1728 2855 1808 2899 cum
1832 2833 1946 2899 causis
1970 2831 2145 2911 secundis,

1167 2956 1207 3000 eo
1232 2931 1381 3013 ordine,
1417 2943 1458 2999 ut
1480 2929 1653 3010 instituit,
1691 2944 1731 3001 nt
1752 2954 1831 3000 cum
1850 2931 1888 2998 in
1915 2932 2146 3018 generatione

1165 3029 1437 3103 foecunditatem
1453 3043 1637 3120 parentum
1657 3043 1828 3101 sustentat
1876 3044 1911 3099 et
1937 3032 2077 3116 adivat,
2103 3033 2147 3100 de

1168 3129 1236 3202 hac
1261 3131 1417 3221 generali
1439 3132 1576 3199 actione
1608 3124 1676 3199 hoc
1702 3131 1780 3199 loco
1795 3130 2024 3201 nondicitur.
2075 3130 2147 3202 Sed

1167 3232 1230 3304 alii
1256 3230 1360 3305 multi
1390 3243 1536 3300 eventus
1564 3242 1664 3314 suut,
1707 3254 1795 3324 quos
1819 3233 1862 3301 ad
1886 3232 2146 3320 providentiam

1168 3333 1327 3403 divinam
1348 3331 1474 3400 referri
1496 3353 1638 3399 necesse
1659 3344 1730 3416 est,
1772 3322 1834 3425 qni
1857 3356 1933 3400 non
1954 3357 1996 3402 eo
2021 3332 2148 3403 ordine

1168 3434 1278 3515 fiunt,
1302 3446 1342 3502 ut
1356 3453 1478 3501 causae
1493 3431 1684 3514 secundae,
1709 3430 1798 3525 qnae
1818 3432 2063 3525 principaliter
2083 3454 2149 3521 gu·

1170 3537 1321 3603 bernent
1345 3547 1531 3617 eventum,
1566 3534 1758 3602 monstrari
1783 3533 1930 3622 possint.
1996 3531 2045 3604 Ut
2066 3557 2147 3602 cum
2241 3554 2246 3567 ·

1170 3633 1304 3705 Moises
1319 3644 1499 3717 servatur,
1529 3633 1568 3700 in
1591 3654 1718 3724 aquam
1739 3633 1912 3717 abiectus,
1954 3646 2015 3704 aut
2035 3631 2148 3728 Cyrus

1171 3733 1300 3824 erponi
1318 3732 1454 3815 iussus,
1485 3745 1547 3802 aut
1566 3729 1693 3801 Petrus
1715 3757 1794 3802 cnm
1820 3733 1978 3822 Angelus
2003 3756 2084 3805 eum
2107 3755 2148 3803 er

1170 3857 1307 3905 carcere
1324 3833 1452 3904 educit.
1491 3830 1702 3921 Saepissime
1718 3832 1823 3902 etiam
1839 3834 1885 3901 ab
1896 3831 2044 3922 Angelis
2059 3857 2149 3904 cou-

1170 3935 1286 4007 territi
1300 3958 1341 4004 ac
1357 3931 1533 4024 profligati
1547 3943 1631 4002 sunt
1645 3932 1826 4005 exereitus.
1859 3931 2077 4005 Huiusmodi
2092 3934 2150 4001 in·

1171 4033 1406 4106 numerabilia
1436 4033 1530 4103 bona
1561 4030 1728 4104 eveniunt
1759 4028 1966 4104 hominibus
1996 4031 2149 4126 proprie,

1171 4136 1240 4210 Dei
1265 4133 1435 4206 beneficio
1479 4147 1515 4203 et
1535 4132 1731 4204 ministerio
1750 4135 1990 4224 Angelorum,
2032 4157 2150 4226 neque

1172 4238 1267 4309 enim
1289 4237 1419 4306 frustra
1435 4230 1581 4324 Angelis
1595 4237 1760 4307 mandata
1781 4250 1832 4307 est
1855 4231 2151 4326 custodiaEccle·

1173 4340 1245 4410 siae
1275 4349 1311 4406 et
1323 4337 1611 4425 gubernatorum.

1274 4432 1430 4506 Econtra
1465 4458 1567 4526 saepe
1589 4431 1685 4505 Deus
1720 4433 1768 4502 ita
1802 4434 1907 4524 punit
1935 4449 2070 4522 sontes,
2109 4448 2152 4508 ut

1176 4550 1321 4609 eventus
1336 4559 1409 4606 non
1425 4538 1567 4627 proprie
1582 4535 1704 4604 referri
1718 4536 1762 4601 ad
1772 4558 1892 4604 causas
1901 4533 2062 4632 physicas
2070 4559 2152 4628 pos·

1177 4641 1243 4723 sit,
1269 4651 1310 4706 ut
1333 4662 1413 4706 cnm
1436 4638 1590 4728 perdidit
1610 4636 1788 4705 'civitatem
1812 4633 2067 4724 Sodomorum,
2088 4650 2150 4708 aut

1175 4763 1256 4810 cum
1281 4733 1443 4829 Oedipus
1466 4751 1557 4808 terra
1586 4731 1788 4806 dehiscente
1818 4740 2037 4812 absorbetur.
2099 4734 2148 4809 Et

1177 4862 1302 4927 magua
1318 4861 1399 4931 pars
1412 4837 1692 4908 tristissimorum
1709 4850 1898 4908 eventuum
1924 4841 1964 4908 in
1988 4853 2064 4911 toto
2088 4861 2149 4928 ge·

1165 4964 1263 5010 -nere
1279 4935 1435 5010 humano
1467 4936 1711 5030 principaliter
1734 4938 1849 5010 oritur
1866 4937 2067 5026 aDiabolo,
2088 4938 2152 5033 qui

1178 5042 1316 5112 furores
1330 5041 1368 5109 in
1382 5040 1502 5131 impiis
1524 5039 1724 5108 confirmat:
1756 5054 1798 5109 ut
1827 5063 1907 5110 cum
1931 5041 1970 5109 in
1991 5039 2152 5137 tyrannis

1165 5141 1275 5213 acuit
1303 5153 1338 5211 et
1357 5155 1458 5229 auget
1480 5140 1742 5223 crudelitatem,
1773 5165 1925 5233 quorum
1950 5142 2054 5214 multi
2076 5142 2153 5211 sine

1179 5244 1253 5312 ulla
1290 5265 1391 5314 causa
1432 5254 1612 5333 parentes,
1657 5240 1801 5326 fratres,
1841 5243 1989 5329 liberos,
2029 5241 2155 5312 coniu-

1180 5366 1241 5434 ges
1253 5343 1524 5426 intcrfecerunt,
1547 5355 1589 5416 ut
1602 5341 1758 5414 Selimus
1774 5342 1966 5434 imperator
1981 5341 2155 5414 Turricus

1486 5445 1535 5518 st
