4538 5754
187 243 267 317 sst·
298 226 312 237 '

191 417 268 508 pla,
302 407 352 478 sic
368 407 480 474 fatum
505 398 678 490 Virgilius
704 398 873 489 intelligit
902 400 1177 492 providentiam,

192 539 272 588 cum
286 510 335 581 ait
349 510 393 577 de
408 527 507 574 ramo
528 525 652 570 aureo:

291 615 418 698 Nonque
434 617 498 694 ipse
516 613 619 672 rolens
634 608 791 694 facilisque
814 621 965 691 sequetur,

293 717 329 784 Si
343 729 373 778 te
387 715 448 776 fata
462 723 570 774 vocant
576 754 589 788 ,
614 714 699 774 aliter
714 731 777 772 non
792 713 904 772 viribus
929 714 1001 772 ullis

178 873 182 882 .
294 818 441 894 Vincere,
465 836 521 877 neo
536 813 611 877 duro
628 816 740 894 poteris
762 816 932 875 convellere
947 813 1046 875 ferro.

194 918 236 989 Id
251 929 320 996 est,
347 914 376 982 si
394 927 427 982 to
444 909 666 1000 providentia
683 907 805 977 divina
820 907 976 981 adiuvat.

295 1043 344 1117 Et
386 1040 473 1112 haec
506 1043 575 1112 fata
613 1041 783 1110 dicuntur
813 1038 1070 1122 immutabilia,
1105 1062 1179 1108 non

198 1151 306 1224 stoica
341 1143 563 1226 necessitate,
588 1142 647 1208 sed
669 1141 872 1211 necessitate
897 1140 1181 1233 consequentiae,

199 1253 283 1347 quia
304 1247 414 1317 aDeo
439 1246 575 1312 decreta
591 1256 700 1325 sunt,
732 1254 851 1332 estque
876 1234 1042 1310 hocloco
1068 1241 1179 1335 fatum

198 1349 386 1442 adpellatio
416 1366 538 1414 causae
570 1366 631 1432 per
663 1366 716 1423 se,
750 1343 833 1434 quia
861 1341 1036 1430 significat
1064 1339 1180 1410 Deum

197 1451 284 1524 haec
314 1449 557 1527 ordinantem,
593 1443 650 1512 vel
676 1443 941 1532 gubernantem.
1005 1438 1116 1513 Recte
1147 1453 1180 1511 et

197 1575 330 1647 poenas
347 1546 468 1620 fatales
483 1552 559 1615 esse
572 1543 736 1626 dicimus,
761 1566 851 1636 quae
865 1543 949 1635 quia
962 1542 1074 1612 iustae
1087 1555 1181 1625 sunt,

200 1684 220 1726 a
238 1653 313 1724 Deo
329 1649 512 1720 ordinatae
534 1659 635 1726 sunt,
661 1658 703 1715 ut
723 1647 795 1714 fato
820 1644 958 1713 deletur
984 1639 1182 1712 Pharaonis

202 1755 388 1827 exercitus.

301 1853 530 1945 Nequaquam
558 1870 641 1916 vero
670 1847 842 1917 utendum
866 1858 917 1914 est
939 1845 1002 1914 fati
1024 1842 1183 1935 adpella-

202 1960 299 2028 tione
313 1957 356 2023 de
370 1950 570 2022 sceleribus.
618 1945 702 2016 Non
719 1947 908 2015 dicendum
923 1959 993 2024 est,
1018 1942 1182 2013 Paridem

75 2065 77 2067 ’
200 2063 275 2128 fato
290 2055 446 2145 rapuisse
460 2049 655 2131 Helenam,
676 2060 741 2118 >aut
755 2041 963 2135 Aegisthum
980 2046 1053 2114 fato
1075 2067 1096 2114 a
1109 2045 1183 2112 fra·

201 2176 254 2229 tre
269 2159 350 2224 vivo
373 2151 557 2241 coniugem
585 2148 782 2217 abduxisse.
831 2144 928 2215 Haec
949 2169 1065 2237 neque
1087 2143 1186 2213 ordi-

202 2272 284 2328 nata
303 2266 406 2337 sunt,
431 2274 545 2344 neque
561 2250 774 2331 necessaria,
800 2270 915 2338 neque
937 2244 1185 2317 immutabilia.

200 2358 250 2430 Et
273 2378 473 2450 quanquam
504 2351 618 2421 cernit
638 2372 678 2417 ea
700 2348 814 2431 Deus,
861 2360 979 2416 tamen
1003 2359 1067 2415 nec
1097 2346 1187 2428 vult,

203 2484 268 2529 nec
304 2456 495 2546 adprobat,
537 2475 601 2519 nec
639 2448 794 2518 adiuvat.
861 2446 932 2518 Sed
965 2441 1187 2516 horribiliter

203 2559 367 2630 irascitur
406 2550 592 2621 hominum
632 2548 894 2633 voluntatibus,
944 2570 1034 2640 quae
1074 2547 1186 2616 libere

204 2671 314 2730 ruunt
337 2668 459 2727 contra
478 2653 570 2741 leges
592 2648 751 2734 divinas,
783 2673 862 2719 cum
884 2649 952 2718 sibi
978 2661 1013 2716 et
1036 2647 1187 2719 externis

204 2758 373 2830 membris
389 2758 528 2824 frenum
547 2751 690 2820 iniicere
705 2764 867 2841 possent,
894 2774 938 2818 ne
956 2749 1188 2837 contraleges

205 2962 372 3031 declarat.
423 2953 508 3024 ldeo
524 2956 568 3022 de
593 2951 724 3022 talibus
748 2974 850 3045 saepe
869 2951 995 3041 repetit
1009 2947 1188 3019 Homerus

205 3061 298 3133 hanc
312 3056 535 3152 particulam,
553 3054 629 3122 fieri
645 3053 775 3123 scelera
794 3068 932 3143 praeter
945 3053 1068 3133 fatum,
1093 3044 1187 3142 ὑπὲρ

205 3157 335 3256 μόρον.
389 3155 437 3228 Ut
460 3160 503 3226 de
518 3149 689 3242 Aegistho
705 3149 887 3246 Odysseae
911 3152 1025 3243 primo
1049 3150 1189 3221 dicitur.

205 3263 252 3335 Et
268 3255 495 3352 reprehensio
512 3256 657 3325 additur
672 3253 917 3346 quaerelarum
940 3247 1189 3335 humanarum,

206 3386 295 3458 quae
310 3380 506 3451 poenarum
520 3377 640 3425 causas
657 3355 695 3422 in
713 3354 832 3423 Deum
850 3352 1084 3435 transferunt,
1109 3375 1189 3421 eum

205 3462 393 3534 hominum
419 3456 616 3526 voluntates
640 3454 783 3524 irritent
805 3453 967 3524 iusticam
987 3448 1075 3531 Dei,
1101 3475 1190 3545 quae

206 3565 350 3657 quidem
373 3559 485 3629 vitare
509 3556 639 3626 scelera
668 3569 823 3645 possent.
881 3552 979 3622 Haec
1006 3553 1050 3620 de
1073 3552 1190 3643 prima

204 3669 269 3737 fati
293 3660 530 3753 adpellatione
551 3657 679 3727 dixisse
701 3657 783 3728 satis
807 3654 863 3728 sit.
922 3653 1026 3724 Nunc
1051 3654 1095 3723 de
1116 3654 1189 3724 fatu

208 3760 368 3859 physico.

512 3965 571 4033 De
596 3965 690 4032 Fato
715 3959 882 4052 physico.

312 4130 476 4204 Diximus
498 4125 626 4197 Fatum
648 4120 834 4218 physicum
867 4122 985 4193 vocari
1009 4104 1191 4222 stellarum

429 226 638 308 SCRIPTA
664 224 745 298 PH.
771 222 887 299 MEL.
917 222 984 301 AD
1010 226 1140 306 Htsr.
1167 228 1311 339 PROF.
1335 229 1405 307 ΕΤ
1428 231 1621 311 PHILOS.
1649 236 1974 318 SPECTANTlA.

2139 249 2219 327 882

1331 403 1388 477 Sit
1410 405 1519 497 igitur
1545 405 1690 480 initium
1716 411 1967 503 disputationis
1987 416 2121 489 dictum
2137 419 2218 492 Ga-

1229 506 1321 592 leni,
1349 506 1411 599 qui
1428 509 1471 577 de
1484 502 1552 578 hac
1567 509 1640 599 ipsa
1661 534 1717 596 re,
1739 512 1775 580 id
1794 527 1865 594 est,
1890 517 1935 584 de
1955 518 2109 592 &ficaria
2131 524 2218 593 stel-

1229 607 1362 694 larum,
1387 607 1592 694 confugiens
1608 611 1652 678 ad
1670 613 1921 702 experientiam
1942 619 2167 693 manifestam
2182 639 2219 694 et

1231 731 1477 793 communem,
1503 708 1635 801 inquit:
1670 708 1911 801 sophisticum
1932 741 2007 790 esse
2034 724 2218 794 contradi-

1231 832 1309 877 cere
1323 808 1527 881 manifestae
1543 811 1789 902 experientiae.

1335 907 1495 980 Primum
1514 911 1622 999 igitur
1643 914 1886 989 consideretur
1901 920 2116 1011 experientia
2131 928 2217 995 uni-

1231 1009 1394 1094 versalis,
1424 1024 1507 1080 nota
1534 1013 1701 1084 omnihus
1730 1015 1837 1086 ctiam
1865 1019 2030 1093 indoctis.
2094 1023 2218 1097 Mani·

1231 1109 1360 1179 festum
1379 1123 1429 1180 est
1443 1110 1537 1182 Solis
1551 1135 1688 1183 accessu
1705 1128 1740 1185 et
1753 1140 1890 1190 recessu
1912 1121 1988 1190 fieri
2010 1122 2104 1194 vices
2125 1141 2218 1198 tern-

1231 1233 1357 1299 porum
1373 1213 1481 1296 anni,
1508 1215 1649 1284 aestatis
1665 1228 1699 1284 et
1715 1210 1862 1310 hyemis.
1898 1221 2037 1292 Lunam
2057 1249 2219 1297 crescen-

1234 1329 1304 1380 tem
1325 1334 1451 1400 augere
1472 1324 1508 1383 et
1535 1314 1626 1384 ciere
1655 1309 1842 1405 humores,
1876 1323 2136 1397 decrescentem
2160 1331 2219 1398 di-

1233 1435 1406 1486 minuere.

1335 1510 1475 1584 Deinde
1523 1516 1790 1590 considerentur
1828 1521 2085 1615 experientiae,
2126 1556 2216 1624 quae

1235 1612 1372 1682 etiamsi
1386 1627 1469 1686 sunt
1493 1616 1729 1704 universales,
1758 1633 1876 1689 tamen
1897 1623 1942 1692 ab
1966 1625 2121 1700 indoctis
2143 1657 2217 1701 non

1233 1714 1382 1805 perinde
1403 1717 1685 1787 considerantur.
1744 1714 1858 1791 Ortus
1880 1737 1915 1793 et
1931 1749 2073 1798 occasus
2099 1732 2218 1802 stella-

1235 1838 1315 1882 rum
1341 1816 1490 1886 lixarum
1516 1819 1701 1888 varietates
1714 1833 1960 1911 tempestatum
1975 1827 2123 1917 faciunt,
2148 1858 2219 1927 qua

1235 1913 1274 1982 in
1295 1939 1334 1984 re
1349 1916 1594 1988 testimonium
1615 1920 1860 2007 providentiae
1874 1920 1942 1993 Dei
1969 1927 2107 2000 illustre
2132 1958 2219 2002 con-

1235 2015 1323 2105 spici
1339 2029 1464 2107 potest.
1524 2014 1638 2088 Ortus
1660 2032 1693 2090 et
1714 2045 1856 2092 occasus
1879 2025 1928 2093 ita
1946 2029 2103 2102 ordinati
2127 2051 2220 2118 sunt,

1236 2129 1276 2184 ut
1298 2117 1436 2207 prosint
1465 2119 1572 2189 rebus
1601 2122 1837 2195 nascentibus.
1878 2122 2072 2220 Postquam
2101 2135 2218 2223 primo

1238 2240 1319 2284 vere
1332 2229 1424 2287 terra
1439 2219 1664 2290 mediocriter
1687 2222 1839 2292 calefieri
1860 2227 1969 2315 cepit,
1995 2242 2074 2318 post
2096 2236 2219 2327 aequi·

1237 2317 1414 2403 noctium,
1454 2333 1488 2388 et
1512 2341 1608 2407 seges
1636 2335 1717 2392 nata
1747 2323 1785 2390 in
1817 2336 1988 2396 autumno
2018 2345 2102 2401 tunc
2126 2337 2220 2402 revi-

1238 2419 1393 2501 viscens,
1419 2421 1607 2487 arsemina
1625 2443 1746 2489 recens
1767 2445 1884 2511 sparsa
1909 2426 1948 2494 in
1973 2439 2102 2498 terram
2126 2435 2222 2504 indi-

1239 2530 1322 2607 gent
1336 2519 1527 2606 rigatione,
1554 2534 1652 2589 ortus
1667 2518 1852 2591 Pleiadum
1876 2548 1917 2594 ac
1934 2523 2100 2622 Hyadum
2116 2558 2222 2623 regu.

1238 2619 1360 2687 lariter
1375 2619 1514 2708 pluvias
1536 2621 1660 2692 adfert.
1718 2618 1857 2692 Deinde
1879 2649 2001 2698 rursus
2020 2630 2060 2702 fit
2080 2632 2222 2724 rigatio,

1238 2742 1320 2789 cum
1335 2717 1399 2789 Sol
1416 2732 1450 2788 et
1463 2719 1570 2790 Luna
1586 2722 1624 2788 in
1638 2718 1775 2792 Cancro
1799 2729 2031 2816 conveniunt,
2058 2755 2099 2803 ac
2121 2759 2223 2824 prae·

1238 2819 1360 2888 sertim
1375 2843 1456 2887 cum
1474 2823 1518 2890 ad
1532 2820 1704 2912 Praesepe
1726 2843 1954 2901 accesserunt.

1341 2917 1481 2989 Deinde
1507 2921 1640 2990 maiore
1672 2923 1826 2995 siccitate
1849 2951 1938 3019 opus
1960 2945 2014 3002 est
2040 2934 2079 3003 ir‘r
2102 2960 2224 3024 messe,

1241 3021 1321 3090 ideo
1341 3018 1414 3089 Leo
1431 3035 1466 3090 et
1484 3020 1652 3094 Canicula
1668 3039 1953 3116 augentaestum
1969 3046 2004 3101 et
2018 3034 2224 3113 siccitatem.

1239 3119 1377 3189 Deinde
1400 3145 1522 3192 rursus
1538 3124 1684 3193 Arcturi
1699 3137 1809 3209 ortus,
1838 3151 1878 3196 ac
1893 3144 2013 3218 postea
2025 3131 2224 3223 Pleiadum,

1241 3219 1428 3313 Hyadum,
1454 3236 1489 3290 et
1508 3218 1659 3293 Orionis
1681 3248 1822 3297 occasus
1845 3229 1949 3300 initio
1973 3227 2110 3326 hyemis
2130 3240 2227 3309 cient

1241 3317 1408 3390 humidas
1421 3334 1655 3411 tempestates.
2198 3351 2201 3361 ·

1342 3418 1413 3490 Hic
1440 3424 1529 3491 ordo
1564 3424 1756 3513 significat,
1794 3442 1867 3500 arte
1895 3444 2013 3502 motus
2041 3437 2226 3510 ordinatos

1242 3543 1334 3605 esse,
1362 3535 1397 3591 et
1413 3524 1653 3594 testimonium
1672 3510 1741 3612 ist,
1766 3522 1862 3599 hunc
1877 3534 2052 3604 mundum
2076 3559 2152 3608 non
2167 3563 2227 3610 er-

1242 3622 1353 3691 titisse
1375 3646 1467 3697 casu.
1519 3621 1688 3695 Variatur
1711 3642 1826 3698 autem
1849 3626 1908 3700 hic
1929 3635 2101 3723 regularis
2124 3643 2229 3727 ordo,

1243 3723 1331 3792 alias
1353 3724 1480 3812 magis,
1513 3724 1600 3793 alias
1630 3728 1766 3808 minus,
1801 3727 2028 3803 Planetarum
2059 3740 2228 3828 motibus,

1243 3845 1395 3916 quorum
1425 3823 1580 3911 insignes
1614 3827 1750 3916 positus
1779 3828 1866 3898 alias
1894 3833 2051 3905 efficiunt
2077 3840 2229 3912 maiores

1243 3918 1492 4007 humiditates‚
1520 3925 1605 3992 alias
1621 3929 1773 3997 maiores
1789 3929 1978 4017 siccitates,
2005 3949 2046 4005 ut
2066 3944 2242 4032 exempla,

1243 4022 1428 4093 manifesta
1450 4027 1653 4098 ostendunt.

1345 4119 1485 4194 Omitto
1509 4127 1684 4219 exempla,
1722 4150 1811 4220 quae
1833 4129 2028 4202 recitantur
2050 4137 2096 4204 de
2119 4140 2228 4229 pisci-

210 4237 384 4330 positum,
417 4230 480 4324 qui
502 4229 558 4296 vel
587 4228 627 4295 in
658 4225 855 4309 elementis,
889 4224 945 4293 vel
966 4225 1004 4289 in
1028 4222 1192 4292 animan·
1244 4226 1329 4306 bus,
1369 4237 1431 4295 aut
1452 4227 1601 4318 plantis,
1637 4250 1728 4320 quae
1754 4229 1849 4300 vires
1877 4231 2033 4302 siderum
2057 4239 2229 4318 sentiunt.

210 4343 300 4408 tium
331 4331 540 4423 corporibus
567 4349 669 4398 causa
694 4339 746 4394 est
767 4338 941 4394 certarum
972 4323 1192 4415 qualitatum,
1245 4324 1396 4396 Utamur
1418 4327 1632 4417 experientia
1660 4326 1912 4404 manifestiore.
1961 4330 2144 4410 Differunt
2163 4337 2230 4412 ho-

212 4454 253 4508 ut
281 4436 507 4506 manifestum
535 4442 606 4508 est,
639 4432 754 4497 adrem
783 4448 849 4494 nos
880 4425 1092 4494 ambientem
1116 4425 1193 4494 fieri
1243 4426 1382 4496 minum
1398 4450 1544 4517 corpora
1562 4428 1658 4496 iuxta
1686 4452 1792 4498 zonas
1818 4445 1853 4499 et
1886 4435 2065 4523 regiones,
2090 4464 2159 4532 qua
2184 4447 2229 4514 de

204 4538 435 4618 calidiorem,
461 4555 541 4604 cum
558 4529 622 4601 Sol
638 4527 677 4596 in
699 4539 826 4597 aestate
850 4525 995 4617 propius
1017 4528 1059 4594 ad
1084 4527 1193 4595 verti·
1243 4551 1281 4595 re
1297 4527 1402 4615 longa
1420 4541 1472 4597 est
1485 4528 1581 4619 apud
1597 4525 1848 4619 Hippocratem
1865 4532 2039 4622 doctrina,
2064 4541 2127 4632 qui
2143 4567 2228 4615 cau.

213 4663 286 4707 cem
313 4639 484 4704 nostrum
501 4633 690 4709 accedens,
722 4627 842 4696 radios
866 4627 904 4694 in
926 4649 1006 4694 eum
1028 4627 1194 4696 rectiores
1245 4651 1319 4698 sam
1333 4629 1378 4697 ad
1399 4628 1517 4697 stellas
1533 4630 1653 4700 refert.
2106 4636 2109 4639 ’

213 4737 356 4831 spargit.
407 4732 477 4803 Sed
492 4731 662 4826 quoniam
679 4750 753 4798 nun
767 4739 881 4818 potest
899 4726 987 4810 diei,
1014 4728 1193 4819 quomodo
1346 4725 1470 4800 Tertio
1509 4730 1693 4799 manifesta
1730 4746 1782 4802 est
1817 4736 2052 4825 experientia,
2090 4748 2231 4832 magni,

207 4830 298 4910 baec
312 4839 383 4906 fata
399 4835 455 4903 vel
468 4832 662 4915 mutabilia,
690 4829 745 4899 vel
765 4826 1002 4900 immutabilia
1018 4827 1099 4909 sint,
1124 4828 1195 4896 nisi
1245 4829 1558 4928 coniunctionibus
1581 4831 1752 4900 siccorum
1779 4831 2027 4920 Planetarum‚
2052 4840 2091 4909 iu
2114 4843 2230 4934 signis

214 4940 313 5031 prius
330 4937 469 5007 dicatur
484 4935 527 5003 de
550 4933 730 5001 stellarum
743 4929 912 5014 viribus,
925 4951 1036 5020 pauca
1057 4924 1116 4997 hic
1131 4930 1194 4998 ad·
1246 4929 1387 5008 calidis,
1414 4952 1559 5021 magnos
1576 4943 1691 5001 aestus
1704 4932 1806 5014 effici,
1833 4948 1868 5005 et
1881 4960 2087 5026 congressus
2100 4942 2141 5012 in
2158 4941 2229 5016 hu.

213 5041 328 5110 'denda
344 5034 489 5119 suntssde
505 5033 633 5117 stellis,
660 5031 842 5103 videlicet:
871 5026 930 5101 An
950 5043 991 5106 wet
1013 5029 1129 5122 qualis
1150 5030 1196 5101 sit
1246 5031 1353 5101 midis
1368 5031 1478 5120 siguis
1493 5053 1637 5122 magnas
1659 5028 1887 5106 humiditates
1908 5039 2062 5126 efficere,
2085 5059 2136 5116 ‘ut
2160 5045 2231 5138 ipsi

215 5139 365 5210 efficacia
384 5135 475 5208 lucis
497 5133 700 5216 stellarum,
737 5132 867 5203 deinde
887 5154 969 5202 cum
997 5153 1119 5200 revera
1150 5131 1195 5201 sit
1246 5132 1402 5203 vidimus
1417 5132 1528 5202 multa
1550 5135 1726 5223 exempla:
1753 5150 1794 5207 ut
1808 5160 1888 5207 cum
1909 5161 2004 5209 anno
2037 5143 2230 5219 millesimo

214 5236 333 5334 aliqua
353 5239 428 5308 eius
450 5234 623 5320 efficacia,
659 5256 705 5303 an
729 5231 926 5307 observatio
953 5245 988 5304 et
1022 5245 1197 5328 quatenus
1246 5233 1529 5326 quingentesimo
1557 5233 1724 5306 vicesimo
1741 5251 2005 5331 quartomagna
2022 5247 2229 5323 coniunctio

215 5332 379 5415 concessa
401 5337 457 5410 sit.
1182 5430 1186 5435 Ι
1246 5334 1369 5409 future
1387 5332 1428 5406 is
1447 5330 1626 5425 Piscibus,
1656 5360 1802 5429 magnae
1831 5332 2063 5415 humilitates
2088 5363 2228 5423 ma,
