4538 5754
118 265 217 350 toas
713 259 838 335 auu,
863 257 980 336 uun.
1007 258 1547 376 senseramnusvtca.
2052 220 2184 357 suo,

118 437 238 513 sDeo
259 447 403 527 propter
424 431 666 503 calamitatum
685 432 980 522 magnitudinem.
1024 428 1105 504 *De-
1157 431 1240 507 Scio
1256 428 1348 504 hauc
1362 433 1471 505 vitam
1484 433 1730 505 brevissimam
1746 456 1838 521 esse,
1860 450 1898 507 et
1912 449 1948 509 te
1960 432 2142 525 Deusoro,
2182 462 2184 487 ¹

118 542 204 611 inde
227 550 400 632 quaerant
422 548 456 605 et
479 533 763 618 consolationes,
794 535 931 625 erigant
951 559 988 605 se
1009 535 1105 623 cogi·
1157 548 1198 606 ut
1211 557 1324 606 meam
1340 548 1495 606 mentem
1514 536 1562 606 ita
1577 558 1693 626 regas,
1720 550 1760 609 ut
1775 538 1972 629 intelligam
1990 564 2067 610 nou
2082 564 2140 608 aa·

119 641 252 714 tatione
286 636 583 729 promissionum,
624 634 693 705 tide
720 648 755 706 et
782 637 1024 714 invocatione,
1066 650 1105 705 ut
1158 637 1356 719 teferendas
1385 659 1460 706 esse
1489 637 1633 707 delicias
1659 631 1767 723 buius
1794 640 2029 710 brevissimae
2057 641 2140 712 vitas

118 740 237 814 David
263 739 338 830 ipse
367 762 403 806 se
435 737 665 807 sustentabat.
723 732 961 826 Experientur
988 751 1105 807 autem
1159 737 1312 808 aeternis
1335 738 1440 808 bonis
1462 750 1497 809 et
1512 738 1648 828 poenis.
1699 735 1864 810 Acceude
1878 742 1919 809 in
1936 767 2017 811 mea
2035 756 2141 813 mente

119 839 212 915 ba'uc
230 841 493 910 invocationem
509 861 582 906 non
601 859 673 907 esse
689 836 840 908 irritam.
1159 834 1251 907 banc
1275 837 1411 923 lucem,
1442 853 1483 910 ut
1501 853 1643 910 aeterna
1665 840 1760 909 bona
1780 852 1814 911 et
1836 856 1999 912 aeternas
2021 866 2140 935 poenas

1160 937 1356 1027 intelligam
1382 953 1416 1010 et
1440 941 1560 1029 magni
1584 939 1786 1029 aestimem,
1819 965 1885 1010 nec
1905 965 2052 1031 securus
2074 944 2139 1014 sins

253 1064 591 1156 ammentum
626 1078 680 1128 αθ
713 1055 973 1150 dggpogggpo
1159 1040 1340 1129 agnitione
1354 1040 1503 1132 peccati,
1529 1038 1602 1111 icae
1617 1054 1716 1120 tuae,
1740 1054 1775 1110 et
1789 1040 2058 1114 misericordiae
2069 1059 2139 1115 tuae

557 1194 567 1214 ,
611 1193 656 1275 X
765 1194 808 1276 X
1160 1143 1296 1225 vivam,
1326 1155 1368 1210 ut
1397 1142 1523 1212 vivunt
1551 1139 1739 1231 Epicurei,
1771 1143 1933 1235 tyranni,
1967 1160 2005 1216 et
2029 1167 2139 1214 omnes

410 1194 569 1277 psalm
656 1193 764 1279 XXI
810 1259 821 1281 ·
1159 1241 1274 1330 ignari
1296 1238 1503 1331 Evangelii,
1533 1244 1592 1312 sed
1622 1264 1809 1331 agnoscam
1838 1238 1931 1313 hanc
1957 1246 2066 1315 vitam
2088 1241 2137 1339 (ut

172 1365 271 1435 mx,-
299 1357 510 1431 ,magam
534 1362 618 1429 ηεαδ
641 1378 770 1448 mm,
803 1369 847 1430 „g
869 1382 944 1430 mm
962 1382 1109 1451 peccem
1161 1338 1233 1438 est)
1256 1356 1400 1433 propter
1421 1358 1601 1433 peccatum
1621 1343 1729 1413 morti
1745 1356 1779 1414 et
1794 1343 1873 1412 aliis
1888 1346 2137 1416 calamitatibus

174 1466 304 1559 lgm,
329 1482 435 1548 mm,
471 1457 683 1532 mgodgam
712 1485 753 1532 0,
780 1483 903 1534 ,mm
927 1467 1108 1554 capim,
1159 1443 1352 1514 subiectam
1376 1466 1470 1527 esse,
1496 1466 1632 1537 nosque
1655 1444 1735 1512 ideo
1758 1444 1940 1533 castigari,
1967 1460 2009 1517 ut
2030 1469 2137 1538 pecca·

175 1562 265 1637 dum
280 1560 403 1635 adhuc
419 1566 558 1653 impius
575 1584 703 1634 comm
716 1585 778 1634 me
792 1572 862 1634 ως,
1161 1557 1235 1660 tpm
1257 1545 1396 1615 stiram
1411 1557 1507 1614 tuam
1524 1567 1772 1633 agnoscamus,
1798 1559 1831 1614 et
1848 1560 2012 1635 petamus
2025 1547 2136 1616 remis·

1161 1668 1297 1712 nonem
1318 1659 1540 1735 peccatorum
1564 1646 1660 1715 iuxta
1679 1644 1949 1735 promissionem
1966 1660 2083 1730 tuam,
2104 1649 2135 1717 in

1161 1766 1231 1837 qua
1253 1757 1287 1814 te
1307 1744 1513 1835 patefecisti.
1563 1744 1711 1815 Etiamsi
1732 1770 1829 1815 nunc
1849 1747 1983 1819 florent
1998 1749 2095 1839 impii
2110 1762 2136 1817 et

1160 1843 1275 1914 securi
1296 1840 1538 1935 triumphant,
1555 1859 1678 1928 ,tamen
1697 1848 1879 1938 aliquanto
1897 1862 1978 1939 post
1992 1851 2137 1918 morien·

226 1711 290 1784 Est
321 1727 354 1782 et
381 1705 441 1780 ltic
463 1710 624 1780 Psalmus
648 1711 861 1796 consolatio,
896 1708 1107 1802 opponenda

124 1816 290 1888 scandalo
319 1811 497 1882 felicitatis
524 1811 736 1903 impiorum,
767 1836 856 1903 quos
880 1837 961 1882 eum
984 1814 1109 1882 florere

124 1916 229 1995 1111111ἰ
249 1915 390 1997 Vidfflis
415 1910 656 1984 ‘thelesiam
678 1915 1108 2003 ⁰PP¹⁰⁵⁵³¹¹¹0⁸⁸²3¹¹8⁰W
1161 1959 1230 2028 tur,
1254 1958 1288 2015 et
1301 1958 1406 2015 ruent
1420 1945 1458 2013 in
1473 1958 1633 2016 aeternas
1648 1970 1790 2037 poenas.
1840 1946 1938 2018 Haec
1954 1952 2045 2035 vult,
2068 1974 2137 2019 cnm

25 2102 28 2107 .
124 2020 220 2092 libus
251 2015 421 2098 mimilia
457 2013 610 2102 miliani
640 2014 759 2103 ΡΟιίιιε
787 2013 890 2082 inum
923 2015 1107 2085 fl⁰i⁸¹¹¹⁰¹¹¹
1161 2046 1249 2138 petit
1272 2069 1309 2115 se
1325 2046 1478 2131 erudiri,
1502 2060 1543 2117 ut
1561 2061 1728 2136 agnoscat
1743 2042 1850 2117 huius
1868 2050 1963 2117 vitae
1978 2050 2138 2139 fugacita-

125 2132 261 2190 coetum
277 2115 352 2186 Deo
367 2138 472 2184 curae
486 2136 575 2198 esse,
603 2138 708 2207 qnam
723 2109 790 2182 hos
805 2115 962 2184 miseros.
1015 2113 1108 2184 Huic
1148 2161 1231 2216 ,tem
1261 2161 1296 2217 e,
1317 2146 1577 2218 infirmitatem,
1613 2142 1754 2217 Notum
1767 2146 1842 2246 s⁰⁶
1864 2142 2137 2220 mihi-pomis„

124 2217 341 2291 dubitationi
355 2218 487 2284 multae
502 2210 977 2304 concionesProphetarum,
1002 2212 1109 2286 Chri·
1151 2240 1269 2339 finem
1292 2269 1428 2328 mmm,
1463 2246 1583 2317 omps
1606 2241 1716 2331 hom,
1737 2258 1788 2318 „g
1814 2248 1984 2334 vanitas,
2011 2252 2137 2323 ,fimi

124 2323 170 2393 sti
192 2334 227 2390 et
241 2317 498 2408 Apostolorum
520 2317 726 2393 medentur,
752 2340 842 2408 quae
856 2317 983 2386 docent
1001 2341 1109 2410 quare
1161 2350 1370 2443 aliquandiu
1386 2348 1515 2420 florent
1530 2349 1653 2442 ,liqug

122 2418 317 2494 Ecclesiam
337 2412 456 2534 inhac
472 2416 549 2530 vita
560 2412 658 2532 licus
674 2414 758 2485 velit
774 2417 916 2533 adfligi,
937 2431 972 2487 et
986 2417 1110 2488 iubent
1263 2446 1385 2520 Alte„
1401 2450 1595 2520 consolatio
1612 2464 1663 2521 est
1681 2451 1783 2541 longe
1801 2453 1928 2525 maior.
1982 2450 2135 2522 Habeant

123 2519 260 2613 duplici
275 2517 464 2588 collatione
478 2516 583 2584 lenus
597 2516 769 2588 dolorem.
806 2511 911 2584 Prior
924 2527 986 2595 est,
1012 2521 1106 2607 quod
1161 2550 1217 2620 iffi

123 2624 225 2695 brevi
242 2634 400 2707 tempore
416 2612 571 2685 Ecclesia
587 2615 781 2704 adfligitur,
808 2629 927 2705 postea
943 2611 1107 2687 habitura

123 2738 303 2796 aeternam
325 2717 517 2788 laeticiam:
544 2715 646 2805 impii
666 2738 750 2784 vero
765 2715 894 2786 deinde
908 2717 1021 2786 futuri
1036 2718 1109 2786 sint
1160 2673 1256 2719 mm
1284 2653 1498 2738 mmmm
1527 2646 1662 2730 bahem
1700 2653 1832 2724 ’ΠΜ
1861 2651 1982 2723 Deum
2010 2677 2132 2745 'pm‘

124 2826 164 2896 in
188 2819 340 2894 aeternis
366 2817 501 2909 poenis.
569 2811 691 2887 Altera
716 2828 768 2886 est
818 2818 1044 2910 quodetiam
1068 2818 1107 2886 in
1161 2751 1233 2820 ⁸⁶5⁰
1256 2750 1498 2820 remiiiiw‘m
1519 2767 1740 2842 p⁰⁶⁶³t⁰¹¹¹¹⁰
1757 2754 1968 2843 pmmimm
1985 2778 2076 2843 ΕΜ,
2096 2749 2133 2823 Ei

81 2928 82 2931 ’
122 2921 190 2995 hac
212 2922 283 2993 vita
305 2919 358 3011 pii
381 2932 515 2989 norunt
534 2870 1041 3008 remissionem’peceasomm,
1074 2931 1109 3037 et

123 3026 240 3098 sciunt
256 3019 375 3091 seDeo
388 3043 492 3091 curae
509 3041 595 3101 esse,
621 3032 655 3087 et
669 3015 773 3088 aDeo
791 3010 945 3104 defendi,
970 3019 1107 3090 etiamsi

122 3150 197 3199 non
219 3120 355 3194 habent
377 3119 549 3212 praesidia
571 3113 740 3191 humana.
791 3116 868 3188 Hae
888 3120 979 3218 duae
999 3121 1108 3189 colla-

1159 2953 1265 3040 longe
1286 2951 1420 3020 maiora
1443 2964 1527 3021 sunt
1543 2952 1712 3022 omnibus
1727 2956 1853 3024 mundi
1868 2957 2018 3045 opibus,
2044 2977 2129 3045 prae-

1161 3052 1261 3122 sidiis
1284 3063 1319 3121 et
1339 3052 1592 3142 voluptatibus.
1644 3051 1728 3123 ldeo
1744 3054 1848 3125 dicit:
1874 3053 1930 3125 Et
1944 3047 2131 3152 nuncquii

122 3230 237 3301 tiones
266 3218 324 3292 hic
354 3245 496 3339 ‘lumin‘
525 3220 627 3338 ”¹2¹⁶
657 3219 875 3338 {iafii'il‘x‘ii
901 3221 1107 3292 recitantur·
1162 3252 1221 3323 Tu
1245 3250 1340 3322 Deus
1370 3277 1407 3323 es
1435 3255 1807 3344 meumgpraesidium.
1875 3255 1963 3328 ldeo
1986 3257 2128 3352 sequitur

121 3322 300 3417 P¹⁰Ph⁰i³
324 3335 566 3391 ”mmmmm
589 3335 744 3438 ”iffmfflf
770 3340 834 3389 ⁸¹¹⁰
857 3321 1017 3437 ²¹?mi’10
1043 3324 1109 3390 ‘¹⁰'
1161 3354 1284 3446 petitio
1308 3353 1525 3423 remissionis
1546 3368 1784 3444 peccatorum:
1809 3355 1892 3428 Scio
1915 3375 1952 3429 te
1977 3360 2065 3429 velle
2083 3378 2127 3425 re·

122 3451 206 3500 cens
229 3425 335 3497 alios:
362 3421 444 3491 Non
463 3423 604 3503 cedam,
631 3436 767 3512 inqutt,
791 3421 906 3489 dolori
926 3445 1021 3504 meo,
1048 3425 1107 3490 sed
1161 3455 1300 3525 mium
1324 3467 1463 3545 pecca„
1487 3455 1581 3524 ium
1604 3457 1874 3546 promissionem
1894 3473 2009 3533 mam·
2065 3456 2126 3528 fl„

123 3530 253 3617 ‘sigim
269 3538 304 3593 ‘i
321 3522 536 3607 9⁰¹¹fif¹¹¹³b⁰
553 3521 732 3604 ‘nimum’
758 3544 803 3588 ¹¹⁸
820 3521 980 3589 deficiam
996 3547 1015 3591 ὃ
1031 3521 1108 3592 D0⁰
1161 3554 1287 3624 fiducia
1309 3558 1353 3625 ad
1378 3567 1413 3626 te
1436 3558 1585 3625 accedor
1607 3551 1677 3626 Es·
1695 3555 1863 3629 omnibu's
1877 3557 2126 3655 transgressis·

123 3625 191 3699 hac
207 3624 404 3697 offensione
420 3624 515 3715 quod
532 3622 662 3713 impios
677 3622 804 3699 llorere
819 3622 935 3693 video.
1143 3662 1144 3667 1
1160 3652 1271 3726 nibus
1287 3654 1375 3725 mel-5
1391 3653 1486 3751 erl-pa
1503 3679 1568 3725 m&

226 3757 290 3830 Est
312 3757 420 3848 igitur
433 3753 594 3826 Psalmus
615 3755 796 3835 doctrina,
821 3778 882 3825 seu
900 3757 1109 3847 paraenesis,
1262 3756 1432 3849 Sequitur
1442 3769 1475 3827 et
1485 3757 1553 3827 alia
1563 3759 1687 3850 petitio
1697 3762 1739 3829 de
1749 3761 1972 3833 defensione:
1995 3757 2124 3835 Etiamsi

124 3863 246 3934 sedin
271 3859 511 3928 narrationem
535 3857 721 3927 translata:
748 3856 801 3925 Ne
822 3857 961 3926 deficias
983 3855 1108 3943 aDeo,
1161 3858 1328 3946 adfligor,
1354 3872 1471 3929 tamen
1494 3858 1543 3928 ita
1564 3874 1737 3930 sustentes
1754 3886 1828 3947 me,
1854 3888 1901 3932 ne
1916 3868 2058 3934 tandem
2074 3886 2125 3930 no·

76 3960 78 3964 '
124 3988 171 4035 ne
197 3961 338 4033 dubites
369 3961 413 4028 de
437 3959 661 4049 providentia
686 3957 822 4028 etiamsi
844 3958 974 4029 florent
995 3958 1108 4050 impii,
1161 3982 1242 4027 men
1264 3972 1366 4028 tuum
1389 3960 1602 4029 contumelia
1623 3962 1822 4044 adficiatur,
1847 3967 1908 4035 sed
1932 3981 1974 4037 ut
1987 3960 2125 4055 conspici

125 4079 159 4137 et
171 4062 326 4135 Ecclesia
344 4060 479 4149 magnis
494 4058 672 4128 aerumnis
686 4059 869 4149 premitur.
918 4056 1013 4129 Huic
1027 4083 1108 4128 sen·
1161 4059 1271 4151 possit
1291 4060 1508 4141 doctrinam,
1540 4084 1647 4153 quam
1670 4064 1898 4146 circumfero,
1933 4081 2033 4138 tuam
2054 4084 2125 4146 esse,

35 4153 40 4160 ¹
126 4166 257 4239 tentiae
277 4162 378 4232 misti
395 4174 478 4231 sunt
494 4159 610 4229 tristes
625 4161 801 4244 adfectus,
827 4158 889 4253 qui
903 4159 1107 4230 describunt
1160 4173 1195 4232 et
1221 4173 1256 4231 te
1276 4186 1358 4232 vere
1378 4161 1543 4232 exaudire
1568 4164 1792 4234 invocantem
1815 4162 2029 4255 Ecclesiam,
2059 4167 2125 4237 iura

126 4268 285 4340 animum
307 4287 386 4334 cum
407 4260 633 4342 dubitatione
652 4274 687 4331 et
707 4261 951 4350 indignatione
969 4265 1107 4332 lucta'n·
1160 4275 1194 4334 et
1209 4263 1321 4333 libera
1336 4288 1403 4333 me.

125 4384 218 4454 tem,
242 4389 332 4461 quos
353 4379 471 4434 motus
486 4379 604 4434 tamen
620 4361 848 4432 vincittidcs:
873 4358 975 4433 Dico
990 4371 1108 4434 custo-
1263 4363 1306 4433 ln
1335 4365 1473 4435 decimo
1501 4386 1605 4435 versu
1632 4366 1795 4456 repetitio
1821 4380 1873 4437 est
1895 4370 2077 4458 petitionis
2095 4371 2126 4438 dt

127 4467 230 4541 diam
251 4466 331 4536 vias
348 4487 468 4554 meas,
495 4486 540 4533 ne
556 4485 692 4558 peccem
714 4459 846 4563 lingua
859 4485 958 4550 meo,
985 4466 1022 4534 id
1039 4482 1107 4539 est:
1159 4465 1367 4536 remissione
1402 4479 1639 4556 peccatorum:
1681 4461 1801 4564 Aufer
1833 4492 1859 4537 o
1893 4493 1952 4539 me
1988 4468 2128 4566 plagam

126 4570 204 4643 Etsi
224 4593 305 4639 cum
327 4566 580 4657 video'impios
600 4566 744 4646 florere,
771 4579 806 4635 et
827 4559 1021 4634 Ecclesiam
1042 4570 1106 4637 ad·
1160 4575 1276 4640 tuom.
1326 4563 1391 4637 Est
1405 4567 1501 4636 enim
1510 4563 1663 4658 Epitasis
1677 4568 1883 4640 indictione
1896 4579 2020 4659 tuom,
2046 4568 2129 4667 quasi

126 4671 220 4762 fligi,
245 4690 390 4738 moveor
405 4662 470 4735 hac
486 4667 753 4759 inaequalitate,
778 4666 871 4736 etde
885 4667 1107 4755 providentia
1160 4669 1269 4738 dicat:
1302 4665 1501 4738 Hominum
1530 4670 1667 4738 furores
1688 4672 1855 4740 adversus
1882 4696 2039 4744 menon
2061 4683 2128 4744 suut

54 4823 56 4830 s
126 4775 291 4865 disputo,
313 4783 433 4840 tamen
454 4791 528 4837 non
549 4768 707 4836 deficiam
723 4791 743 4836 a
760 4768 869 4837 verbo
880 4764 949 4837 Dei
966 4769 1128 4864 propter
1160 4792 1337 4840 summum
1361 4771 1513 4841 malum:
1545 4772 1605 4839 sed
1630 4768 1690 4840 Tu
1712 4796 1787 4841 non
1803 4773 1988 4860 irascaris,
2013 4788 2053 4845 tu
2068 4794 2129 4845 nos

127 4869 220 4945 hanc
241 4868 485 4941 offensionem.
532 4864 728 4939 Excmcior
741 4863 985 4956 vehementer,
1011 4873 1107 4963 quod
1161 4871 1307 4942 abiicias
1330 4895 1385 4939 me
1408 4872 1448 4940 in
1470 4887 1651 4943 aeternum
1672 4872 1837 4942 esitium:
1870 4874 1964 4945 sicut
1987 4877 2130 4948 abiectnt

117 4971 215 5046 wbaec
250 4973 358 5042 verba
391 4969 569 5039 indicant:
611 4959 848 5040 conculcavit
879 4993 946 5053 ⁴sot·
979 4994 1108 5044 meum.
1161 4986 1213 5042 est
1228 4967 1386 5055 Pharao,
1412 4970 1516 5056 Saul,
1549 4985 1585 5041 et
1606 4972 1812 5062 atitimpti,
1837 4972 1957 5044 Tuam
1975 4978 2130 5050 iramsu·

126 5074 217 5146 Nam
241 5096 338 5142 nunc
358 5071 562 5164 praesertim
577 5095 657 5141 rum
673 5072 822 5141 vincunt
834 5095 874 5141 ac
887 5069 1108 5164 triumphant
1160 5074 1291 5153 stiuere
1308 5073 1495 5143 infirmitas
1515 5087 1633 5144 nostra
1651 5097 1725 5143 non
1741 5088 1869 5165 potest.

107 5162 231 5265 ¹impii
249 5186 283 5242 et
305 5173 477 5243 insultant
499 5171 585 5261 piis,
607 5195 735 5262 magno
757 5173 881 5243 dolore
897 5174 1110 5244 adliciuntur
1263 5173 1305 5244 ln
1335 5196 1439 5245 versu
1465 5174 1655 5245 undecimo
1684 5199 1844 5266 expresse
1872 5179 1980 5250 docet
2002 5199 2130 5252 causan

127 5270 186 5356 bi,
212 5274 275 5369 qui
292 5297 327 5342 se
340 5273 453 5363 premi
468 5285 503 5342 et
517 5273 719 5342 conculcari
735 5273 904 5347 sentiunt.
957 5274 1027 5347 Sed
1044 5300 1109 5368 op-
1160 5274 1403 5346 adflictionum
1425 5298 1517 5361 esse,
1553 5288 1692 5364 peecata
1713 5292 1849 5348 nostra:
1885 5272 2044 5377 Propter
2070 5277 2131 5351 ini·

126 5399 242 5466 pono,
280 5372 417 5466 inquit,
457 5373 546 5443 duas
573 5373 843 5451 consolationes.
907 5373 1013 5448 Prior
1040 5390 1108 5448 est:
1160 5374 1338 5475 quitatem
1369 5374 1522 5472 corripis
1551 5371 1747 5451 hominem.
1795 5377 1901 5451 Hanc
1935 5385 2130 5457 sententias

1234 2573 1337 2642 opes,
1362 2551 1529 2639 imperia,
1555 2551 1771 2644 voluptates,
1795 2554 1970 2641 gloriam,
1993 2551 2070 2642 Ego
2085 2554 2135 2622 tio·
2177 2595 2184 2616 .

1160 2851 1232 2920 scio
1254 2848 1370 2920 Deum
1395 2874 1470 2920 esse
1492 2852 1710 2923 defensorem
1733 2879 1862 2927 meum.
1928 2855 2030 2927 Haec
2050 2857 2130 2924 bons
2177 2884 2184 2891 ·

1161 3159 1306 3247 expecto
1326 3147 1515 3220 Domine?
1564 3149 1656 3247 Spes
1679 3176 1759 3222 meo
1784 3152 1880 3225 inte
1903 3166 1979 3238 est,
2013 3159 2049 3227 id
2072 3168 2128 3225 est:
2182 3200 2184 3204 -
