4538 5754
72 110 229 226 aeao
755 109 822 188 rx.
871 68 1580 190 couunmamtmesanuos.
2029 125 2164 204 sero

119 282 286 377 ponitur,
305 297 505 380 seqrruotnr
518 282 615 354 enim
630 282 788 375 insignes
803 284 1005 377 particulae,
1027 311 1118 382 quae
1170 281 1231 354 Sic
1246 281 1357 374 igitur
1370 282 1530 376 pontifex
1547 294 1667 354 noster
1680 295 1732 354 est
1746 304 1948 380 perpetuus,
1972 307 2014 367 nt
2027 308 2063 369 et
2075 320 2157 371 coe.

104 387 338 459 discernunt
361 387 598 459 sacerdotium
617 382 773 472 Christi,
798 390 1028 461 asacerdotio
1046 389 1117 462 Le-
1166 399 1243 457 tum
1260 399 1470 477 perpetuum
1488 381 1632 471 habeat,
1659 386 1787 481 inquo
1809 391 1972 482 fungitur
1985 403 2154 472 sacerdo.

116 488 254 575 vitice,
281 504 315 561 et
330 491 525 560 ostendunt
540 489 660 583 qualia
679 490 773 559 bona
790 484 955 561 exhibeat
977 487 1035 563 hic
1059 515 1116 563 sa·
1166 488 1236 574 tio,
1262 500 1297 557 et
1313 486 1411 557 Deus
1435 482 1564 559 hebeat
1587 501 1774 581 perpetuos
1791 494 1956 570 cultores.
2007 497 2155 575 Hostiae

114 592 269 683 serdos,
296 592 461 663 videlicet
476 616 607 661 novam
624 614 665 661 ac
686 604 866 662 aeternam
889 591 1065 664 iusticiam
1081 607 1115 665 et
1163 587 1342 660 leviticae
1360 602 1459 660 eraut
1473 590 1665 660 destinatae
1680 592 1805 678 morti,
1830 609 1871 666 ut
1886 621 1951 667 nos
1966 602 2011 671 de
2027 625 2152 693 pecca·
2178 578 2183 587 Ι

114 691 262 770 vitam,
1164 704 1200 761 to
1219 694 1312 762 etde
1328 716 1431 762 carisa
1448 692 1572 762 mortis
1587 692 1831 782 admonerent,
1852 701 1913 769 sed
1930 715 1969 774 ut
1985 702 2056 774 siut
2071 728 2155 796 per..

1164 807 1267 884 petua
1287 791 1474 879 sacrificia,
1507 808 1547 865 ut
1575 793 1810 884 sit'perpetua
1837 799 2047 889 glorificatio
2072 800 2151 893 Ilei,

1163 895 1260 964 aliud
1277 896 1512 965 sacerdotium
1538 896 1656 967 incoat
1669 890 1851 986 Christus,
1877 901 1915 971 in
1935 928 2006 998 quo
2022 906 2061 975 in
2077 906 2150 979 vita

224 992 323 1067 Haec
339 1008 391 1067 est
406 1020 500 1067 nova
517 996 728 1088 descriptio,
755 1008 790 1068 et
803 991 898 1066 nibil
914 1019 1113 1087 congruens
1162 1011 1302 1066 aeterna
1321 997 1388 1066 erit
1402 1011 1570 1088 perpetua
1586 995 1652 1067 Dei
1668 998 1814 1088 agnitio,
1840 1004 2042 1089 celebratio,
2068 1031 2149 1100 gra-

114 1121 204 1168 cum
219 1095 380 1170 Levitico
397 1100 588 1171 sacerdote.
642 1098 755 1170 Vocat
776 1099 871 1168 enim
895 1093 1112 1169 huncChri-
1162 1098 1291 1168 tiorum
1310 1099 1415 1170 actio.

115 1214 217 1271 stum
238 1203 455 1272 sacerdotem
479 1213 677 1271 aeternum:
713 1198 823 1271 luitio
845 1213 961 1271 autem
979 1201 1111 1272 consti·
1263 1198 1360 1269 Hinc
1377 1198 1528 1287 intelligi
1546 1210 1672 1290 potest,
1697 1224 1803 1293 quam
1819 1201 1866 1273 sit
1879 1203 2030 1278 illustris
2044 1209 2150 1279 ottre-

114 1302 297 1372 tuendum
318 1317 388 1388 est,
423 1303 710 1396 qtrandocunque
738 1303 778 1372 fit
809 1301 944 1373 mentio
964 1298 1111 1387 Christi,
1162 1301 1274 1372 centia
1299 1298 1357 1370 hic
1384 1300 1514 1391 posita,
1538 1301 1743 1370 discernens
1764 1301 1963 1376 Leviticum
1985 1312 2151 1382 sacerdo·

116 1404 222 1497 quod
245 1403 291 1473 sit
311 1417 476 1475 aeternus
488 1401 586 1488 Rex,
610 1405 701 1477 sicut
715 1402 856 1476 Psalmo
871 1403 935 1474 71.
957 1417 990 1474 et
1012 1405 1111 1485 alibi,
1162 1405 1270 1489 tium,
1293 1397 1461 1474 aChristi
1480 1401 1697 1487 sacerdotio,
1722 1408 1818 1497 quod
1834 1407 1952 1480 abolet
1967 1425 2148 1500 peceatum

115 1504 275 1595 intelligi
290 1498 383 1575 hanc
398 1506 666 1598 perpetuitatem
683 1509 728 1576 de
742 1506 815 1597 ipsa
840 1529 990 1597 persona
1004 1501 1111 1576 Chri·
1160 1530 1200 1575 ac
1217 1519 1385 1590 mortem,
1410 1517 1446 1576 et
1461 1503 1574 1576 adfert
1597 1527 1727 1573 novam
1747 1519 1780 1575 et
1804 1523 2010 1599 perpetuam
2030 1513 2149 1600 vitam,

115 1607 189 1691 sti,
214 1630 287 1675 uon
304 1609 349 1676 de
364 1609 618 1698 propagatione
632 1630 891 1695 successorum,
917 1610 977 1678 sed
1000 1607 1110 1697 signi·
1161 1606 1377 1695 agnitionem
1403 1605 1471 1680 Dei
1498 1617 1532 1676 et
1559 1604 1812 1680 obedientiam.
1873 1607 2040 1685 Intuetur
2065 1637 2148 1705 ergo

117 1708 251 1779 ficator
276 1709 388 1800 ipsam
419 1732 605 1799 personam
629 1706 765 1780 Christi
793 1732 867 1778 esse
894 1723 1111 1800 perpetuam,
1162 1703 1357 1798 Propheta,
1382 1732 1462 1778 cum
1479 1719 1580 1777 vocat
1595 1721 1780 1778 aeternum
1805 1714 2042 1797 sacerdotem,
2073 1739 2148 1786 non

116 1810 217 1882 sicut
232 1805 291 1880 hic
306 1809 441 1902 inquit:
467 1802 530 1878 Tu
547 1832 584 1879 es
598 1805 770 1881 sacerdos
786 1809 826 1880 in
843 1820 1041 1892 oeternum,
1067 1812 1111 1879 de
1161 1823 1298 1881 tantum
1324 1813 1417 1879 dona
1443 1808 1480 1878 iu
1507 1804 1571 1878 hac
1597 1808 1688 1890 vita,
1722 1812 1782 1881 sed
1814 1826 2018 1904 perpetuam
2049 1806 2148 1893 illam

116 1932 274 2005 persona
293 1913 472 2004 loquitur,
497 1915 631 1982 nonde
647 1915 878 1987 successione.
917 1911 996 1983 Hoc
1015 1926 1110 2005 post·
1160 1913 1310 2002 gloriam
1328 1913 1542 1982 instauratae
1557 1925 1724 1994 naturae,
1751 1936 1856 2006 quam
1871 1939 1946 1990 non
1962 1939 2150 2008 possumus

116 2036 233 2107 quam
246 2015 478 2084 constitutum
495 2029 565 2098 est,
587 2016 699 2085 multa
715 2030 908 2086 sumuntur
921 2039 963 2084 cx
979 2014 1110 2085 talibus
1163 2015 1280 2086 verbis
1294 2014 1504 2083 describere.
2084 2018 2086 2025 '

117 2114 235 2200 tacis,
264 2117 309 2186 de
335 2130 479 2186 aeterno
507 2139 588 2204 rege
611 2130 672 2186 aut
697 2120 889 2191 sacerdote.
948 2115 1109 2186 Primum
1263 2112 1447 2189 Ettamen
1469 2115 1530 2183 illa
1556 2111 1711 2202 ingentia
1743 2115 1837 2185 dona
1859 2115 1897 2185 in
1914 2111 2068 2211 harvita
2091 2120 2149 2192 in·

116 2212 460 2290 enimhilocisunt
482 2217 702 2303 testimonia,
728 2221 915 2288 denatura
933 2216 1110 2287 divinain
1163 2231 1326 2313 coantnr.
1384 2213 1433 2287 Et
1460 2214 1705 2304 complectitur
1721 2214 1881 2286 Psalmns
1909 2220 2149 2295 ministerium

116 2313 288 2403 Christo,
312 2321 409 2411 qarod
431 2319 479 2390 sit
498 2331 663 2390 aeternus
678 2318 746 2391 Dei
761 2316 895 2405 Filius,
920 2320 1012 2390 sicut
1036 2316 1111 2387 Mi·
1162 2317 1368 2410 Evangelii,
1394 2332 1427 2389 et
1443 2342 1485 2387 ea
1496 2318 1611 2401 dona,
1637 2341 1727 2409 qnae
1742 2312 1905 2390 Christus
1929 2320 1967 2391 in
1992 2316 2058 2392 hac
2074 2323 2146 2397 vita

117 2413 228 2490 cheas
241 2419 359 2513 iuquit
372 2418 510 2511 cap.5.:
538 2410 707 2511 Egressus
721 2423 797 2492 eius
811 2421 982 2505 abinitio,
1005 2421 1112 2490 adie-
1162 2422 1337 2515 impertit,
1364 2443 1454 2513 quae
1476 2420 1621 2513 quidem
1641 2433 1724 2489 sunt
1747 2419 1902 2491 incoatio
1921 2424 2013 2495 vitae
2034 2438 2149 2496 aeter-

116 2521 191 2591 bus
207 2521 379 2607 aeternis,
405 2523 460 2591 vel
479 2535 562 2591 ante
578 2524 654 2592 dies
671 2523 810 2598 mundi.
859 2520 996 2594 Eadem
1014 2521 1109 2591 enim
1162 2541 1239 2598 nae.
1272 2522 1372 2594 Sicut
1390 2523 1507 2615 inquit
1522 2515 1700 2599 Christus:
1731 2517 1829 2591 Haec
1843 2537 1894 2594 est
1911 2524 1980 2595 vita
1995 2539 2149 2613 aeterna,

117 2622 298 2693 sententia
329 2637 399 2707 est,
439 2636 589 2694 testatur
626 2627 747 2694 eadem
778 2625 971 2716 particula,
1011 2623 1108 2717 quod
1162 2639 1201 2697 ut
1226 2636 1466 2715 agnoscantte
1482 2618 1597 2691 Deum
1615 2645 1755 2706 verum,
1781 2636 1935 2716 etquem
1952 2626 2080 2698 misisti
2093 2627 2150 2700 le-
2228 2685 2230 2688 >

116 2717 288 2796 Christus
310 2724 399 2795 vivit
427 2739 570 2797 aeterna
593 2726 685 2809 vita,
717 2725 808 2796 sicut
825 2722 949 2796 Esaias
973 2725 1109 2816 inquit:
1161 2750 1239 2797 sum
1256 2723 1453 2798 Christum.
1487 2721 1581 2812 Quia
1597 2722 1691 2790 enim
1709 2716 1871 2794 Christus
1886 2729 1992 2798 nobis
2005 2729 2043 2801 fit
2059 2753 2150 2822 pon·
2215 2798 2218 2803 ,

117 2822 229 2897 Pater
240 2826 352 2897 sutori
367 2826 489 2912 seculi,
505 2850 567 2897 seu
586 2841 684 2917 pater
697 2840 860 2898 aeternae
875 2828 982 2897 vitae.
1015 2822 1110 2916 Ergo
1162 2829 1265 2912 tilex,
1289 2842 1322 2896 et
1338 2823 1666 2896 eiusficerdotium
1683 2823 1721 2891 in
1738 2825 1843 2894 nobis
1859 2842 1909 2898 est
1924 2830 2057 2916 efficax,
2084 2856 2149 2906 ne*

116 2949 263 2997 necme
285 2927 355 2998 fuit
376 2923 560 3000 Christum
583 2951 765 3018 resurgere
791 2943 826 3000 et
852 2929 968 3020 ipsum
991 2941 1111 2997 tenere
1163 2954 1256 3001 cesse
1279 2940 1330 2998 est
1352 2926 1502 3020 perferri
1526 2927 1570 2994 ad
1593 2947 1659 2994 nos
1675 2926 1819 3019 aliquod
1836 2930 2003 3016 verbum,
2030 2944 2070 3005 ut
2087 2956 2151 3004 su-

116 3050 274 3119 regnnm
289 3041 323 3098 et
336 3029 438 3120 fungi
454 3031 672 3117 sacerdotio,
694 3025 779 3100 haec
798 3032 953 3123 primum
969 3032 1014 3099 de
1029 3053 1111 3122 per·
1163 3055 1224 3122 pra
1241 3031 1374 3102 dictum
1396 3043 1468 3110 est,
1494 3041 1528 3099 et
1548 3025 1716 3097 constitui
1739 3026 1884 3121 aliquod
1902 3029 2151 3105 ministerium.

119 3150 211 3200 sona
225 3131 510 3206 considerantur.
1162 3133 1245 3204 ldeo
1258 3132 1298 3202 in
1312 3127 1379 3203 hac
1393 3131 1464 3201 vita
1480 3131 1635 3221 primum
1651 3127 1726 3219 ipse
1740 3151 1844 3200 suum
1857 3133 2067 3204 sacrificium
2083 3158 2148 3227 pro

225 3229 296 3303 Sed
311 3228 489 3325 Propheta
507 3257 581 3304 non
601 3245 740 3303 tanturn
758 3235 803 3303 de
825 3254 975 3325 persona
994 3229 1110 3324 loqui·
1162 3234 1268 3305 nobis
1293 3234 1411 3328 palam
1434 3230 1583 3315 obtulit,
1617 3230 1716 3301 dedit
1746 3226 2003 3322 Evangelium,
2032 3237 2151 3326 arguit

119 3345 203 3417 tur,
228 3356 352 3404 verum
375 3336 482 3405 etiam
505 3336 550 3404 de
572 3336 650 3425 ipso
675 3338 783 3406 modo
804 3335 990 3405 sacerdotii
1012 3333 1112 3401 etde
1163 3351 1321 3429 peccata,
1347 3338 1456 3406 donat
1472 3331 1717 3404 remissionem
1733 3348 1957 3432 peccatorum
1972 3339 2151 3408 credenti·
2242 3412 2245 3419 ,

119 3433 316 3520 beneficiis,
341 3458 432 3528 quae
444 3438 700 3530 complectitur.
733 3435 839 3506 Haud
855 3437 964 3506 dubie
980 3433 1111 3503 discer-
1164 3442 1229 3510 bus
1244 3452 1279 3531 et
1294 3438 1479 3527 agentibus
1500 3432 1777 3527 poenitentiam,
1803 3435 1960 3528 impertit
1975 3435 2151 3529 Spiritum

119 3535 180 3607 nit
201 3558 222 3606 a
243 3534 415 3612 Levitico.
466 3536 559 3610 Cum
581 3539 677 3608 enim
699 3534 861 3610 Christus
882 3538 928 3608 sit
949 3551 1112 3606 aeternus
1163 3555 1340 3611 sanctum:
1368 3537 1475 3610 Sedet
1497 3539 1542 3607 ad
1566 3537 1724 3605 dextram
1742 3538 1869 3628 patris,
1893 3552 1933 3610 ut
1951 3539 1995 3609 sit
2010 3536 2152 3612 Medis-

119 3637 304 3725 sacerdos,
328 3655 536 3712 necesseest
549 3641 654 3714 etiam
672 3639 726 3709 illi
742 3640 857 3711 coetui
879 3639 1005 3732 inquo
1027 3637 1112 3705 lun·
1164 3656 1221 3715 tor
1235 3655 1269 3710 et
1286 3640 1533 3731 interpellator
1553 3661 1619 3728 pro
1633 3638 1754 3722 nobis,
1780 3640 1941 3726 exaudit,
1965 3642 2151 3729 gubernat,

118 3739 221 3830 gitur
240 3740 456 3825 sacerdotio,
490 3742 568 3812 dari
591 3743 700 3811 vitam
725 3745 916 3815 aeternam.
965 3738 1111 3809 Frustra
1164 3743 1368 3828 sanctificat,
1392 3741 1537 3811 adiuvat
1552 3739 1771 3825 invocantes,
1798 3753 1832 3811 et
1848 3741 2074 3816 resuscitabit
2088 3767 2150 3814 eos

119 3839 221 3910 enim
255 3842 432 3914 diceretur
457 3841 630 3914 Sacerdos
662 3858 802 3934 postea,
850 3842 1003 3914 extincto
1037 3853 1112 3911 toto
1164 3847 1208 3915 ad
1225 3846 1333 3915 vitam
1350 3856 1542 3914 aeternam.
1595 3837 1732 3911 lnterea
1755 3865 1822 3911 nos
1838 3846 1948 3915 verbo
1970 3857 2004 3915 et
2020 3844 2151 3937 spiritu

120 3955 239 4014 coeto.
282 3942 403 4033 Quare
419 3941 505 4016 haec
523 3945 693 4035 particula
710 3968 784 4015 non
801 3946 951 4016 obscure
968 3942 1111 4014 concio·
1163 3943 1297 4018 Christi
1321 3958 1559 4024 renascentes,
1592 3942 1783 4033 incipimus
1803 3945 2152 4035 Deumagnoscere,

119 4059 233 4114 natur
245 4047 291 4116 de
306 4046 467 4117 tollendo
486 4062 639 4139 peccato,
666 4048 711 4115 de
725 4047 898 4117 abolenda
915 4060 1042 4126 morte,
1068 4046 1113 4113 de
1163 4048 1306 4131 timere,
1332 4049 1515 4132 invocare,
1541 4067 1621 4114 vera
1639 4045 1708 4115 fide
1729 4046 1941 4122 confitemur
1956 4061 1991 4116 et
2007 4048 2150 4137 praedi·

120 4146 357 4241 instauranda
380 4162 506 4219 natura
529 4145 705 4234 humana,
739 4150 783 4219 de
805 4148 982 4240 spirituali
1000 4161 1034 4218 et
1054 4171 1113 4215 ae·
1164 4175 1284 4220 camus
1309 4150 1384 4220 eius
1407 4150 1646 4230 voluntatem,
1672 4159 1705 4216 et
1727 4159 1872 4237 propter
1894 4147 2151 4225 confessionem

117 4252 324 4324 tornavita.
375 4249 575 4322 Leviticum
593 4252 917 4321 sacerdotiumerat
938 4251 1113 4351 paedagp-
1165 4250 1373 4344 perferimus
1390 4251 1559 4320 acerrima
1576 4249 1657 4318 odia
1676 4247 2016 4323 diabolietmuudi.
2049 4247 2151 4331 Red·
2196 4246 2200 4259 ’

118 4352 180 4443 gia
202 4352 362 4423 instituta
392 4355 437 4422 ad
463 4353 733 4443 significandum
757 4353 918 4423 futurum
950 4352 1114 4421 sacerdo-
1164 4354 1281 4424 dimus
1298 4352 1407 4443 igitur
1421 4350 1498 4423 Deo
1515 4364 1548 4422 et
1563 4350 1601 4419 in
1618 4345 1684 4418 hao
1701 4348 1770 4419 vita
1785 4350 1912 4435 cultus,
1931 4375 2003 4422 non
2018 4367 2151 4441 macta-
2192 4356 2200 4371 ’

171 854 357 933 Sacerdos
382 857 423 930 in
450 869 651 936 aeternum.

117 4454 227 4528 sium.
268 4450 317 4525 Et
332 4450 468 4525 hostiae
482 4453 660 4525 Leviticae
673 4455 895 4526 testabantur
908 4453 1030 4544 generi
1045 4447 1115 4521 hu·
1165 4456 1280 4527 tiones
1296 4457 1470 4548 pecudum
1478 4506 1491 4539 ,
1518 4453 1578 4523 sed
1594 4450 1862 4537 confessionem,
1886 4452 2151 4526 invocationem

117 4578 231 4627 mano
253 4557 454 4647 impositam
478 4579 553 4626 esse
579 4569 727 4626 mortem
751 4570 899 4649 propter
922 4569 1114 4647 peccatum,
1166 4556 1425 4640 obedientiam,
1450 4566 1655 4649 perpetuam
1669 4551 1862 4642 gratiarum
1876 4552 2064 4632 actionem:

119 4680 200 4728 nou
215 4659 603 4751 abolebantpeccatum
619 4672 681 4730 aut
702 4673 865 4744 mortem,
890 4658 1027 4728 nullam
1050 4656 1114 4725 ad·
1265 4655 1313 4728 Et
1333 4659 1502 4751 quoniam
1525 4651 1658 4727 Christi
1679 4656 1914 4727 sacerdotium
1938 4671 2149 4757 perpetuum

75 4762 79 4767 ’
117 4760 285 4832 terebant
307 4777 455 4832 naturae
477 4776 619 4833 nostrae
640 4754 894 4846 mutationem,
914 4784 994 4828 uon
1015 4760 1113 4829 adle-
1165 4772 1237 4845 est,
1263 4761 1367 4830 etiam
1390 4755 1458 4830 hoc
1479 4757 1716 4829 ministerium
1738 4757 1777 4825 in
1800 4751 1866 4826 bac
1881 4757 1953 4829 vita
1972 4760 2100 4831 durare
2116 4773 2153 4831 et

119 4863 254 4934 rebant
284 4864 393 4934 vitam
425 4877 620 4935 aeternam:
666 4867 725 4934 sed
757 4859 884 4933 hicio
916 4863 1115 4931 sacerdotio
1165 4862 1367 4932 conservari
1386 4883 1526 4930 necesse
1541 4872 1602 4932 est.
1623 4856 1724 4929 Sicut
1739 4854 2043 4952 inquitChristus,
2065 4859 2151 4932 Non
2218 4859 2221 4863 ’

117 4958 284 5056 Christi,
305 4967 417 5040 exerit
435 4988 471 5036 se
486 4967 608 5036 diviua
625 4967 795 5058 potentia,
821 4966 976 5034 donatur
990 4963 1116 5033 remis-
1165 4964 1420 5056 praevalituras
1453 4974 1570 5054 portas
1603 4960 1798 5030 inferorum
1831 4963 1997 5033 adversus
2026 4957 2152 5033 Eccle-

119 5066 178 5137 sio
203 5080 446 5159 peccatorum,
473 5069 604 5139 deinde
625 5083 753 5140 natura
775 5062 930 5138 bumana
949 5065 1116 5155 purifica·
1167 5067 1254 5135 siam
1274 5089 1384 5136 suam.
1436 5063 1544 5154 lmpii
1566 5074 1627 5132 ant
1651 5062 1845 5134 imbecilles
1865 5076 2054 5134 moventur
2074 5086 2152 5134 sae·
2208 5150 2210 5154 ι

116 5183 262 5256 turpet
276 5173 439 5244 aboletur
453 5193 569 5257 mors,
596 5185 633 5242 et
653 5171 828 5243 illucescit
842 5169 880 5238 in
902 5167 1008 5238 uobis
1022 5189 1115 5237 nova
1167 5168 1252 5238 vitia
1269 5180 1509 5262 'tyrannorum
1535 5177 1571 5237 et
1592 5164 1767 5234 scandalis
1788 5165 1904 5235 omnis
1925 5166 2080 5255 generis,
2111 5179 2153 5236 ut

116 5273 260 5363 agnitio
276 5271 364 5362 Dei,
390 5287 425 5347 et
444 5276 622 5345 donamur
636 5287 805 5367 perpetua
818 5272 890 5343 vita
910 5284 944 5343 et
963 5268 1115 5347 iusticia.
1169 5269 1372 5341 existiment
1388 5272 1501 5342 statim
1519 5244 1680 5438 ffindghui
1693 5265 1916 5341 interituram
1938 5288 2012 5335 esse
2027 5261 2153 5338 Eccle-
