4538 5754
72 244 80 253 -
194 218 269 290 osc
394 199 407 207 ’
789 206 915 284 enin
941 206 1062 286 uon.
1087 208 1296 290 scatere
1322 214 1688 334 exacuunt„
2142 233 2214 309 eso

185 403 319 477 uetur,
353 382 437 479 quia
462 383 575 469 imago
601 390 653 447 est
676 378 944 467 gubernationis
971 382 1009 450 in
1026 377 1183 476 Europa,
1232 389 1505 483 enimepiscopi
1531 407 1564 462 et
1588 396 1734 486 collegia
1758 398 1892 471 faciunt
1914 400 2029 471 officia
2055 402 2215 474 ecclesia·

200 514 327 589 magna
346 498 511 576 exparte.
1231 493 1334 576 stica,
1361 494 1493 585 ubique
1515 497 1738 584 profundunt
1764 502 1902 573 reditus
1922 503 2142 577 defraudatis
2157 527 2216 596 ps-

292 589 400 660 Vocat
409 583 696 655 bnncSeleucum
707 582 812 651 vilem
825 606 884 653 sen
895 583 1061 675 ignavum
1074 611 1183 679 quae·
1232 594 1386 665 storibus
1407 608 1442 664 et
1465 590 1702 682 scholasticis,
1730 602 1861 694 quibus
1883 606 1926 672 ad
1944 606 2059 674 studia
2082 621 2215 676 sumtus

152 705 158 715 ²
202 707 330 766 storem
346 714 407 759 seu
423 686 664 778 expilatorem.
709 680 807 753 Haec
824 700 977 772 veraest
994 692 1181 758 verborum
1226 696 1393 785 ‘praeberi
1413 697 1591 770 debebant
1613 724 1654 770 ex
1673 702 1819 793 opibus,
1845 729 1937 797 quae
1959 709 2112 778 donatae
2137 722 2215 779 sunt

202 790 464 885 interpretatio,
490 801 524 856 et
550 787 721 874 significat
742 785 848 854 fnisse
870 788 1025 858 ociosum
1050 790 1182 877 princi·
1230 795 1406 866 Ecclesiis.
1464 794 1579 867 Deum
1608 815 1726 872 autem
1749 819 1929 875 aeternnm
1962 822 2098 898 patrem
2129 810 2215 878 libe·

202 922 293 989 pem,
318 918 391 964 non
406 892 493 959 foris
510 901 789 980 propugnantem
809 890 915 957 armis
932 891 1092 980 patriam,
1119 915 1183 960 nec
1232 899 1359 967 tatoris
1381 899 1494 969 nostri
1518 897 1596 971 lcsn
1621 899 1754 976 Christi
1779 931 1937 988 oremus,
1963 925 2003 978 ut
2027 905 2113 980 haec
2128 912 2213 980 mala

20 1078 25 1095 Κ
89 1087 92 1093 ¹
203 997 300 1071 domi
323 1007 498 1084 regentem
521 989 669 1074 iudicia,
694 988 938 1079 disciplinam,
965 1014 1096 1074 mores,
1123 993 1180 1061 sed
1231 999 1384 1088 mitiget,
1409 1022 1474 1069 nec
1497 1001 1590 1074 sinat
1609 1005 1769 1078 funditus
1794 1009 1942 1082 interire
1971 1033 2071 1082 suam
2095 1008 2213 1082 Eccle-

203 1099 339 1190 magnis
380 1090 652 1185 expilationibus
700 1087 984 1161 exhaurientem.
1003 1093 1183 1163 facultates

204 1223 367 1282 suorum,
400 1210 440 1264 ut
463 1206 599 1264 sumtus
625 1204 851 1281 suppeterent
873 1196 916 1261 ad
936 1195 1134 1286 voluptates
1150 1210 1183 1265 et

204 1305 290 1374 alias
314 1323 369 1369 res
395 1299 533 1379 inanes,
559 1295 597 1361 in
621 1316 706 1386 quas
728 1294 828 1363 aulae
855 1295 1050 1389 plerunque
1075 1322 1182 1387 pecn-

203 1406 299 1474 niam
316 1401 391 1470 sine
407 1400 512 1466 morlo
531 1396 760 1483 profundunt.
812 1393 924 1463 Porro
939 1394 996 1465 hic
1017 1396 1183 1468 Seleucus

206 1506 309 1577 etiam
332 1501 501 1591 templum
525 1497 564 1565 in
581 1498 669 1565 urbe
686 1495 897 1590 lerosolyma
912 1500 1058 1588 spoliari
1076 1500 1183 1572 iubet.

306 1603 345 1675 Si
365 1602 523 1670 conferas
537 1593 628 1667 hanc
645 1598 836 1688 imaginem
854 1599 898 1666 ad
919 1615 1073 1669 nostram
1089 1616 1182 1673 aeta-

205 1723 294 1790 tem,
315 1704 492 1791 intelliges
515 1699 689 1788 Angelum
713 1723 785 1767 non
810 1698 861 1767 illi
880 1713 1015 1770 tantum
1035 1704 1183 1795 tempori

204 1809 566 1887 concionatum·esse,
590 1804 656 1869 sed
674 1801 885 1888 significasse
916 1805 1128 1874 calamitates
1151 1819 1185 1874 et

159 1903 162 1906 ’
205 1910 407 1982 servitutem
423 1901 600 1974 Ecclesiae
626 1901 794 1993 postremi
817 1906 1003 1992 temporis,
1029 1919 1068 1974 ut
1090 1907 1183 1995 cogi-

204 2027 317 2084 temus
333 2005 451 2100 puniri
473 2018 609 2094 peccata
631 2018 748 2074 nostra
765 2004 899 2090 ignavis
915 2020 949 2074 et
963 2008 1097 2075 acerbis
1118 2009 1183 2075 im-

202 2113 329 2206 periis,
367 2123 400 2180 et
430 2121 549 2178 tamen
581 2105 655 2176 Deo
692 2104 836 2176 interim
872 2130 976 2177 curae
1009 2108 1086 2201 fore
1114 2105 1184 2178 Ec-

203 2216 357 2287 clesiam.

1232 1100 1318 1170 siam
1334 1113 1369 1171 et
1389 1102 1447 1191 pia
1464 1105 1590 1178 studia.

1510 1271 1554 1324 Ds
1567 1270 1757 1329 ,Antiocho
1782 1279 1943 1345 Eptptsons.

1333 1365 1388 1437 Et
1412 1370 1528 1441 stabit
1554 1371 1631 1444 loco
1655 1378 1733 1449 sius
1757 1375 1959 1478 despectus,
1995 1393 2027 1454 ct
2047 1408 2124 1454 nou
2150 1381 2212 1453 da·

1234 1467 1333 1539 bitur
1346 1470 1380 1539 ei
1399 1464 1516 1544 honos
1533 1476 1657 1570 regni,
1681 1489 1713 1548 ct
1736 1483 1846 1554 veniet
1860 1481 2025 1583 placida,
2051 1497 2084 1556 ct
2103 1488 2213 1584 potie-

1234 1580 1295 1641 tur
1311 1594 1422 1666 regno
1436 1598 1501 1668 per
1520 1575 1743 1651 blanditias.

1335 1671 1404 1761 Hic
1424 1678 1586 1751 incoatur
1609 1685 1798 1775 descriptio
1821 1682 1990 1757 Antiochi
2005 1684 2214 1780 Epiphanis,

1234 1799 1337 1867 quem
1374 1792 1477 1847 vocat
1513 1783 1727 1874 despectum.
1788 1784 1992 1876 Singulares
2033 1786 2215 1883 emphases

1234 1876 1376 1947 suntin
1400 1876 1604 1972 Prophetis,
1640 1910 1730 1979 quae
1757 1893 1897 1960 nonde
1922 1892 2131 1980 vulgaribus
2159 1908 2216 1961 aut

1192 2005 1193 2008 ¹
1235 1977 1351 2066 parvis
1371 1982 1476 2050 rebus
1506 1985 1734 2078 loquuntur„
1772 1990 1926 2061 Miretur
1955 1995 2051 2063 enim
2077 1993 2215 2087 aliquis,

1234 2104 1297 2150 cur
1312 2088 1622 2176 vocetdespectum
1644 2087 1881 2176 Antiochum,
1905 2120 1984 2163 cum
2002 2096 2108 2165 fucrit
2132 2095 2216 2186 legi·

1234 2183 1340 2252 timus
1379 2180 1517 2272 haeres,
1549 2191 1770 2279 ingeniosus,
1806 2207 1924 2284 postea
1964 2198 2071 2268 etiam
2106 2197 2215 2266 multe

304 2314 419 2402 Reges
439 2324 473 2380 et
495 2309 670 2400 principes
695 2307 874 2378 communi
901 2312 1019 2378 animo
1043 2323 1076 2379 et
1100 2335 1183 2381 con·
1235 2284 1501 2402 billassffiserit·
1552 2289 1622 2361 Sed
1651 2294 1769 2364 iudico
1792 2298 1994 2386 despectum
2019 2299 2108 2382 dici,
2136 2297 2214 2391 qnia

204 2419 333 2490 iunctis
362 2415 470 2504 copiis
501 2412 688 2480 defendere
714 2408 888 2478 Ecclesias
918 2408 985 2479 Dei
1019 2414 1184 2483 adversus
1234 2388 1405 2503 d¹VJ¹¹¹l¹¹⁸
1426 2390 1587 2461 ¹¹⁰¹1ft¹il
1609 2397 1796 2466 osrtoritate
1819 2413 1975 2473 ornatus,
2028 2400 2216 2489 §iugulare

205 2518 392 2590 Turricam
405 2513 603 2583 barbariem
623 2512 808 2592 debebant,
834 2534 923 2603 quae
938 2512 1182 2584 nomeuChri-
1233 2484 1302 2556 Dffl
1317 2490 1450 2605 d⁰¹l¹1ffl
1474 2506 1522 2562 est
1541 2493 1576 2561 io
1601 2497 1760 2588 principe
1775 2500 1945 2570 autoritas
1964 2526 2025 2571 sen
2043 2503 2217 2583 maiestas,

203 2625 271 2706 sti,
297 2621 416 2688 literas
441 2629 474 2685 et
496 2608 679 2683 honestam
707 2612 930 2702 disciplinam
947 2614 1107 2685 funditus
1122 2618 1186 2686 de·
1234 2612 1323 2706 {1⁰³5
1349 2593 1462 2709 “1¹³¹ss
1485 2595 1590 2711 rebus
1614 2612 1770 2682 ⁰⁰¹¹Sl³li
1803 2602 1951 2695 villule,
1986 2603 2156 2676 felicitate
2186 2613 2218 2669 et

204 2725 278 2793 lere
299 2733 459 2790 conatur.
509 2713 617 2785 Domi
640 2714 815 2784 debebant
845 2737 964 2802 regere
991 2716 1123 2786 iudicia
1152 2733 1185 2787 ct
1233 2693 1679 2768 ¹¹¹⁰l¹¹¹³¹¹⁰¹¹⁸³¹¹¹ffl⁰s⁰m
1695 2701 1734 2769 3¹¹
1750 2703 1896 2793 P⁰t³¹1¹⁰·

204 2846 333 2895 mores.
384 2815 479 2888 Haec
491 2816 634 2909 propria
651 2839 797 2885 munera
813 2830 943 2908 qnotns
960 2818 1107 2910 quisque
1123 2844 1181 2890 cn·
1336 2804 1386 2879 Ut
1401 2809 1439 2878 in
1448 2810 1830 2911 Scipionequauqnam
1848 2820 2081 2902 adolescente,
2100 2836 2216 2893 tamen

204 2925 283 2996 ret?
332 2921 496 3014 Plerique
517 2915 627 2987 ociosi
654 2917 842 3006 indulgent
868 2919 1127 3009 voluptatibus,
1152 2936 1184 2990 et
1235 2924 1308 2981 erat
1328 2915 1496 2982 autoritas
1513 2938 1573 2984 seu
1596 2919 1769 2989 maiestas.
1817 2918 1987 2990 'Primum
2011 2923 2156 2994 lucebat
2180 2925 2214 2992 in

205 3024 395 3097 difficulter
417 3035 552 3092 sumtus
567 3020 718 3090 tolerare
739 3033 896 3109 possunt.
949 3019 1033 3091 ldeo
1047 3024 1184 3111 excogi-
1234 3035 1275 3081 eo
1290 3012 1417 3082 eximia
1432 3015 1564 3102 virtus,
1591 3034 1624 3088 et
1640 3023 1829 3111 apparebat
1847 3046 1927 3090 eum
1952 3014 2069 3093 iuvari
2084 3026 2214 3094 divini·

191 3142 327 3201 ‘tantur
354 3149 467 3194 novae
491 3121 721 3213 expilationes
748 3121 824 3190 sine
853 3122 971 3191 modo.
1024 3121 1103 3192 Vox
1123 3125 1183 3194 illa
1234 3127 1308 3184 tus:
1342 3114 1583 3189 incenduntur
1612 3136 1730 3192 autem
1754 3123 1864 3192 animi
1890 3119 2077 3195 hominurn
2102 3127 2214 3197 adrni-

204 3227 377 3301 loh'anuis
394 3224 646 3296 contemnitur:
673 3217 796 3293 Estote
820 3224 976 3293 contenti
1000 3223 1185 3315 stipendiis
1233 3215 1369 3285 ratione
1397 3216 1539 3288 virtutis
1564 3233 1597 3290 et
1626 3223 1797 3313 opinione
1819 3226 2036 3316 praesentiae
2059 3223 2128 3298 Dei
2157 3251 2214 3299 seu

204 3332 347 3414 vestris3
395 3326 633 3396 contemuitur
665 3325 861 3413 exemplum
898 3319 1038 3409 Achab,
1079 3350 1183 3418 quem
1234 3315 1357 3386 auxilii
1379 3317 1505 3392 divini.
1556 3320 1652 3393 Haec
1674 3349 1877 3419 quanquam
1905 3328 2056 3397 multum
2081 3332 2214 3401 condu-

204 3433 302 3502 Deus
314 3442 458 3499 testatus
474 3439 524 3494 est
540 3448 576 3493 se
587 3425 713 3512 punire
725 3424 1014 3513 proptervineam
1032 3441 1183 3518 ereptam
1234 3431 1320 3488 cunt
1335 3420 1380 3487 ad
1396 3422 1618 3492 autoritatem
1634 3431 1828 3517 parandam
1844 3442 1877 3497 et
1893 3430 2074 3512 tuendam,
2100 3445 2214 3502 tamen

206 3535 275 3605 civi
290 3522 444 3602 Naboth.
479 3524 698 3595 Parcendum
714 3538 787 3593 crat
803 3525 1027 3595 facultatibus
1042 3527 1184 3608 civium,
1235 3534 1269 3589 et
1290 3520 1431 3590 tertium
1456 3546 1587 3594 munus
1603 3524 1670 3596 Dei
1693 3531 1855 3598 accedere
1871 3542 2026 3620 oportet,
2052 3533 2215 3604 videlieet

205 3649 246 3705 ut
269 3634 416 3702 educare
438 3628 570 3697 liberos
595 3627 636 3694 ad
660 3625 824 3696 virtutem
850 3640 884 3695 et
908 3622 1071 3698 honestas
1094 3645 1184 3702 artes
1234 3621 1480 3692 inclinationes
1509 3627 1710 3697 animorum
1737 3631 1910 3702 divinitus
1931 3630 2039 3701 factas
2069 3633 2110 3702 in
2140 3636 2213 3726 ipso

205 3747 367 3828 possent,
392 3743 426 3801 ct
448 3743 487 3800 ut
508 3725 703 3798 necessario
718 3740 872 3818 tempore
889 3731 1056 3800 adversus
1072 3748 1184 3805 exter·
1235 3725 1376 3815 populo·

205 3859 272 3906 nos
286 3833 402 3904 hostes
418 3831 577 3900 conferre
597 3831 764 3921 pecunias
780 3831 967 3920 ampliores
982 3849 1134 3921 possent.
1335 3823 1415 3895 Huc
1437 3829 1588 3916 pertinet
1610 3829 1671 3899 illa
1693 3834 1933 3904 memorabilis
1956 3835 2127 3922 sententia
2148 3833 2213 3906 Sa-

308 3934 391 4020 sed,
416 3946 456 4003 ut
470 3932 554 4016 dixi,
576 3954 803 4020 agnoscamus
817 3925 879 4000 has
894 3933 1053 4002 miserias
1067 3936 1184 4025 publi·
1234 3924 1401 3994 lomonis:
1429 3925 1475 3997 Ut
1490 3931 1613 4000 oculus
1629 3931 1764 4016 videat,
1789 3951 1823 4005 et
1838 3937 1933 4006 auris
1955 3938 2096 4022 audiat,
2116 3935 2213 4006 Deus

206 4063 263 4112 cas
286 4060 434 4130 poenam
461 4057 534 4102 esse
562 4049 762 4101 nostrorum
788 4048 1029 4123 peccatorum,
1061 4050 1095 4106 et
1119 4063 1183 4106 nos
1234 4027 1532 4121 taciturnaque,
1556 4033 1679 4116 idest,
1704 4050 1745 4106 ut
1768 4036 1879 4106 valeat
1897 4041 2115 4127 gubernator
2130 4062 2214 4108 con-

206 4144 300 4235 ipsos
324 4141 368 4209 ad
397 4137 559 4228 pietatem
592 4134 799 4216 excitemus,
832 4148 866 4202 et
886 4134 960 4203 Deo
992 4133 1182 4208 Ecclesiam
1234 4127 1314 4195 silio
1337 4144 1370 4199 et
1394 4131 1539 4203 virtute:
1574 4135 1723 4219 deinde,
1749 4151 1789 4207 ut
1809 4142 1962 4228 populus
1985 4142 2214 4232 obtemperet,

206 4241 501 4320 commendemus,
526 4253 730 4312 acorcmns,
756 4248 795 4305 ut
811 4233 944 4324 mitiget
958 4238 1048 4307 mala
1065 4242 1182 4329 publi·
1235 4252 1309 4298 non
1332 4233 1482 4303 exentiat
1504 4250 1596 4306 recta
1620 4252 1821 4321 monentes,
1848 4253 2028 4335 „qunque
2043 4239 2113 4312 Dei
2131 4265 2214 4334 opu,

207 4370 265 4429 ca,
298 4346 359 4414 det
386 4342 635 4431 gubernatores
670 4336 863 4425 sapientes,
895 4337 1023 4424 iustos,
1056 4343 1185 4426 felices,
1235 4344 1269 4401 et
1293 4334 1426 4402 donum
1450 4350 1513 4405 est.
1568 4335 1614 4408 Ut
1632 4340 1763 4410 valeret
1785 4342 1934 4411 consilio
1949 4328 2215 4427 Themistocles,

119 4448 121 4466 Ι
205 4443 456 4540 Pf⁰⁸l³l⁰l⁰¹¹l⁰⁸
482 4439 627 4510 ”lllllall
652 4461 795 4506 ⁵¹¹⁰‘11m
824 4437 972 4522 citium,
1006 4444 1184 4534 cupientes
1235 4445 1267 4501 et
1286 4456 1332 4501 ne
1355 4435 1430 4502 eius
1454 4439 1598 4506 consilia
1620 4456 1892 4541 aspernarentur
1914 4441 2063 4530 Graeci,
2089 4460 2215 4516 utrun-

207 4570 335 4618 ornare
351 4539 542 4622 Ecclesias,
569 4553 602 4609 et
617 4539 792 4608 illustrare
807 4539 954 4626 gloriam
970 4539 1050 4615 Dei.
1235 4557 1303 4624 que
1327 4535 1430 4605 fiebat
1451 4535 1526 4607 Deo
1549 4541 1766 4627 gubernante
1789 4545 1941 4615 animos.
1992 4544 2043 4617 Ut
2061 4543 2215 4621 Alexan-

311 4644 408 4739 Quid
418 4645 519 4711 'nnnc
534 4625 776 4731 suntlmperia
790 4663 916 4729 magna
932 4666 971 4712 ex
987 4659 1096 4734 parte,
1115 4648 1182 4715 nisi
1235 4638 1298 4702 der
1324 4635 1455 4707 virtute
1482 4642 1631 4720 valeret,
1666 4656 1701 4714 et
1731 4647 1901 4716 exercitus
1929 4648 2083 4719 libenter
2112 4652 2214 4720 talem

207 4753 291 4821 satis
311 4745 455 4815 acerbae
485 4755 710 4835 quaesturae,
744 4735 811 4810 hoc
844 4758 913 4823 est,
946 4745 1183 4836 expilationes,
1234 4735 1398 4805 iuvenem
1415 4756 1635 4836 sequeretur,
1661 4745 1832 4817 divinitus
1848 4749 1964 4822 fiebat.

207 4853 252 4921 ad
265 4870 351 4946 quas
366 4845 584 4920 decurritur,
608 4857 648 4911 nt
668 4843 810 4912 tolerari
828 4846 1048 4934 profusiones
1072 4850 1182 4918 inuti·
1336 4852 1431 4926 Haec
1459 4882 1531 4928 non
1557 4860 1722 4932 omnibus
1750 4866 2046 4953 gubernatoribus
2077 4875 2215 4944 coutin-

134 4967 136 4973 ’
206 4955 258 5023 les
277 4948 431 5043 possint,
458 4943 591 5013 ludicia
617 4967 688 5033 nop
721 4945 946 5035 disciplinae,
976 4971 1048 5015 non
1073 4953 1182 5018 mori·
1235 4968 1340 5044 gunt,
1373 4954 1552 5033 Antiocho
1573 4964 1763 5034 defuerunt
1784 4970 1919 5038 omnia:
1946 4971 2010 5039 etsi
2026 4988 2102 5043 erat
2123 4990 2215 5046 astu-

206 5056 274 5125 bus
289 5051 468 5129 serviunt,
494 5047 552 5115 sed
575 5060 797 5139 quaesturae,
820 5043 921 5115 Bella
941 5051 1131 5120 necessaria
1150 5069 1180 5122 et
1233 5070 1308 5141 tus,
1334 5071 1451 5129 tamen
1469 5063 1544 5132 sine
1561 5063 1696 5134 iusticia
1714 5081 1748 5136 et
1762 5072 1949 5158 modestia,
1974 5073 2147 5147 instructa
2169 5089 2216 5147 est

206 5156 283 5247 pia,
308 5174 396 5248 quae
416 5148 609 5239 geruntur?
817 5247 826 5264 ο
1234 5161 1278 5226 ad
1298 5161 1487 5249 perniciem
1503 5167 1713 5236 veteratoria
1728 5191 1788 5238 seu
1804 5168 2055 5264 sycophantica
2080 5180 2216 5248 callidi-

303 5253 352 5326 Et
381 5252 482 5322 aulae
511 5250 754 5339 episcoporum
792 5262 939 5320 vincunt
968 5251 1054 5320 alias
1088 5254 1184 5325 aulas
1234 5273 1307 5344 tas,
1332 5274 1366 5330 et
1382 5262 1420 5328 in
1436 5263 1520 5332 odio
1535 5279 1605 5350 est,
1632 5280 1673 5337 ut
1689 5268 1835 5340 Sinonis
1849 5275 1993 5358 astutia,
2022 5279 2217 5368 etplernn-

103 5461 107 5468 Ι
206 5357 366 5456 ignavia,
398 5350 663 5444 profusionibus
692 5362 726 5419 et
754 5346 944 5446 βουλιμίᾳ.
1002 5350 1183 5450 Nusquam
1235 5384 1303 5454 qne
1317 5362 1358 5431 in
1373 5365 1509 5454 magnis
1528 5370 1683 5458 negociis
1697 5385 1748 5442 est
1760 5374 1997 5464 infortunata,
2022 5382 2108 5473 qnia
2123 5380 2218 5456 Deus
