4538 5754
58 3785 65 3790 '
196 3775 384 3865 scipliuam
407 3794 501 3858 esse,
526 3771 845 3842 considerationem
866 3794 1099 3862 organorum,
1126 3785 1183 3860 ut,

195 231 247 317 io
430 222 641 304 scnium
665 225 744 306 rii
769 224 887 303 uec.
913 224 1307 307 inpunitior.
1332 223 1620 305 cremnos.
1646 198 2008 306 sencinum.¹
2162 232 2215 317 is

196 402 336 477 canabi
349 399 540 492 ampliores
552 396 701 491 pituitae
714 421 756 469 eii
765 402 901 494 χοανῇ,
925 398 1088 495 Stemus,
1113 403 1182 474 du-
1231 397 1334 474 tium.
1383 398 1521 471 Interea
1537 395 1629 471 banc
1644 400 1853 495 sapientiam
1870 415 2051 497 uteunque
2068 397 2219 476 iucboii·

197 521 272 578 ctos
287 503 380 573 infra
395 501 536 585 oculos,
561 522 682 571 versus
697 523 820 585 nares,
846 501 910 595 qui
931 504 1101 598 utrinque
1115 527 1181 574 na·
1231 524 1327 588 mus,
1352 524 1582 592 agnoscamus
1598 498 1691 573 banc
1713 517 1877 576 naturam
1894 526 1969 573 non
1985 526 2069 579 casu
2082 529 2126 577 er
2143 501 2218 578 De·

195 607 297 678 ribus
315 604 521 673 inseruntur
536 601 709 671 mediocri
726 601 915 673 intervallo
925 604 1017 675 infra
1026 600 1184 699 ἠθμοει-
1231 603 1372 675 mocriti
1387 603 1513 673 atomis
1537 602 1723 675 conflatam
1747 627 1841 689 esse,
1867 605 2085 683 celebremus
2097 603 2217 679 Deum

195 702 271 789 dig.
319 703 392 773 Nec
415 726 499 772 vero
523 702 674 773 dubium
698 718 750 775 εει
769 704 945 776 foramina
967 706 1029 776 illa
1047 707 1086 776 in
1107 729 1183 777 osse
1232 701 1484 789 architectum,
1511 704 1687 776 fateamur
1713 707 1832 777 radios
1856 706 2052 798 sapientiae
2072 707 2218 779 divinae

196 799 394 901 ἠθμοειὸεῒ
411 804 503 874 facta
525 825 599 873 esse
623 803 828 894 spirationis
843 819 879 876 et
896 809 1053 878 'odorum
1069 831 1184 878 causa
1234 808 1272 876 in
1295 829 1361 875 uos
1386 828 1460 874 non
1488 806 1617 877 frustra
1640 829 1778 896 sparsos
1801 829 1896 898 esse,
1930 806 1993 900 qui
2014 821 2217 881 monstrant

197 909 267 978 Via
283 907 377 976 enim
393 905 551 996 proxima
570 918 621 975 est
643 928 685 973 ex
708 928 750 976 eo
765 928 842 977 osse
857 908 902 977 ad
916 921 1069 980 extrema
1084 908 1184 1002 prio·
1233 907 1397 978 ordinem
1411 906 1574 976 omnium
1588 906 1778 995 actionum,
1801 921 1836 978 et
1852 909 1903 980 eis
1917 909 2215 1002 obtemperemus,

196 1032 278 1081 rum
292 1004 571 1075 ventriculoruin
589 1005 737 1081 cerebri.
1234 1021 1393 1100 petamus
1408 1018 1442 1077 et
1456 1019 1677 1098 expectemus
1698 1008 2012 1084 immortalitatem.
2061 1006 2111 1081 Et
2125 1009 2218 1080 scia·

1234 1130 1312 1178 mus
1334 1121 1420 1178 tunc
1449 1109 1593 1178 demmn
1618 1104 1703 1179 haec
1724 1125 1843 1181 nostra
1878 1132 2026 1201 corpora
2048 1106 2217 1183 habitura

1233 1209 1400 1280 ultimum
1418 1220 1453 1278 et
1470 1212 1663 1300 perfectum
1677 1212 1804 1297 decus,
1829 1235 1908 1282 cum
1924 1232 2044 1281 coram
2069 1222 2217 1284 cernent

1235 1323 1269 1380 et
1290 1311 1436 1381 audient
1456 1310 1569 1381 lilium
1586 1308 1672 1398 Dei,
1696 1327 1730 1384 et
1752 1313 1912 1407 undique
1931 1310 1973 1381 in
1995 1311 2046 1383 eis
2066 1311 2218 1403 fulgebit

1234 1412 1295 1481 lux
1318 1411 1451 1480 divina.

1335 1525 1451 1615 Supra
1465 1537 1583 1597 autem
1598 1528 1862 1600 nominavimus
1879 1538 1996 1619 partes
2017 1524 2216 1599 crassiores

1234 1625 1337 1696 Nunc
1360 1628 1522 1696 addenda
1545 1640 1597 1698 est
1617 1629 1745 1701 usitata
1760 1645 1793 1700 et
1809 1628 2002 1698 necessaria
2017 1627 2215 1714 distinctio.

1233 1723 1316 1796 Alia
1330 1729 1486 1796 membra
1505 1730 1673 1800 dicuntur
1686 1727 1908 1829 ἑτερογένεα,
1934 1752 2088 1823 quorum
2099 1741 2216 1819 partes

1235 1850 1307 1896 non
1325 1828 1481 1899 retinent
1495 1853 1627 1898 nomen
1642 1832 1762 1916 totius,
1788 1844 1826 1901 iit
1840 1845 1956 1919 caput,
1981 1828 2116 1915 oculus,
2142 1851 2215 1905 cot.

1233 1927 1315 1997 Non
1332 1928 1427 1997 enim
1443 1930 1622 2022 quaelibet
1636 1954 1715 2022 pars
1730 1932 1853 2022 capitis
1874 1945 1926 2000 est
1950 1942 2067 2020 capus.
2116 1927 2215 2001 Haec

1235 2051 1276 2097 eii
1290 2029 1414 2100 multis
1426 2043 1461 2099 et
1474 2030 1707 2102 dissimilibus
1722 2034 1881 2124 partibus
1905 2041 2106 2103 constructa
2117 2044 2216 2106 sunt.

297 1153 346 1230 Et
370 1158 416 1227 ab
436 1156 497 1225 illa
521 1166 674 1230 extrema
698 1171 795 1248 parte
811 1160 948 1229 cerebri
964 1161 1185 1231 descendunt

195 1264 288 1333 duae
309 1257 519 1350 propagines
542 1282 583 1326 eii
612 1259 807 1330 substantia
832 1261 966 1330 cerebri
991 1261 1029 1330 iii
1051 1285 1091 1330 os
1110 1259 1184 1355 ἠθ-

195 1355 358 1456 μοειδὲς,
386 1381 526 1450 sparsae
549 1360 594 1427 ad
619 1360 816 1445 foramina,
840 1374 873 1431 et
895 1376 935 1432 ut
955 1363 1026 1433 sint
1042 1362 1183 1452 gemina

195 1484 349 1552 organa,
382 1458 575 1531 interstitio
604 1460 711 1529 solidi
742 1462 831 1530 ossis
862 1461 1059 1535 distinctae.
1109 1459 1185 1532 Has

194 1562 408 1656 propagines
436 1583 519 1630 vere
545 1582 620 1629 esse
649 1584 820 1652 organum
848 1563 997 1633 olfactus
1019 1565 1182 1635 traditur.

196 1663 302 1738 Unde
323 1675 357 1732 et
379 1660 671 1732 transmittuntur
692 1665 821 1733 odores
839 1663 876 1731 in
894 1663 1030 1754 priores
1047 1665 1184 1734 ventri-

196 1767 295 1837 culos
308 1762 455 1834 cerebri.
504 1759 601 1831 Haec
623 1764 798 1833 sententia
821 1764 864 1832 da
879 1786 1013 1854 organo
1035 1764 1183 1836 olfactus

194 1865 308 1956 magis
322 1864 496 1956 probatur
509 1862 670 1942 eruditis,
695 1887 801 1956 quam
815 1888 905 1957 quae
920 1866 982 1933 alii
997 1866 1041 1934 de
1055 1868 1184 1935 carun·

196 1967 288 2051 culis
312 1963 571 2034 mamillaribus
594 1964 736 2048 dicunt,
760 1987 851 2056 quae
872 1978 956 2035 sunt
971 1989 1077 2055 supra
1094 1990 1182 2037 ocu-

195 2066 270 2152 los,
302 2079 342 2135 ut
373 2063 537 2156 expleant
569 2064 737 2134 cavitates
766 2064 898 2135 ossium
935 2065 1081 2147 frontis,
1120 2089 1184 2157 per

196 2190 284 2260 quas
301 2187 425 2236 carnes
440 2163 630 2236 nullisunt
645 2166 690 2233 ad
706 2167 889 2235 cerebrum
905 2180 1051 2240 meatus.
1100 2164 1184 2236 Ma·
1336 2160 1418 2231 Alia
1441 2160 1600 2232 membra
1616 2161 1850 2235 nominantur
1867 2157 2067 2260 ὅμογὲνεα,
2088 2161 2221 2232 seusi-

195 2268 363 2337 nifestum
380 2278 431 2335 cst
447 2278 578 2348 autem,
600 2267 729 2333 odores
744 2266 788 2334 ad
804 2259 986 2335 ce‘rebrum
1002 2263 1184 2338 transvehi
1233 2261 1391 2346 milacis,
1417 2275 1458 2332 ut
1481 2261 1577 2332 Gaza
1601 2263 1771 2356 loquitur.
1830 2263 2005 2332 Videlicet
2024 2261 2063 2331 in
2083 2261 2216 2354 quibus

195 2381 378 2460 oportere,
404 2364 463 2435 cui
480 2377 630 2455 prosunt
646 2377 688 2437 ut
703 2365 838 2436 dictum
857 2379 920 2438 est.
1029 2407 1041 2425 κ
1235 2386 1315 2463 pars
1331 2363 1460 2433 retinet
1472 2364 1746 2455 adpellationein
1762 2366 1889 2450 totius,
1913 2377 1946 2434 ει
1965 2375 2050 2434 suut
2064 2386 2214 2433 noveni:

1538 2477 1630 2550 Caro

241 2621 304 2695 De
329 2615 506 2692 membris
530 2613 765 2690 similoribns
787 2638 857 2692 seu
882 2615 1132 2714 bomopencs's.
1539 2575 1595 2650 ⁰³

1540 2677 1718 2772 Cartilago

297 2765 436 2839 Multae
463 2786 587 2856 greum
620 2787 744 2836 causae
775 2778 879 2851 sunt,
921 2780 1067 2857 propter
1096 2788 1183 2860 quas
1538 2779 1677 2852 Nervus

195 2871 341 2965 prodest
364 2868 483 2938 statim
505 2867 692 2937 adsuefieri
715 2866 874 2936 iuniores
892 2868 937 2936 ad
952 2868 1183 2961 qualemcun-
1538 2878 1683 2957 Chofd,

195 2996 267 3066 que
299 2969 618 3040 considerationem
651 2967 783 3058 opificii
820 2963 967 3038 humani
1006 2968 1182 3059 corporis,
1538 2982 1785 3073 figmentum

194 3071 334 3144 etiamsi
358 3065 444 3142 baec
462 3069 577 3160 prima
599 3067 735 3157 pictura
768 3068 952 3162 aliquanto
971 3069 1098 3139 rudior
1120 3081 1181 3138 εει.
1542 3081 1645 3153 ven,

194 3173 358 3244 Primum
380 3170 475 3239 enim
497 3191 629 3258 organa
658 3184 838 3262 utcunque
854 3170 1093 3260 potentiarum
1110 3168 1182 3237 dis-
1537 3180 1678 3254 Aueria

195 3275 292 3344 cerni
322 3283 357 3341 et
384 3270 575 3339 monstrari
606 3290 745 3337 necesse
782 3282 853 3352 est,
895 3271 992 3361 quod
1022 3293 1102 3338 cum
1134 3268 1183 3354 fit,
1538 3281 1768 3359 pamicula,

194 3373 386 3466 praecipua
410 3371 568 3488 membra
591 3368 822 3488 recitantur..
846 3365 986 3439 Deinde
1009 3370 1054 3439 ad
1078 3382 1182 3488 tuen·
1333 3396 1386 3469 A,
1404 3411 1544 3490 praep„
1558 3422 1720 3486 comem,
1746 3398 1866 3472 Μὴ
1889 3400 2027 3496 ,eliqua
2047 3401 2218 3474 mium

195 3478 278 3545 dam
294 3473 586 3553 valetudiuemet
598 3470 640 3537 ad
660 3471 911 3539 meditationes
933 3471 1077 3562 prodest
1092 3491 1182 3539 scire
1232 3522 1274 3570 a
1296 3501 1447 3584 umine,
1471 3525 1546 3573 non
1567 3523 1608 3570 ex
1629 3501 1812 3591 unguine·
1863 3500 2021 3596 Ideoque
2044 3505 2218 3575 dicuntur

195 3576 439 3645 membrorum
464 3569 662 3687 qualitates.
694 3567 786 3688 'Nec
807 3571 1035 3688 dubium-est·
1048 3583 1178 3688 tempe·
1232 3597 1478 3694 σπερματικά,
1513 3602 1578 3673 mi
1604 3625 1645 3671 u
1670 3602 1841 3692 unguine
1861 3605 2077 3675 conveniens
2099 3604 2218 3677 unffi·

195 3675 333 3746 rantiae
356 3688 389 3743 et
414 3673 671 3740 moderationis
691 3693 730 3738 in
760 3670 882 3740 multis
904 3671 1104 3773 actionibus
1125 3672 1182 3739 di·
1231 3715 1389 3772 mmmm
1411 3702 1603 3793 accipiunt·

1330 3814 1575 3889 Recitabimus
1584 3829 1701 3888 autem
1714 3818 1938 3889 brevissimas
1949 3817 2218 3912 descriptiones,

1232 3915 1316 4010 quia
1333 3941 1472 3988 necesse
1489 3932 1541 3989 est
1554 3919 1675 4011 aliquo
1694 3919 1800 3988 modo
1816 3941 1919 3989 none
1933 3913 2223 4011 discriminalia-¹

1232 4042 1312 4088 rum
1329 4019 1505 4111 partium,
1529 4042 1618 4113 quae
1634 4033 1668 4092 et
1686 4018 1782 4111 ipsae
1796 4032 1880 4091 sunt
1898 4019 2084 4092 ministrae
2105 4021 2222 4093 actio-'

1232 4143 1321 4190 num
1336 4119 1618 4212 praecipuarum.

196 3876 258 3970 qui
283 3874 349 3943 scit
368 3873 478 3965 epatis
502 3872 677 3942 actionem
697 3872 957 3963 languidiorem
978 3896 1068 3957 esse,
1102 3895 1182 3942 cum

196 3976 326 4067 accipit
350 3998 391 4044 ex
413 3972 611 4044 ventriculo
634 3966 780 4066 cbyluin
807 3970 924 4044 adbuc
944 3975 1113 4057 crudum,
1147 3984 1184 4043 et

196 4093 309 4150 totam
320 4074 503 4164 sanguinis
519 4096 666 4143 massam
680 4074 756 4142 fieri
774 4073 1017 4166 impuriorem,
1033 4086 1067 4144 et
1082 4095 1184 4165 saepe

198 4175 460 4271 cacochymiain
485 4188 520 4245 et
543 4169 759 4267 hydropem,
793 4174 825 4242 is
848 4175 957 4264 magis
980 4188 1095 4246 servat
1122 4199 1184 4247 or·

197 4280 319 4350 dinem
333 4292 481 4350 naturae
498 4275 768 4346 convenientem
784 4274 823 4344 in
840 4277 919 4346 cibo
929 4339 933 4360 ,
944 4289 979 4348 ει
993 4289 1092 4370 potu.
1333 4253 1439 4340 (3³¹⁰,
1455 4251 1559 4350 cept,
1577 4267 1629 4326 ⁸⁸¹
1643 4254 1839 4373 δῦῦξῑξῦῑῖδ
1851 4255 2056 4345 “nsssslssffls
2070 4280 2161 4350 (1⁰³⁸
2177 4258 2218 4329 fit

1232 4381 1312 4428 cuin
1330 4357 1480 4428 crassior
1498 4379 1576 4446 pars
1598 4375 1781 4444 sanguinis
1805 4356 2010 4448 coagulata,
2041 4379 2105 4428 sua
2127 4379 2218 4450 qua-

299 4426 434 4545 lngens
444 4439 563 4498 autem
578 4436 612 4495 et
628 4417 871 4544 liaecvutilitas
898 4438 971 4518 est,
997 4439 1072 4498 arte
1096 4447 1183 4497 con·
1234 4461 1317 4530 dam
1331 4459 1491 4528 coctione
1508 4456 1547 4526 fi,
1568 4477 1696 4545 corpu,
1708 4453 1866 4542 'solidum
1881 4468 1916 4526 e,
1930 4458 2050 4530 mone·

197 4530 351 4603 siderate
367 4527 584 4611 ratiocinari,
599 4522 667 4609 lioc
682 4528 885 4597 mirandum
907 4550 995 4619 opus
1010 4551 1085 4597 non
1101 4550 1183 4598 casu

199 4633 252 4703 ita
269 4627 499 4709 confluxisse,
522 4651 588 4697 nec
602 4640 740 4700 tantum
759 4628 803 4696 ad
822 4623 919 4699 hunc
933 4652 1037 4699 usum
1053 4629 1093 4697 in
1108 4628 1182 4700 vita
1251 4692 1261 4711 ,

199 4731 346 4803 mortali
362 4727 545 4799 condam„
561 4750 646 4804 em·
696 4723 784 4799 Em
800 4729 906 4799 ,fiam
921 4752 1084 4801 ,mmm
1100 4752 1183 4799 „u-
1232 4693 1408 4763 sissimum
1425 4705 1476 4762 est
1493 4714 1512 4760 a
1527 4689 1643 4759 calido
1669 4701 1796 4759 urente
1820 4688 2026 4777 induratur,
2051 4689 2141 4762 sicut
2162 4688 2246 4807 ¹3⁶?

692 4829 701 4848 ·
754 4824 1055 4902 nefithumamm
1078 4843 1184 4901 nam·
1230 4792 1332 4886 pides
1362 4805 1563 4886 coquuntur
1585 4813 1604 4859 a
1629 4788 1744 4858 calido
1767 4801 1907 4858 urente.
1972 4789 2066 4861 Sunt
2098 4805 2218 4863 autem
2237 4858 2251 4870 ,

199 4855 296 4918 sam,
317 4854 381 4902 cur
395 4829 470 4922 ipse
490 4826 585 4897 filius
600 4825 752 4899 Deiid
1677 4889 1686 4908 ,
1855 4888 1865 4906 ,
2052 4886 2056 4893 .
2202 4888 2206 4897 ,

200 4957 291 5005 ram.
341 4928 506 5002 Huncin
522 4928 623 4998 omui
636 4926 692 5000 aet
758 4930 841 5001 itate
854 4931 926 5003 tuis
939 4930 1051 5002 oculis
1065 4929 1183 5002 intue-
1230 4918 1308 4968 ⁰⁸⁸³
1325 4893 1423 4964 '¹⁸¹⁰‘
1438 4907 1584 4965 'funem
1600 4902 1779 4962 ⁸⁰⁸¹¹¹¹⁸¹¹⁸
1801 4888 1978 4986 'ellium‘
1993 4912 2132 4982 ‘⁰19⁰‘
2203 4976 2212 4985 .

200 5035 318 5118 beris,
344 5031 467 5103 audies
482 5029 714 5101 auribustuis
729 5033 1019 5116 disserentemde
1043 5030 1184 5123 sapien·
1332 5027 1491 5112 Nervus,
1515 5028 1662 5118 νεῦρον.
1712 5018 1778 5095 Εει
1796 5024 1993 5098 substantia
2014 5046 2035 5095 e
2057 5027 2241 5121 cerebro,.

201 5135 252 5209 tia
268 5132 408 5218 divina,
433 5147 496 5203 tuo
513 5129 698 5222 complexu
712 5131 828 5221 ipsum
847 5135 1027 5206 salutabis.
1078 5130 1184 5203 Tunc
1232 5146 1292 5202 aut
1310 5128 1438 5221 spinuli
1456 5127 1612 5198 medulla
1635 5138 1733 5210 orta,
1758 5127 1895 5206 tenuis,
1919 5124 2040 5197 mollis
2066 5139 2101 5197 et
2123 5126 2238 5214 alba,

203 5239 347 5307 demum
361 5229 624 5323 intelligemus,
643 5242 679 5302 ει
692 5254 755 5301 cur
768 5212 854 5306 hiae
869 5258 1016 5329 corpora
1031 5233 1082 5304 sic
1097 5257 1183 5304 con·
1232 5230 1448 5305 tenuissimis
1472 5228 1569 5300 villis
1595 5249 1660 5319 per
1681 5225 1826 5318 longum
1850 5238 2030 5308 contexta,
2050 5249 2142 5320 quae
2163 5240 2218 5298 est

1333 4587 1438 4676 Ossa,
1452 4584 1556 4673 ὀστᾶ,
1573 4587 1663 4658 liunt
1679 4586 1858 4674 esemine,
1875 4612 1956 4660 cum
1968 4589 2004 4660 id
2016 4591 2111 4684 quod
2121 4611 2218 4662 crat-

203 5339 280 5411 dita
296 5337 386 5422 sint,
412 5349 447 5408 et
461 5357 551 5429 quae
577 5332 623 5408 sit
643 5333 841 5408 substantia
863 5337 1082 5430 singularum
1100 5360 1183 5431 par-
1221 5335 1514 5405 instrumentum
1531 5327 1762 5424 praecipuum
1778 5336 1902 5400 tensus
1915 5339 1950 5401 et
1962 5327 2100 5423 motos,
2124 5325 2217 5401 Nam
