4538 5754
136 248 238 326 asoa
736 254 801 331 rx.
852 246 1563 329 conunnmanmrsamos
1825 207 1833 217 ’
2057 210 2157 335 tt'to

130 418 204 493 lide
230 419 420 494 coniuncta
442 436 493 493 est
515 426 677 510 dilectio,
709 439 745 498 et
765 430 1009 499 accenduntur
1029 425 1120 496 aliae
1271 420 1440 517 Sequitur
1467 424 1506 493 in
1530 423 1653 494 eodem
1676 421 1869 513 particula,
1898 444 1990 516 quae
2010 440 2157 518 propter

127 524 282 594 virtutes
296 525 508 594 necessariae
523 529 619 599 iuxta
632 541 814 621 praecepta
826 530 995 623 moralia,
1016 527 1119 598 iusti·
1169 526 1375 596 brevitatem
1397 525 1582 595 obscurior
1603 537 1671 609 est,
1697 528 1756 594 sed
1784 521 1850 594 hae
1865 538 1950 596 sunt
1964 528 2155 619 simplicis-

123 626 205 709 'cis,
230 626 387 710 castitas,
413 626 703 703 veritasetaliae.
754 628 939 703 Postremo
953 631 1120 700 accedant
1170 629 1279 697 simae
1299 627 1618 716 interpretationes.
1655 623 1743 696 ¹Aut
1764 627 1858 696 enirn
1877 626 1928 697 sic
1941 631 2154 716 generaliter

126 727 352 797 ceremoniae
371 727 545 800 divinitus
566 734 750 804 ordinatae
772 755 836 802 suo
853 756 1013 826 quaeque
1027 746 1118 801 tem·
1169 729 1327 825 quarrati
1348 752 1470 799 versus
1494 722 1625 820 potest:
1658 723 1876 818 Congregate
1896 725 1986 798 mihi
2002 730 2154 804 Sanctos

128 850 238 920 pore,
264 851 338 898 non
354 843 394 898 ut
408 846 612 902 mereantur
625 834 871 904 remissionem
886 848 1119 927 peccatorum,
1168 852 1285 914 meos,
1315 853 1395 900 cum
1426 831 1555 924 quibus
1584 828 1652 897 leci
1672 829 1798 900 foedus
1821 832 1867 900 de
1887 831 2084 919 sacrificiis,
2112 833 2152 904 id

127 952 205 998 non
224 931 320 1022 quod
337 931 498 1021 placeant
513 931 591 1004 Deo
605 934 683 1006 sine
696 935 785 1020 lide,
811 949 843 1005 et
860 936 937 1005 sine
950 934 1118 1026 operibus
1169 944 1237 1015 est,
1261 931 1393 1023 quibus
1414 932 1547 1002 tradidi
1571 932 1702 1019 legem,
1728 931 1765 999 in
1789 955 1859 1024 qua
1880 931 1920 1002 iit
1942 934 2077 1006 mentio
2093 958 2152 1005 sa-

127 1029 346 1115 moralibus,
372 1033 432 1099 sed
457 1046 499 1104 ut
521 1037 592 1104 sint
614 1037 713 1127 signa
735 1037 1012 1127 promissionum
1036 1058 1117 1103 vera
1167 1032 1391 1105 crificiorum.
1443 1031 1633 1103 Haeccusn
1649 1055 1724 1101 non
1738 1047 1830 1102 recte
1845 1032 2060 1124 intelligatis,
2079 1036 2151 1106 iam

127 1132 305 1201 credenti:
333 1133 463 1200 deinde
486 1150 525 1206 ut
547 1137 620 1207 sint
642 1140 740 1229 signa
756 1138 1002 1228 professionis,
1029 1158 1118 1228 quae
1168 1146 1323 1204 errorem
1340 1147 1495 1204 vestrum
1511 1136 1556 1204 de
1574 1132 1624 1202 eis
1638 1131 1777 1205 taxabo.
1942 1218 1945 1223 4

126 1233 334 1321 discernant
346 1229 542 1304 Ecclesiam
564 1240 610 1308 ab
630 1235 793 1310 ethnicis.
846 1237 923 1308 lmo
949 1261 1027 1308 cum
1044 1260 1116 1306 non
1270 1235 1344 1305 Aut
1374 1231 1442 1304 hoc
1470 1238 1594 1306 modo:
1633 1231 1854 1324 Congregate
1883 1231 1974 1305 mihi
2000 1233 2150 1309 Sanctos

126 1334 302 1402 accedunt
336 1357 417 1402 vera
460 1336 546 1406 fides
578 1353 612 1409 ct
649 1342 849 1410 obedientia
879 1339 1042 1423 moralis,
1084 1351 1116 1406 et
1167 1359 1284 1420 meos,
1317 1336 1523 1407 ordinantes
1545 1337 1670 1405 foedus
1692 1359 1798 1426 super
1818 1336 2007 1419 sacrificia,
2027 1337 2065 1407 id
2087 1353 2150 1424 cst,

126 1433 378 1504 existimantur
393 1438 520 1507 mereri
536 1442 779 1510 remissionem
795 1454 1036 1533 peccatorum,
1058 1439 1117 1507 ni·
1167 1452 1328 1528 putantes
1357 1462 1477 1507 meum
1499 1440 1625 1508 foedus
1647 1449 1783 1507 tantum
1806 1451 1869 1508 aut
1892 1451 1984 1509 certe
2009 1440 2150 1529 potissi.-

126 1529 184 1604 hil
199 1534 317 1603 differt
336 1536 417 1604 talis
430 1541 546 1608 cultus
562 1543 608 1610 ab
625 1537 780 1615 ethnico.
1167 1562 1264 1608 mum
1289 1561 1362 1608 esse
1384 1553 1566 1630 praccepta
1589 1539 1890 1618 ceremoniarum,
1915 1540 2016 1631 quasi
2038 1541 2149 1612 dicat:

234 1632 330 1709 Haec
345 1650 417 1705 tota
433 1640 593 1709 doctrina
609 1665 711 1733 saepe
725 1644 763 1711 in
773 1636 982 1731 Prophetis,
1007 1639 1115 1712 Chri·
1167 1634 1262 1710 hunc
1284 1664 1439 1710 errorem
1464 1654 1504 1711 ut
1527 1641 1730 1723 emendem,
1755 1640 1825 1708 iam
1847 1663 2003 1710 convoco
2025 1637 2149 1711 Eccle-

126 1749 184 1805 sto
213 1748 249 1804 et
272 1735 453 1824 Apostolis
477 1743 624 1830 repetita
647 1759 710 1815 cst.
761 1741 812 1813 Ut
832 1739 959 1810 Esaiae
982 1745 1115 1834 primo:
1165 1740 1265 1814 siam.
1328 1739 1395 1811 His
1428 1741 1795 1833 interpretationibus,
1845 1741 1927 1832 quia
1969 1742 2149 1812 molliores

127 1833 213 1925 Quo
235 1830 324 1904 mihi
346 1839 540 1909 multitudo
557 1843 780 1912 victimarum
797 1843 1018 1912 vestrarum?
1066 1843 1115 1914 Et
1165 1854 1266 1926 sunt,
1289 1843 1451 1927 contenti,
1472 1844 1594 1917 simus.
1645 1841 1720 1911 Alii
1743 1842 1970 1935 quaesierunt
1990 1844 2149 1933 argutio-

125 1933 255 2007 Esaiae
271 1937 347 2010 68.:
379 1938 498 2011 Nolite
527 1942 685 2012 ieiunare
714 1944 804 2014 sicut
829 1938 1009 2017 hactenns.
1069 1940 1115 2014 Et
1164 1965 1220 2011 res
1235 1943 1487 2032 expositiones,
1508 1966 1594 2036 quas
1610 1943 1746 2015 omitto.

127 2036 299 2107 leremiae
314 2037 365 2110 7.;
392 2038 474 2108 Non
489 2044 648 2132 praecepi
664 2044 714 2113 eis
732 2046 776 2112 de
789 2034 1016 2118 holocaustis.
1068 2041 1115 2115 Et
1266 2041 1435 2136 Sequitur
1459 2044 1674 2134 propositio,
1699 2067 1790 2137 quae
1809 2036 1967 2115 continet
1983 2041 2150 2112 adfirma-

127 2133 295 2208 Micbeae
310 2137 360 2207 6.:
389 2136 558 2211 lndicabo
580 2144 669 2228 tibi,
694 2169 716 2213 o
731 2139 859 2229 homo,
884 2146 972 2238 quid
987 2146 1032 2216 sit
1049 2147 1115 2215 bo-
1165 2142 1255 2214 tivas
1273 2158 1313 2227 et,
1322 2145 1501 2233 negativas
1515 2136 1717 2217 sententias.

125 2261 229 2308 num.
281 2235 328 2309 Et
345 2236 609 2313 Zachariae7.:·
622 2243 715 2314 Num
730 2245 904 2314 ieiunium
919 2241 1009 2316 mihi
1025 2247 1114 2317 ieiu-
1224 2245 1500 2318 ‚Adfirmativa
1517 2241 1602 2333 hacc
1618 2258 1685 2313 est:
1712 2240 1956 2341 Aodipopols
1972 2263 2089 2327 meus,
2116 2251 2148 2311 st

116 2339 246 2409 natis?
295 2337 373 2409 Hae
400 2343 588 2413 conciones
610 2358 644 2415 et
667 2345 800 2415 similes
824 2348 868 2414 ad
894 2342 990 2417 hunc
1013 2346 1114 2418 Psal-
1165 2338 1302 2442 loquor
1318 2341 1460 2432 Israel,
1485 2354 1516 2416 at
1535 2340 1754 2437 testificabor
1769 2346 1807 2414 in
1824 2354 1871 2430 tc,
1895 2341 2020 2430 Deus,
2041 2339 2148 2414 Deus

124 2463 228 2510 mum
258 2442 459 2530 pertinent,
494 2468 586 2536 quae
608 2440 802 2516 Ecclesiam
836 2449 880 2515 de
909 2448 1114 2517 discrimine
1165 2453 1251 2516 tuus
1273 2470 1338 2538 ego
1363 2470 1459 2521 sam.
1513 2446 1636 2519 larem.
1654 2451 1688 2520 7.
1715 2469 1859 2538 prorsus
1879 2471 1919 2515 eo
1935 2447 2043 2514 modo
2058 2445 2149 2515 dici·

124 2541 206 2609 veri
242 2543 358 2611 cultus
395 2557 430 2614 et
468 2547 748 2619 ceremoniarum
777 2550 1113 2620 commonefaciunt:
1165 2559 1241 2616 tur:
1268 2546 1348 2617 Non
1374 2550 1536 2640 praecepi
1553 2551 1597 2618 de
1614 2544 1848 2631 holocaustis,
1872 2550 1933 2617 sed
1948 2545 2069 2617 audite
2083 2571 2148 2616 vo·
2230 2628 2233 2637 Ι

123 2639 266 2733 eritque
295 2644 406 2730 magis
428 2647 610 2736 perspicua
635 2649 737 2718 lectio
760 2646 999 2734 Psalmorum,
1034 2674 1113 2719 cum
1165 2671 1240 2715 cem
1262 2672 1387 2719 meam.
1443 2647 1541 2720 Haec
1561 2650 1798 2719 adfirmative:
1826 2644 1946 2733 Aodi,
1971 2642 2048 2736 Ego
2070 2670 2148 2717 sum

124 2743 243 2812 nostri
271 2745 438 2834 temporis
467 2748 658 2818 certamina
682 2750 727 2818 de
748 2749 876 2818 iisdem
900 2750 1005 2819 rebus
1028 2773 1115 2820 con·
1164 2744 1261 2817 Deus
1292 2762 1390 2832 tuus,
1421 2750 1598 2839 principio
1627 2750 1783 2840 postulat
1806 2750 2023 2839 agnitionem
2046 2771 2149 2818 verae

124 2842 374 2913 siderabimus.
521 2850 524 2856 ’
754 2900 757 2906 .
966 2892 969 2898 -
1166 2847 1348 2933 doctrinae
1373 2850 1458 2938 legis
1479 2863 1515 2919 et
1537 2850 1812 2941 promissionum
1837 2865 1869 2920 ct
1892 2851 2075 2933 timorem,
2108 2872 2148 2918 ac

230 2942 346 3014 Totus
376 2958 491 3015 autem
513 2944 675 3018 Psalmus
699 2950 856 3031 narratio
879 2962 949 3033 est,
982 2950 1021 3018 in
1045 2972 1113 3041 qua
1165 2947 1283 3019 fidem.
1337 2947 1385 3022 Ut
1398 2973 1471 3018 non
1485 2946 1719 3041 probatDeus
1732 2950 1897 3019 sacrificia
1908 2944 2149 3038 Agamemno-

124 3042 225 3115 Deus
255 3038 359 3115 initio
391 3047 578 3116 minitatur
600 3049 689 3118 iram
713 3063 745 3118 et
768 3073 900 3139 poenas
921 3047 1115 3144 hypocritis
1165 3049 1241 3132 nis,
1274 3048 1357 3142 quia
1387 3074 1531 3139 prorsus
1554 3053 1693 3139 ignorat
1718 3051 1864 3120 verbum
1888 3049 1973 3148 Dei:
1998 3049 2048 3116 sic
2073 3072 2149 3117 non

126 3146 277 3216 secundi
298 3147 453 3235 generis,
488 3149 550 3240 qui
572 3172 653 3217 cum
677 3150 842 3238 ignorent
864 3174 966 3221 veros
990 3151 1116 3235 cultus,
1166 3151 1291 3240 probat
1319 3152 1485 3220 sacrificia
1510 3150 1691 3234 Manasse‚
1725 3151 1806 3243 quia
1831 3149 1915 3219 lacit
1940 3171 2150 3239 enprorsus

114 3247 235 3316 tidem
265 3260 299 3318 et
324 3272 444 3316 veram
473 3248 755 3336 invocationem,
789 3252 923 3322 interea
954 3252 1116 3322 iactitant
1146 3252 1325 3341 neglecto
1349 3252 1458 3321 verbo
1478 3249 1567 3344 Dei,
1592 3250 1692 3338 lingit
1715 3275 1827 3321 novos
1850 3250 2069 3332 cultus‚·nec
2091 3250 2149 3318 in-

127 3369 169 3417 se
186 3368 261 3417 ease
279 3349 450 3439 populum
467 3350 556 3431 Dei,
585 3365 728 3443 propter
740 3354 975 3432 ceremonias,
1002 3368 1036 3425 et
1053 3348 1114 3421 has
1166 3365 1285 3423 tuetur
1299 3349 1415 3421 Deum
1433 3354 1495 3445 qui
1511 3376 1548 3422 se
1562 3352 1726 3448 patefecit
1741 3367 1835 3423 certo
1852 3351 1961 3419 verbo
1975 3349 2118 3423 tradito.

127 3449 333 3527 anteferunt
354 3451 522 3521 omnibus
546 3451 625 3520 aliis
647 3453 833 3544 operibns,
858 3455 914 3523 vel
932 3453 1112 3524 stabilien-
1267 3451 1407 3523 Deinde
1428 3456 1628 3524 membrum
1650 3452 1879 3544 praecipuum
1896 3450 2150 3542 propositionis

127 3551 197 3620 dac
221 3551 401 3639 potentiae
426 3575 509 3621 suae
532 3576 651 3638 carisa,
675 3554 730 3629 vel
750 3568 897 3646 propter
918 3567 1114 3648 quaestum,
1165 3547 1234 3622 hoc
1249 3567 1317 3622 est:
1345 3549 1447 3622 Audi
1459 3555 1605 3648 inquam
1621 3549 1720 3623 hanc
1729 3577 1869 3624 vocem:
1896 3547 2018 3637 Deus,
2042 3546 2156 3637 Deus⁴

128 3651 187 3721 vel
203 3656 242 3721 nt
258 3659 461 3721 mereantur
475 3653 717 3722 remissionem
735 3669 966 3746 peccatorum.
1167 3661 1250 3722 tuus
1272 3676 1337 3746 ego
1356 3677 1449 3724 sum.
1514 3653 1593 3725 Hoc
1616 3655 1756 3737 audias,
1789 3678 1845 3722 me
1865 3654 1927 3746 qui
1953 3654 2151 3734 illustribus

108 3816 112 3823 .
234 3748 401 3824 lncoatnr
424 3768 539 3823 autem
565 3755 722 3824 narratio
746 3758 960 3845 grandisono
983 3757 1113 3825 descri—
1167 3755 1376 3824 testimoniis
1393 3755 1460 3825 tibi
1478 3755 1589 3845 legem
1606 3768 1639 3823 ct
1655 3755 1905 3844 promissiones
1921 3754 2070 3838 tradidi,
2095 3754 2151 3821 vi-

127 3852 264 3948 ptionis
285 3854 496 3922 severissimi
512 3855 636 3924 iudicii
655 3856 788 3941 divini,
812 3872 852 3927 ut
868 3854 1029 3927 homines
1043 3858 1114 3926 dis-
1168 3857 1296 3925 delicet
1309 3855 1424 3928 Deum
1443 3878 1533 3940 esse,
1557 3869 1590 3925 et
1607 3880 1663 3923 me
1679 3855 1767 3924 velle
1782 3857 1833 3924 sic
1848 3855 1936 3939 coli,
1961 3856 2081 3925 audita
2098 3855 2150 3923 le-

118 3976 274 4026 -cernerc
308 3955 447 4024 discant
479 3945 608 4044 gradus
638 3970 880 4046 peccatoromq
926 3976 991 4028 nec
1022 3973 1115 4028 exte·
1167 3958 1219 4048 gis
1231 3981 1316 4026 voce
1331 3980 1387 4026 me
1402 3958 1544 4042 timeas,
1569 3971 1603 4027 et
1616 3957 1747 4031 auditis
1758 3957 2054 4048 promissionibus
2067 3978 2149 4025 vera

128 4067 243 4126 noent
256 4056 404 4125 moralia
423 4071 579 4147 peccata,
602 4071 642 4127 ut
658 4058 695 4127 lit
712 4082 835 4148 magna
850 4084 891 4129 ex
906 4074 1017 4151 parte.
1069 4055 1116 4129 Et
1167 4060 1359 4135 liduciaad
1380 4083 1436 4128 me
1452 4060 1615 4142 accedas,
1639 4083 1696 4127 me
1711 4058 1871 4138 invoces,
1897 4081 1989 4127 ame
2004 4070 2100 4146 petas
2116 4071 2152 4127 et
2246 4098 2254 4105 -

114 4169 169 4228 ·nt
193 4156 345 4226 sciamus
364 4153 448 4226 vero
464 4155 540 4226 Deo
551 4159 665 4228 tribui
683 4181 900 4241 sermonem,
926 4161 1116 4252 appellatio
1168 4173 1326 4250 expectes
1340 4161 1432 4230 bona
1449 4175 1592 4250 propter
1603 4157 1838 4230 Mediatorcm
1855 4161 2090 4249 promissum,
2116 4169 2150 4226 et

113 4258 294 4341 :additum
320 4258 453 4328 scilicet
469 4252 618 4339 lehova,
645 4261 847 4329 discernens
863 4285 985 4332 verum
1001 4261 1115 4332 Deum
1170 4258 1233 4330 hac
1249 4262 1317 4329 lide
1333 4262 1572 4350 praelucente,
1598 4285 1640 4330 eo
1653 4261 1778 4331 ordine
1791 4272 1945 4350 praestes
1958 4281 2084 4347 opera,
2109 4270 2151 4328 ut

113 4360 417 4431 :seommentittis
431 4360 656 4430 numinibus:
681 4374 716 4431 et
730 4362 769 4433 tn
784 4363 916 4433 mentio
931 4363 1000 4432 loci
1016 4360 1117 4444 Sion,
1168 4385 1232 4450 ego
1251 4362 1423 4452 praecepi.
1477 4360 1636 4431 Primum
1653 4360 1821 4454 moralia,
1848 4360 1977 4429 deinde
1994 4382 2151 4429 ceremo-

114 4460 269 4532 -utfveri
283 4459 351 4531 Dei
373 4460 580 4530 concionem
602 4485 675 4531 esse
690 4462 860 4544 sciamus,
886 4466 948 4558 qui
964 4488 1001 4534 se
1014 4465 1117 4535 c'ertis
1169 4464 1244 4533 nias
1273 4477 1441 4556 tanquam
1459 4462 1571 4553 signa
1603 4461 1850 4543 confessionis,
1881 4474 1921 4530 ut
1943 4475 1977 4531 te
2003 4474 2036 4529 et
2062 4459 2149 4528 alios

127 4561 344 4635 testimoniis
374 4561 413 4630 in
436 4560 525 4633 Sion
554 4565 728 4654 patefecit.
793 4562 976 4637 Convocat
1000 4579 1116 4635 autem
1158 4565 1505 4648 commonefaciant,
1531 4589 1604 4632 non
1627 4576 1666 4631 ut
1687 4574 1889 4631 mereantur
1907 4561 2149 4632 remissionem

127 4662 336 4735 nniversam
357 4658 570 4748 Ecclesiam,
602 4666 641 4732 in
672 4689 741 4757 qua
773 4668 878 4736 simul
907 4682 989 4737 sunt
1013 4668 1118 4738 multi
1170 4679 1403 4758 peccatorum.
1475 4661 1625 4736 Etiamsi
1654 4663 1944 4755 pulcerrimarnm
1976 4663 2148 4733 virtutum

111 4764 217 4836 «iusti
231 4777 324 4833 recte
337 4764 490 4835 colentes
505 4765 645 4850 Deum,
670 4780 705 4836 et
722 4769 834 4839 multo
850 4769 969 4864 plures
983 4769 1118 4855 iniusti,
1169 4777 1274 4859 opera
1303 4767 1429 4850 facias,
1463 4779 1497 4836 ct
1523 4766 1648 4835 offeras
1677 4763 1836 4856 quotidie
1860 4786 1986 4853 magna
2008 4762 2151 4851 agmina

126 4865 194 4959 qui
208 4864 313 4935 titulo
329 4877 413 4935 stant
428 4868 586 4936 membra
600 4863 789 4942 Ecclesiae.
1169 4872 1296 4949 boum,
1329 4868 1405 4937 sine
1423 4889 1505 4936 vera
1528 4864 1708 4954 agnitione
1726 4863 1811 4950 Dei,
1844 4866 1920 4934 sine
1941 4864 2152 4952 cogitatione
2217 4935 2220 4943 ,

233 4962 323 5036 Cum
351 4965 462 5053 igitur
491 4969 558 5038 ait:
593 4959 824 5062 Congregals
844 4962 943 5038 miii
961 4964 1119 5040 Sanctos
1169 4971 1268 5057 verbi
1290 4971 1364 5039 eius
1382 4983 1416 5038 et
1432 4967 1725 5060 patefactionnm,
1751 4981 1785 5038 et
1800 4991 1861 5036 cor
1876 4967 1922 5037 sit
1936 4967 2013 5035 sine
2026 4966 2153 5036 timore

126 5087 248 5146 meos,
273 5065 513 5155 intelligamus
532 5069 733 5138 universam
749 5067 942 5141 Ecclesiam
958 5075 1071 5141 bonos
1087 5088 1119 5144 ct
1170 5085 1204 5141 et
1218 5073 1295 5140 sine
1310 5071 1438 5140 fiducia
1453 5084 1591 5162 petente
1601 5068 2024 5159 etexpectantcaurilium
2036 5062 2153 5148 aDeo,

126 5169 267 5250 malos,
292 5191 381 5259 quae
405 5162 623 5262 synecdoche
645 5170 770 5241 usitata
797 5186 864 5242 est:
895 5186 936 5243 ut
957 5198 1038 5242 mor
1060 5170 1121 5242 eo·¹
1171 5186 1289 5244 tamen
1304 5172 1386 5242 talis
1398 5172 1514 5242 oultus
1524 5169 1599 5241 Deo
1614 5195 1688 5239 non
1706 5172 1874 5262 placebit,
1900 5169 1991 5239 sicut
2007 5190 2071 5245 nec
2083 5164 2155 5234 Ne-

128 5271 216 5342 dem
244 5271 351 5336 modo
375 5269 570 5364 alloquitur
590 5283 699 5341 totam
715 5269 928 5353 Ecclesiam,
951 5298 1030 5344 cum
1053 5276 1121 5344 ait:
1171 5276 1277 5344 storis
1297 5296 1363 5343 nec
1377 5271 1535 5343 Menelai
1551 5273 1666 5346 cultus
1681 5273 1885 5365 placebant,
1909 5268 2043 5339 etiamsi
2059 5281 2159 5337 erant
2196 5299 2203 5307 ·

134 5363 310 5467 P⁰P¹¹l¹l⁸
326 5390 437 5443 meus·
1174 5377 1242 5447 viri
1256 5389 1473 5472 praestantes
1483 5377 1639 5546 virtutqb
1651 5388 1687 5508 qt
1701 5387 1880 5446 sumtuose
1895 5369 2160 5471 sacrificabant.-
2232 5428 2235 5439 .,
