4538 5754
116 283 214 357 tots

215 449 348 521 Versus
363 447 521 519 decimus
537 459 571 516 et
585 443 794 516 undecimus
810 445 1042 517 concionatur
1055 450 1100 517 de

111 558 230 626 fructu
258 551 439 643 passionis.
499 546 593 636 Quia
617 548 670 615 ira
694 559 754 615 tua
779 547 912 636 placata
939 562 991 619 est
1022 573 1097 619 mea

112 655 333 737 obedientia,
358 649 450 721 hanc
466 664 563 719 tuam
579 647 753 718 iusticiam
767 672 930 717 arcanam
946 664 980 720 et
995 651 1099 738 igno-

113 772 186 829 tam
204 757 339 825 mundo
359 753 575 844 praedicavi,
602 751 639 818 id
655 762 729 833 est,
761 750 960 839 praedicavi
978 748 1098 819 Evan-

113 859 264 947 gelium,
291 870 330 927 ut
351 878 436 923 voce
451 850 638 941 Evangelii
660 850 764 920 multi
787 851 984 940 acciperent
1007 848 1098 921 hauc

114 960 306 1042 iusticiam,
332 958 451 1038 idest,
476 955 659 1022 crederent
681 944 848 1042 se‘recipi
867 966 1009 1043 propter
1031 977 1098 1034 me,

114 1076 150 1132 et
172 1062 243 1130 iam
267 1082 304 1128 se
327 1060 437 1128 iustos
459 1051 688 1144 pronunciari
711 1047 776 1120 hac
799 1053 936 1122 iusticia
957 1078 1020 1144 per
1044 1078 1099 1123 me

114 1162 294 1255 patefacta.
345 1156 397 1227 lta
419 1178 521 1246 saepe
537 1156 622 1224 alias
639 1154 800 1241 adiungit
821 1156 975 1244 passioni
997 1180 1098 1246 prae·

115 1263 326 1333 dicationem
342 1256 547 1346 Evangelii,
574 1268 613 1324 ut
636 1253 729 1325 Psal.
744 1257 823 1327 22:
849 1255 1010 1326 Narrabo
1034 1281 1099 1325 no·

115 1387 197 1432 men
220 1377 321 1431 tuum
346 1360 514 1428 fratribus
544 1357 641 1426 meis.
701 1355 777 1424 Nisi
802 1356 898 1425 euim
923 1362 1101 1427 accederet

116 1463 330 1555 praedicatio
357 1457 563 1547 Evangelii,
606 1471 764 1537 maneret
798 1460 959 1548 ignotum
993 1462 1099 1527 bene·

114 1567 252 1646 licium,
284 1586 348 1631 nec
371 1561 609 1650 applicaretur
632 1553 859 1629 hominibusi
885 1584 1025 1630 necesse
1050 1574 1101 1628 cst

117 1667 226 1756 igitur
241 1687 366 1733 sonare
384 1685 505 1731 vocem
523 1655 706 1749 Evangelii
726 1661 764 1728 iu
783 1658 949 1730 Ecclesia.

214 1782 545 1875 Sequentesversus
560 1791 642 1847 sunt
666 1778 818 1866 precatio
841 1792 875 1847 et
898 1778 1022 1867 petitio
1039 1784 1101 1846 au·

116 1886 215 1968 xilii,
239 1885 342 1975 plena
359 1881 641 1949 tristissimorum
657 1879 863 1950 affectuum:
891 1874 993 1973 Quia
1011 1901 1102 1960 vero,

117 1985 252 2078 inquit,
301 1974 619 2076 apprehenderunt
655 2002 709 2048 me
740 1979 956 2077 iniquitates
989 2003 1099 2049 mene.

117 2086 219 2156 Hanc
243 2099 377 2175 partem
399 2084 528 2154 ,volunt
550 2081 689 2165 recitari
712 2081 749 2149 in
774 2106 921 2173 persona
942 2079 1102 2159 Davidis,

117 2190 178 2259 red
193 2187 344 2256 sciamus
369 2184 475 2253 etiam
491 2178 673 2252 Christum
697 2183 745 2251 sic
764 2185 883 2274 loqui,
908 2183 972 2275 qui
996 2182 1102 2250 sentit

22 2310 26 2317 '
117 2291 156 2357 in
174 2312 210 2356 se
231 2286 399 2356 translata
424 2307 497 2352 esse
522 2297 640 2352 nostra
666 2298 818 2373 peccata.
867 2283 907 2354 ld
935 2298 986 2352 est
1008 2283 1102 2352 enim

117 2390 193 2459 fieri
210 2383 362 2456 hostiam
383 2409 446 2476 pro
468 2396 627 2473 peccato,
654 2385 825 2451 sustinere
850 2384 938 2452 iram
962 2399 996 2454 et
1021 2408 1101 2473 poe·

119 2515 202 2561 narn
225 2513 264 2557 ac
292 2510 391 2555 reum
414 2487 504 2566 dici,
531 2485 632 2575 quasi
655 2484 787 2573 ipsese
810 2485 1022 2574 turpissimis
1038 2510 1105 2552 no-

120 2593 202 2662 stris
224 2587 414 2657 sceleribus
439 2584 631 2674 polluisset.
684 2579 1009 2665 Oineuarrabilem
1034 2581 1102 2654 hu-

119 2692 322 2760 militatem:
358 2683 472 2754 Filius
495 2682 580 2767 Dei,
613 2685 775 2777 quinon
807 2686 890 2756 lecit
913 2688 1105 2776 peccatum,

118 2794 210 2862 iacet
236 2800 431 2881 prostratus
454 2808 572 2856 coram
597 2799 740 2855 aeterno
769 2800 883 2877 patre,
910 2800 944 2856 et
969 2786 1006 2853 in
1032 2807 1105 2854 sese

61 2924 67 2933 ¹
120 2892 256 2964 derivat
271 2890 380 2971 iram,
404 2912 444 2957 ac
461 2888 490 2956 si
507 2887 579 2976 ipse
596 2888 780 2978 polluisset
795 2912 830 2957 se
847 2883 903 2956 his
917 2882 1106 2956 horrendis

120 2992 282 3084 flagitiis,
306 2989 435 3083 quibus
456 3011 521 3056 nos
539 2988 657 3056 miseri
671 2989 798 3079 polluti
815 3009 946 3060 sumus.
983 2985 1106 3078 Agno-

120 3117 256 3166 scamus
283 3086 374 3160 hanc
400 3086 659 3168 humilitatem,
689 3103 729 3159 ut
751 3112 894 3178 agamus
922 3087 1014 3158 Filio
1036 3088 1105 3159 Dei

119 3196 259 3287 gratias,
285 3206 319 3262 et
342 3192 552 3261 beneficium
568 3191 644 3260 eius
659 3191 836 3261 discamus
853 3191 921 3259 fide
937 3190 1105 3281 accipere,

121 3312 155 3368 et
171 3295 261 3388 grati
282 3294 510 3365 celebremus.

257 3530 595 3621 Argumentum
621 3546 673 3594 uo
696 3523 954 3616 dispositio

455 3657 616 3740 Psalmi
647 3656 765 3740 xhl.

104 3866 111 3875 ·
171 3828 315 3895 Beatus
332 3827 395 3916 qui
413 3826 597 3918 intellipii
611 3843 724 3912 super
735 3842 963 3913 pauperem,
988 3827 1029 3892 in
1044 3821 1107 3894 die
1130 3850 1133 3860 ·

173 3928 277 3997 mulo
293 3924 470 3997 liberabit
487 3948 572 3996 eum
588 3926 782 3994 Dominus.

224 4073 458 4144 Dulcissimus
473 4071 636 4143 Psalmus
658 4084 726 4150 est,
753 4092 817 4136 nec
842 4081 978 4139 tantum
1003 4071 1108 4140 adili-

707 270 835 347 rnu.
860 272 978 352 uun
1004 273 1215 351 scuram
1240 224 1582 353 monnica
1659 282 1662 293 ’

1973 280 2129 356 a1084

1149 448 1298 519 ctrinam
1326 448 1386 540 pio
1406 449 1526 518 studio
1550 447 1747 541 amplexos,
1772 463 1807 522 et
1822 450 1948 522 invent
1962 446 2130 525 Ecclesiae

1149 563 1183 621 et
1205 552 1263 640 pia
1277 550 1394 620 studia
1409 573 1537 639 magno
1553 574 1618 620 suo
1629 564 1664 620 et
1678 574 1822 622 suarum
1838 553 2024 623 ditionum
2045 553 2129 643 peri-

1149 651 1239 722 culo.
1292 652 1443 721 Talibus
1457 647 1515 719 bic
1532 650 1692 722 Psalmus
1708 653 1951 724 dulcissimam
1976 655 2130 724 consola·

1148 753 1281 823 tionem
1307 753 1492 842 proponit,
1518 777 1559 821 ac
1582 753 1745 825 adfirmat
1767 752 1883 824 Deum
1908 755 2129 826 defensumn

1149 856 1221 923 csse
1244 849 1309 922 bos
1327 853 1441 944 ipsos,
1474 854 1536 947 qui
1552 854 1692 944 piorum
1712 858 1893 925 aerumnis
1912 856 2130 942 adliciuntur,

1149 968 1183 1025 et
1197 954 1246 1024 eis
1260 978 1364 1042 opem
1381 954 1510 1026 ferunt.

1250 1068 1352 1140 Nihil
1374 1072 1602 1142 obscuritatis
1628 1085 1679 1142 est
1701 1071 1741 1140 in
1756 1067 1825 1141 hoc
1840 1070 2012 1156 Psalmo,
2035 1075 2065 1142 si
2087 1075 2129 1142 vi-

1149 1187 1220 1244 tam
1243 1173 1373 1263 ipsam,
1409 1169 1587 1243 Ecclesiae
1612 1173 1787 1264 pericula,
1812 1168 1930 1242 hostes
1958 1189 1995 1245 et
2021 1169 2131 1263 hospi·

1149 1276 1197 1344 tia
1221 1274 1435 1345 iutueamur.
1495 1273 1652 1343 Maxima
1685 1297 1765 1363 pars
1798 1270 1990 1343 hominum
2019 1289 2129 1343 conte·

1150 1375 1241 1445 muit
1266 1388 1327 1445 aut
1349 1374 1425 1444 odit
1447 1373 1660 1454 Ecclesiam,
1687 1388 1723 1444 et
1744 1375 1943 1444 adsentitur
1965 1375 2130 1469 tyrannis,

1151 1493 1190 1546 ut
1214 1500 1309 1546 nunc
1335 1474 1481 1565 plurimi
1508 1477 1679 1545 adiuvant
1711 1474 1918 1566 pontificum
1944 1474 2130 1546 saevitiam.

1151 1574 1198 1646 Et
1212 1576 1343 1666 singuli
1360 1573 1521 1645 homines
1538 1577 1771 1667 experiuntur
1790 1600 1922 1674 paucos
1938 1600 2017 1647 esse
2037 1575 2132 1644 mise·

1153 1701 1275 1747 rorum
1304 1678 1445 1746 amicos.
1502 1675 1638 1772 Estque
1668 1679 1851 1747 notissima
1875 1690 1910 1748 et
1941 1674 2032 1749 haec
2054 1699 2130 1770 que-

1152 1779 1241 1847 rela:

1256 1899 1364 1963 Donec
1380 1905 1437 1961 eris
1452 1899 1530 1961 felix
1545 1904 1659 1962 multos
1677 1904 1846 1964 numerabis
1863 1904 1990 1980 amium,

1305 2001 1457 2084 Tempore
1474 2004 1625 2063 siluerint
1642 2007 1764 2082 nubile,
1792 2009 1875 2065 solus
1891 2007 1960 2064 eris.

1242 2126 1397 2197 Econtra
1415 2151 1500 2196 vero
1512 2126 1671 2196 Psalmus
1686 2129 1787 2196 docet
1802 2128 2055 2217 opitulandum
2070 2149 2136 2197 csse

1155 2230 1404 2298 innocentibus
1421 2229 1459 2295 in
1475 2228 1682 2301 calamitate.
1734 2226 1782 2298 Et
1797 2228 1975 2319 promittit
1994 2251 2060 2320 pro
2077 2224 2137 2298 boe

1154 2331 1270 2399 olbcio
1286 2329 1451 2420 praemia.
1502 2327 1731 2417 Praeceptum
1747 2343 1872 2398 notum
1887 2344 1957 2400 est:
1985 2328 2070 2400 Non
2084 2352 2137 2398 oc-

1154 2431 1260 2499 cidas.
1311 2428 1358 2500 Et
1371 2428 1606 2502 Proverbzd.
1623 2430 1770 2499 dicitur:
1797 2425 1905 2520 Eripe
1920 2455 1981 2501 eos
1998 2431 2063 2524 qui
2076 2433 2137 2498 do·

1155 2546 1284 2601 cuntur
1301 2534 1344 2599 ad
1363 2547 1529 2613 mortem,
1555 2534 1614 2599 sed
1638 2526 1798 2600 hocloco
1818 2532 2008 2621 promissio
2024 2531 2137 2601 addita

1156 2646 1224 2701 est:
1251 2627 1393 2700 Beatus
1408 2628 1475 2726 pui
1489 2627 1665 2724 inlelligit
1684 2653 1793 2726 super
1816 2654 1967 2726 egenum
1992 2639 2027 2700 cl
2047 2655 2136 2730 puu-

1153 2753 1290 2826 perem,
1325 2733 1361 2799 id
1385 2747 1454 2811 est,
1492 2734 1554 2825 qui
1582 2733 1745 2801 adficitur
1770 2733 1968 2805 calamitate
2000 2733 2135 2824 piorum

1155 2856 1420 2934 oppressorum:
1446 2831 1487 2903 In
1504 2836 1561 2902 die
1581 2833 1669 2903 mala
1686 2834 1850 2904 liberabit
1865 2857 1946 2904 eum
1955 2833 2135 2904 Dominus.

1258 2947 1334 3017 Hac
1355 2949 1589 3038 promissione
1613 2950 1827 3033 confirmati,
1857 2951 1926 3020 lide
1950 2964 2135 3022 statuamus
2162 2956 2165 2961 ’

1158 3051 1292 3141 placere
1309 3046 1384 3118 Deo
1402 3045 1486 3118 haec
1499 3049 1632 3131 officia,
1657 3049 1778 3136 fugere
1799 3052 2004 3123 societatem
2022 3063 2134 3143 tyrsu-

1157 3175 1286 3220 norum
1310 3151 1541 3220 saevientium
1566 3151 1604 3218 in
1618 3146 1812 3219 Ecclesiam
1828 3155 1999 3241 praebere
2023 3147 2135 3241 hospi·

1159 3253 1205 3321 tia
1221 3248 1388 3320 Ecclesiis
1411 3263 1444 3318 et
1467 3253 1534 3340 piis
1557 3250 1702 3334 studiis,
1730 3252 1848 3320 fovere
1868 3253 2037 3339 miseros,
2062 3252 2134 3345 qui·

1158 3354 1224 3422 bus
1239 3352 1382 3446 tyranni
1407 3352 1536 3421 iniusta
1559 3351 1729 3441 supplicia
1746 3353 1938 3423 minantur.
1990 3352 2041 3427 Et
2056 3352 2135 3422 sicut

1159 3455 1244 3522 texit
1270 3453 1366 3522 Dens
1384 3454 1536 3521 Abdiam
1560 3466 1732 3541 tegentem
1755 3450 1966 3542 Prophetas,
2003 3460 2048 3525 de
2070 3478 2133 3546 quo

1159 3555 1257 3644 prius
1279 3555 1493 3636 dictumest,
1521 3555 1566 3623 ita
1585 3566 1674 3640 teget
1691 3554 1883 3645 principes,
1910 3557 2083 3636 civitates,
2107 3568 2135 3625 ct

1158 3656 1314 3743 singulos
1331 3654 1392 3747 qui
1411 3655 1636 3724 benefaciunt
1649 3655 1729 3745 piis.
1781 3653 1833 3725 lta
1849 3658 1967 3749 inquit
1979 3654 2136 3729 Christus

1159 3755 1288 3828 Matth.
1308 3757 1382 3829 10.:
1410 3755 1448 3825 si
1467 3757 1545 3847 quis
1567 3757 1622 3825 vel
1639 3769 1762 3847 potum
1779 3780 1890 3849 aquae
1915 3761 2056 3830 dederit
2075 3757 2137 3826 mi·

1158 3858 1257 3926 nimo
1282 3881 1322 3926 ex
1347 3856 1530 3946 discipulis
1553 3857 1641 3925 meis
1665 3871 1808 3947 propter
1823 3860 2045 3946 doctrinam,
2069 3881 2136 3927 non

1160 3960 1281 4048 perdet
1301 3960 1507 4027 mercedem.
1557 3956 1604 4027 Et
1620 3956 1751 4027 Paulus
1766 3960 1801 4028 2.
1816 3956 1980 4030 Timoth.
2005 3963 2038 4031 1.
2062 3983 2136 4052 pre·

1159 4072 1259 4128 catur
1278 4083 1342 4148 pro
1363 4055 1499 4146 hospite
1515 4054 1835 4155 suoOnesiphoro:
1857 4056 1929 4132 Det
1942 4062 2137 4132 misericor·

123 4191 178 4249 cto
208 4176 294 4270 ipsi,
319 4178 380 4245 sed
405 4176 509 4245 etiam
535 4174 611 4244 eius
640 4171 886 4241 defensoribus
913 4173 1107 4241 conciona—
1128 4220 1134 4291 l
1158 4159 1253 4230 diam
1271 4160 1446 4230 Dominus
1463 4155 1841 4250 Onesiphoridomui,
1868 4163 1951 4254 quia
1968 4185 2073 4254 saepe
2086 4183 2136 4229 me

122 4294 190 4352 tur.
241 4275 295 4348 Ac
319 4278 472 4368 primum
496 4275 658 4346 doctrina
682 4286 716 4343 et
740 4272 926 4363 promissio
943 4275 1106 4359 traditur,
1129 4300 1133 4359 ρ
1158 4263 1340 4332 recreavit.
1391 4258 1439 4331 El
1465 4285 1544 4329 cum
1566 4259 1816 4354 lerosolymam
1845 4262 1978 4336 deleret
2001 4263 2138 4351 Nabog·

121 4380 287 4449 videlicet
297 4375 488 4447 Ecclesiam
505 4398 706 4468 oppressam
719 4376 764 4443 ab
781 4374 899 4463 impiis
915 4375 1103 4445 fovendam
1128 4370 1133 4447 i
1158 4365 1331 4446 d0¹¹0⁸0l2
1355 4362 1574 4452 Ρΐθῐΰὶῑῑῖίϋῐ
1597 4377 1713 4439 lamen
1740 4363 1897 4433 defensio
1919 4366 2013 4454 regis
2036 4364 2137 4434 mini·

124 4497 158 4559 et
187 4482 356 4552 tuendam
380 4503 462 4548 esse,
520 4476 568 4550 Ει
597 4477 852 4568 promittuntur
882 4477 1035 4566 praemia
1062 4478 1105 4546 iis
1157 4478 1229 4534 stro
1246 4466 1305 4555 qui
1322 4465 1525 4533 defenderat
1543 4461 1727 4531 leremiam
1737 4515 1748 4548 ,
1776 4479 1816 4534 ut
1831 4467 2003 4553 scripturn
2019 4480 2072 4538 est
2088 4462 2136 4534 le·

123 4582 186 4676 qui
203 4581 380 4650 Ecclesiae
402 4583 439 4648 in
463 4580 642 4650 aerumnis
667 4576 910 4658 benefaciunt,
943 4592 981 4646 ut
1009 4574 1105 4648 Ego..
1157 4566 1373 4637 remiae36.:
1403 4562 1499 4633 Vade
1516 4580 1550 4637 el
1566 4560 1870 4634 dchhedmelech
1882 4563 2074 4660 Aelhiopi:
2096 4567 2137 4635 ll·

12 4704 16 4714 ·
124 4685 161 4754 di
181 4685 213 4757 1.
239 4681 444 4751 obstetrices
459 4696 580 4750 contra
604 4681 757 4749 edictum
778 4678 868 4766 regis
885 4692 1026 4748 servant
1049 4681 1106 4748 in·
1155 4667 1287 4735 beritho
1302 4680 1335 4735 le
1353 4667 1390 4734 in
1408 4666 1465 4735 die
1482 4666 1560 4751 illo,
1584 4666 1634 4737 oil
1648 4662 1844 4750 Dominus,
1870 4681 1935 4737 etc.

123 4787 236 4854 fantes
259 4781 440 4852 Hebraeos
461 4781 495 4851 8.
518 4780 656 4872 Regum
684 4780 741 4850 18.
801 4777 937 4850 Abdias
968 4781 1106 4850 abdidit
1258 4780 1437 4853 Hactenus
1468 4783 1612 4851 recitavi
1648 4785 1859 4853 sententiam
1896 4785 2141 4874 promissionis

1160 4909 1248 4977 quae
1265 4886 1497 4955 concionatur
1513 4879 1691 4953 Ecclesiae
1707 4885 1954 4954 defensoribus
1972 4886 2011 4955 in
2032 4887 2141 4958 tribus

1159 4986 1282 5078 primis
1300 4988 1470 5057 versibus.
1504 4983 1698 5076 Sequentes
1714 5010 1832 5055 versus
1847 5009 1960 5078 usque
1977 4990 2023 5056 ad
2041 4990 2141 5058 finem

124 4879 320 4976 Prophetas
337 4884 375 4951 in
390 4885 594 4973 speluncas,
621 4905 665 4951 ue
687 4895 896 4971 raperentur
915 4881 960 4948 ad
984 4904 1105 4951 necem

125 4991 170 5059 ab
186 4986 294 5079 impia
314 4999 347 5055 et
363 4987 546 5078 tyrannica
564 4985 695 5073 regina.
746 4980 1002 5054 Constantinus
1023 4984 1107 5053 texit
1128 4914 1132 5067 i

125 5088 319 5161 Ecclesiam
352 5100 474 5157 contra
504 5084 725 5157 Maxentium
758 5097 792 5153 et
812 5083 1004 5157 Licinium.
1060 5082 1133 5177 Et}
1159 5101 1240 5157 sunt
1254 5089 1406 5178 precatio
1424 5103 1456 5155 et
1470 5085 1662 5174 gratiarum
1684 5087 1775 5155 actio
1792 5087 1904 5177 ipsius
1927 5088 2065 5160 adflicti
2085 5112 2141 5182 pe-

127 5214 224 5260 nnnc
242 5189 353 5281 aliqui
371 5189 421 5279 pii
437 5189 615 5281 principes
630 5186 760 5255 nolunt
783 5184 950 5254 adiuvare
970 5183 1108 5256 fu'rores
1131 5190 1134 5274 ff
1160 5189 1265 5261 tentis
1279 5188 1544 5270 liberationem,
1569 5202 1607 5255 ut
1625 5185 1722 5258 Deris
1737 5188 1949 5273 celebretur,
1976 5205 2012 5260 et
2028 5207 2142 5283 postes

128 5291 333 5382 pontificum
352 5303 386 5358 et
401 5312 523 5378 regum
541 5288 776 5357 exercentium
790 5285 972 5355 saevitiam
989 5288 1027 5355 in
1043 5283 1110 5359 ho·
1161 5291 1288 5379 gratias
1310 5289 1443 5378 agentis
1456 5310 1524 5382 pro
1540 5287 1760 5361 liberatione.
1794 5285 1840 5358 Et
1856 5291 2029 5362 inseritur
2045 5290 2145 5383 longa

128 5394 241 5493 mines
257 5393 482 5477 innocentes,
511 5413 626 5459 veram
649 5403 683 5460 et
695 5410 821 5478 puram
835 5383 1022 5480 Evangelii
1044 5390 1111 5459 do·
1134 5422 1136 5429 ·
1162 5391 1314 5486 querela,
1339 5411 1519 5483 exponens
1535 5384 1688 5460 hostium
1704 5389 1785 5459 odia
1804 5406 1837 5461 et
1854 5393 2144 5485 conspirationes.
