4538 5754
6 2418 7 2421 ’
129 2418 270 2487 minum
285 2417 467 2489 conditum
480 2437 564 2484 esse.
612 2411 751 2484 Deinde
771 2435 960 2505 corporum
981 2409 1111 2502 ampli-

48 202 51 208 ’
117 227 193 305 ns
272 261 276 269 -
356 209 673 294 scurram
698 207 817 289 nan
841 207 910 284 an
933 208 1061 287 nur.
1085 207 1231 288 enos.
1256 205 1893 287 arratuoe.·srncram1a.
2058 189 2140 291 ero

120 391 294 489 perficies,
318 384 454 459 habeus
468 387 574 455 linem
589 396 624 455 et
637 381 838 452 terminum.
876 378 975 450 Haec
989 379 1104 471 prima
1156 380 1237 449 dem
1251 379 1513 470 magnitudine,
1538 393 1572 452 et
1587 395 1802 471 emergentes
1826 383 2017 473 paulatim,
2039 398 2083 457 ut
2103 386 2148 454 in

120 494 264 567 exordia
278 487 458 586 physices,
481 487 547 556 etsi
564 484 654 555 levia
672 484 866 573 videntur,
883 497 1003 554 tamen
1020 482 1104 574 quia
1157 475 1324 572 sphaera,
1350 481 1487 567 attolli,
1512 495 1547 552 et
1563 483 1763 553 occidentes
1785 507 1908 555 rursus
1931 487 2148 556 descendere

120 599 191 667 iam
215 591 317 688 qnasi
340 604 456 660 metas
474 590 609 657 mundo
634 584 873 669 constituunt,
905 595 1003 672 grata
1020 595 1105 653 sunt
1156 584 1223 652 sub
1238 593 1390 666 terram,
1416 605 1457 652 ac
1473 606 1597 653 rursus
1617 584 1742 652 iisdem
1759 584 1864 654 lineis
1883 587 1973 655 oriri
1993 601 2029 659 et
2049 589 2149 658 occi-

75 683 82 696 ’
121 695 298 768 studiosae
319 688 451 775 menti,
477 711 567 782 quae
583 711 656 755 non
682 685 759 756 vult
781 685 858 753 sine
880 685 950 754 line
973 684 1105 772 vagari,
1157 682 1251 754 dere.
1300 679 1399 752 Haec
1422 705 1496 751 non
1526 699 1671 775 possunt
1693 685 1787 771 lieri,
1824 685 1895 756 nisi
1922 686 1964 756 in
1994 712 2148 780 corpore

121 799 181 868 sed
197 794 336 889 quaerit
350 791 450 885 quasi
466 788 688 859 domicilium
701 800 857 869 certum,
883 796 918 855 et
941 786 1105 854 conside·
1157 777 1355 873 sphaerico.
1407 781 1556 854 Necesse
1571 798 1622 856 est
1639 785 1748 875 igitur
1764 787 1904 858 coelum
1918 811 1994 861 esse
2015 785 2148 881 sphae-

121 911 179 968 rat
202 895 357 987 partium
383 892 499 983 spacia
525 902 560 960 et
583 887 786 966 intervalla,
812 897 853 957 ut
876 885 964 978 quid
979 885 1018 952 in
1034 908 1105 978 qua
1157 885 1249 953 ricae
1265 884 1409 972 figurae.

123 997 233 1081 coeli,
267 996 307 1064 in
334 1016 405 1086 qua
424 992 537 1077 a'e'ris,
570 990 609 1058 in
634 1011 703 1081 qua
724 1000 839 1057 terrae
861 985 1004 1076 regione
1032 987 1105 1065 fiat,
1260 997 1424 1068 Tertium
1446 1014 1694 1089 argumentum
1718 1016 1771 1073 est
1795 1026 1939 1089 eorum,
1970 1007 2034 1100 qni
2057 1030 2147 1100 pro-

123 1093 361 1168 animadverti
383 1092 504 1186 possit.
555 1088 684 1191 Neque
701 1087 796 1158 enim
823 1101 916 1157 tetta
930 1085 1025 1157 Soli·
1048 1085 1106 1156 1ἱὸ
1158 1099 1236 1191 prie
1252 1094 1391 1193 physici
1411 1100 1599 1186 dicuntur,
1624 1097 1692 1172 hoc
1716 1118 1787 1190 est,
1818 1107 2003 1176 materiam
2025 1110 2147 1178 consi-

124 1209 207 1268 nota
224 1210 258 1267 et
273 1187 524 1284 comprehensa
549 1202 656 1275 esset,
680 1188 711 1259 si
733 1186 797 1260 Sol
820 1200 1005 1279 vagaretur
1028 1186 1105 1284 sine
1159 1203 1335 1271 demum,
1386 1199 1468 1272 Non
1483 1204 1744 1274 admittendum
1763 1218 1815 1276 ρει
1831 1230 1999 1289 vacuum,
2025 1222 2146 1301 nepo.

123 1298 208 1368 tllllss
231 1296 351 1380 1111ῑῖ1,
375 1306 416 1363 111
440 1294 478 1361 111
501 1293 596 1364 mole
620 1290 779 1369 1111111111»
810 1312 877 1359 1111
901 1301 1106 1359 1111111111·
1158 1315 1231 1373 stea
1245 1302 1461 1376 ostendetur.
1487 1301 1585 1373 Miro
1601 1306 1696 1375 enim
1712 1307 1840 1376 ordine
1855 1328 2003 1400 corpora
2019 1311 2146 1380 mundi

124 1397 294 1488 gnitudo,
321 1395 475 1487 positus,
502 1407 537 1464 et
558 1391 743 1480 regionum
767 1390 952 1461 intervalla
979 1388 1108 1458 11111111-
1159 1402 1206 1472 ita
1221 1426 1378 1472 connexa
1394 1417 1429 1474 et
1444 1403 1606 1495 copulata
1623 1419 1726 1489 sunt,
1751 1430 1797 1476 ne
1818 1409 1958 1479 divulsa
1979 1411 2147 1482 dilaban-

124 1499 184 1588 gul
208 1509 369 1590 postem,
409 1494 483 1567 niti
502 1493 596 1564 Solis
624 1491 842 1563 curriculum
865 1505 901 1563 el
923 1489 1106 1560 stellarum
1159 1516 1230 1577 tur,
1280 1503 1321 1574 Si
1343 1516 1460 1574 autem
1484 1505 1620 1575 coelum
1651 1502 1799 1578 haberet
1823 1510 2045 1599 superficiem
2066 1512 2146 1604 pla.

123 1600 202 1670 loca
217 1611 311 1670 certa
328 1609 363 1667 et
378 1588 768 1687 comprehensaessenl·
1160 1627 1263 1685 nam,
1287 1603 1522 1695 triangulam,
1553 1619 1617 1676 aut
1638 1610 1866 1700 quadratam,
1900 1612 2143 1706 autaliquem

230 1712 336 1784 Nunc
365 1735 449 1783 vero
480 1733 585 1805 quam
610 1721 748 1801 gratum
769 1720 838 1794 est,
874 1729 979 1778 nosse
1000 1700 1107 1777 huius
1160 1704 1237 1773 eius
1257 1705 1411 1793 generis,
1448 1729 1588 1777 necesse
1615 1721 1704 1777 esset
1725 1709 1764 1777 in
1785 1723 1887 1780 motu
1909 1733 1971 1782 seu
1990 1734 2146 1782 conver-

125 1828 266 1886 nostras
289 1813 401 1899 sedis,
441 1812 622 1894 videlicet,
654 1824 768 1906 terrae
788 1809 904 1879 lorum
932 1818 966 1879 et
994 1829 1109 1897 angu-
1158 1805 1259 1875 sione
1274 1804 1365 1875 coeli
1386 1829 1537 1879 vacuum
1557 1809 1726 1884 accidere.
1783 1808 1851 1883 Est
1880 1812 1989 1902 igitur
2011 1813 2146 1905 figurae

126 1917 222 1990 stias.
271 1915 388 1986 Totus
411 1913 505 1983 enim
530 1911 685 1984 ambitus
707 1921 840 1989 terrae,
877 1923 916 1981 ut
939 1932 1003 1979 sno
1029 1909 1106 1977 loco
1160 1900 1375 1997 sphaericae.

126 2018 368 2100 ostendemus,
407 2027 546 2087 tantum
576 2025 629 2081 est
652 2009 949 2081 Germanicorum
977 2009 1108 2078 millia·

126 2118 239 2202 rium,
264 2115 452 2208 quinquies
466 2114 566 2183 mille
579 2125 613 2183 et
630 2111 982 2206 quadringentorum.
1011 2107 1109 2178 Haec
1402 2113 1493 2195 Quis
1518 2118 1576 2182 eet
1601 2119 1726 2183 motu,
1750 2110 1910 2188 munds?

127 2220 201 2308 ipsa
224 2216 379 2307 parvitas
401 2215 534 2285 indicat
558 2209 649 2282 hanc
668 2225 847 2329 aeternam
862 2213 999 2295 sedem,
1021 2232 1109 2279 con·
1263 2238 1317 2311 D,
1337 2245 1499 2335 paphu,
1520 2246 1650 2314 ordpne
1667 2245 1814 2320 dicam·
1851 2250 1854 2255 ·
1865 2233 1970 2317 Nube
1986 2249 2031 2318 de
2046 2250 2145 2320 coelo

126 2319 207 2388 silio
223 2312 423 2401 architecti,
449 2318 491 2387 ad
509 2314 649 2386 linitum
666 2313 819 2405 aliquem
838 2334 1025 2382 numerum
1041 2304 1110 2378 ho-
1161 2343 1352 2412 dpoeudum
1381 2357 1451 2415 m:
1491 2341 1641 2415 coelum
1664 2348 1803 2417 moveri
1832 2361 1934 2419 mom
1966 2349 2146 2440 circulari,

128 2520 216 2589 tudo
234 2530 270 2587 et
289 2521 398 2600 ordo,
423 2539 513 2610 qnae
535 2500 783 2584 huic‘mediae
806 2515 884 2583 sedi
906 2514 1110 2584 circundata
1162 2446 1408 2615 ἓξὲῗὸἓᾞ
1430 2460 1649 2636 mixtam
1672 2447 1926 2640 ffifflssffi'i
1944 2472 2147 2641 ‘32:232

128 2629 232 2702 111111»
253 2617 414 2686 indicam
427 2616 633 2687 mmmm
648 2615 822 2686 mundum
846 2639 920 2683 ¹¹⁰⁰
942 2636 1025 2682 ‘³⁸¹¹
1045 2635 1111 2681 ¹¹³·
1164 2645 1296 2733 figurae
1319 2647 1488 2717 convenit
1509 2662 1628 2718 motus
1642 2647 1835 2723 circularis.
1886 2645 2044 2722 Etoculi
2061 2665 2146 2723 scrut

129 2731 206 2789 111111
230 2739 322 2798 1111»
346 2719 409 2787 1111
429 2739 557 2808 11118111
578 2729 654 2789 ”le
678 2729 713 2787 11
735 2715 885 2785 101111Ῑῖ0
900 2712 1036 2806 ⁰Pffi⁰l⁸
1052 2736 1112 2784 θ’·
1164 2759 1286 2826 testes,
1311 2746 1448 2816 coelum
1463 2749 1653 2838 circumagi
1667 2749 1795 2838 viginti
1810 2762 1964 2844 quatuor
1979 2746 2089 2822 horis.

131 2831 286 2892 11111111ῐῦ
305 2839 392 2894 1111·
1267 2863 1337 2934 Sed
1362 2858 1421 2931 hic
1441 2865 1555 2957 aliqui
1577 2864 1633 2933 vel
1654 2887 1776 2935 amore
1802 2864 1989 2951 novitatis,
2027 2868 2082 2939 vel
2106 2881 2148 2939 ut

1166 2977 1383 3034 ostentarent
1410 2965 1572 3053 ingenia,
1596 2965 1823 3055 disputarunt
1843 2967 1980 3036 moveri
2003 2980 2147 3050 terram,

1166 3079 1200 3134 et
1213 3066 1434 3141 contendunt
1453 3089 1519 3135 nec
1540 3080 1697 3136 octavam
1715 3061 1920 3157 sphaeram,
1944 3090 2009 3137 nec
2023 3067 2147 3139 Solem

235 3148 427 3245 sphaerica
451 3176 513 3224 ⁸011
533 3152 708 3234 1011111111,
733 3150 830 3241 (111οἆ
854 3144 1115 3240 1111118011111·
1165 3166 1320 3250 moveri,
1346 3189 1427 3235 cnm
1439 3167 1582 3260 quidem
1599 3168 1742 3236 caeteris
1763 3169 1974 3239 coelestibus
1997 3168 2148 3239 orbibus

131 3256 179 3327 tis
193 3254 405 3325 ostenditur·
1166 3280 1302 3338 motum
1317 3267 1497 3351 tribuant,
1523 3267 1671 3337 Terram
1687 3267 1792 3338 etiam
1815 3269 1911 3341 inter
1932 3268 2047 3339 sidera
2071 3272 2148 3339 col-

115 3352 119 3369 '
234 3368 393 3438 Primum
407 3368 454 3437 ab
465 3364 651 3435 oculorum
666 3362 868 3433 testimonio
885 3363 1039 3450 ducitur,
1052 3365 1115 3460 qui
1166 3367 1295 3437 locant.
1345 3365 1418 3437 Nee
1437 3390 1557 3437 recens
1578 3362 1616 3435 hi
1640 3367 1717 3438 ludi
1740 3369 1879 3439 conficti
1894 3380 1988 3442 sunt.
2039 3365 2149 3441 Extat

134 3484 226 3542 certe
241 3470 348 3538 duces
362 3469 408 3537 ad
420 3465 618 3536 doctrinam
634 3463 679 3532 de
692 3465 799 3533 rebus
813 3464 1022 3535 coelestibus
1037 3468 1115 3536 sue·
1167 3463 1283 3537 adhuc
1307 3468 1400 3537 liber
1424 3462 1649 3538 Archimedis
1671 3470 1716 3539 de
1735 3470 1984 3540 numeratione
2008 3491 2148 3555 arenae,

136 3584 231 3642 runt.
274 3567 444 3638 Videmus
460 3565 628 3658 quasdam
653 3563 772 3634 stellas
787 3588 925 3657 semper
941 3568 1115 3658 adparen·
1168 3569 1205 3637 in
1222 3593 1292 3661 quo
1309 3583 1440 3652 narrat,
1462 3564 1710 3640 Aristarchum
1725 3568 1887 3640 Samium
1910 3566 1978 3641 hoc
1992 3574 2147 3662 parado-

136 3685 189 3742 tes
204 3681 352 3758 angusto
375 3668 531 3751 ambitu,
558 3688 697 3754 semper
719 3666 914 3758 aequaliter
935 3666 1117 3752 distantes,
1166 3695 1249 3738 xum
1266 3669 1470 3753 tradidisse,
1494 3668 1614 3741 Solem
1631 3683 1723 3740 stare
1737 3671 1942 3757 immotum,
1964 3684 2000 3742 et
2014 3684 2148 3742 terram

136 3785 171 3843 et
183 3772 283 3842 tarde
297 3769 432 3839 moveri
450 3768 489 3836 in
504 3764 645 3855 fastigio
660 3765 749 3836 coeli
767 3766 807 3835 in
821 3769 957 3842 orbem.
1167 3770 1388 3839 circumferri
1404 3770 1496 3840 circa
1510 3769 1645 3843 Solem.

237 3885 376 3957 Deinde
398 3887 563 3956 videmus
585 3884 672 3954 alias
697 3885 814 3955 stellas
838 3886 930 3955 iufra
955 3887 1116 3978 superio·
1268 3884 1346 3957 Etsi
1368 3902 1486 3957 atatem
1511 3887 1661 3971 artifices
1685 3887 1911 3974 acutiumulta
1934 3890 2150 3961 exercendo·

135 4011 192 4061 res
207 3989 312 4060 etiam
330 3989 369 4057 in
386 3990 510 4058 orbem
527 3985 736 4075 circumagi,
761 3988 821 4055 sed
844 3986 1017 4075 ampliore
1040 4010 1116 4056 am·
1169 4010 1249 4056 rum
1273 3987 1496 4075 ingeniorum
1520 4008 1623 4058 causa
1646 4001 1842 4080 quaerunt,
1866 4001 1985 4059 tamen
1999 3991 2149 4062 adseve-

135 4092 237 4175 bitu,
266 4113 372 4182 quam
396 4086 614 4177 superiores,
640 4100 674 4155 et
696 4086 795 4177 quasi
812 4087 987 4186 relociore
1005 4100 1118 4162 motu.
1169 4112 1246 4158 rare
1261 4089 1376 4178 palam
1391 4089 1561 4161 absurdas
1574 4089 1776 4174 sententias,
1793 4101 1933 4159 nonest
1948 4084 2149 4178 honestum,

136 4191 285 4264 Necesse
305 4203 358 4259 est
379 4189 489 4279 igitur
511 4198 670 4256 centrum
694 4186 793 4257 illius
812 4187 943 4256 summi
963 4189 1119 4258 ambitus
1169 4204 1205 4260 et
1219 4202 1323 4259 nocet
1334 4190 1505 4281 exemplo.
1556 4186 1679 4260 Bonae
1691 4190 1821 4260 mentis
1842 4204 1896 4260 est
1918 4189 2103 4261 veritatem
2127 4216 2149 4262 a

359 3023 466 3107 Quae
491 3027 550 3092 est
573 3013 699 3116 figura
725 3011 886 3088 mundi?

9 4331 11 4335 v
138 4293 338 4384 stellarum,
362 4290 484 4382 polum
501 4309 593 4366 esse,
620 4299 653 4355 et
678 4287 864 4356 cumcirca
882 4283 1118 4381 huncpolum
1168 4287 1246 4360 Deo
1262 4304 1491 4362 monstratam
1507 4303 1709 4362 reverenter
1721 4290 1905 4381 amplecti,
1928 4290 2016 4361 etin
2031 4314 2073 4361 ea
2088 4315 2148 4364 ac-

139 4393 236 4460 volvi
262 4404 296 4460 et
319 4389 454 4460 revolvi
478 4388 616 4458 coelum
637 4387 839 4472 videamus,
862 4402 1044 4483 utrunque
1058 4413 1118 4460 se-
1169 4391 1367 4484 quiescere,
1395 4406 1429 4463 et
1447 4389 1524 4463 Deo
1545 4391 1675 4480 gratias
1693 4413 1812 4481 agere,
1840 4391 1997 4485 aliquam
2020 4415 2149 4463 accen-

140 4494 282 4584 quitur,
308 4494 445 4582 coelum
462 4502 496 4559 et
511 4487 647 4561 moveri
664 4487 829 4558 circulari
850 4506 969 4572 motu,
995 4507 1028 4563 et
1045 4515 1119 4560 esse
1170 4492 1270 4562 denti
1291 4491 1424 4576 lucem,
1450 4504 1485 4562 et
1509 4493 1664 4562 servanti
1685 4492 1725 4561 in
1745 4487 1932 4562 huminum
1953 4494 2150 4579 mentibus,

140 4593 272 4681 figurae
288 4586 513 4681 sphaericae·
547 4589 762 4663 Hunccoeli
786 4591 986 4662 contuitum
1007 4592 1119 4663 citant
1170 4616 1211 4663 ae
1231 4593 1361 4663 deinde
1385 4595 1627 4679 considerare,
1658 4593 1738 4686 quis
1760 4596 1806 4665 ad
1827 4590 1947 4665 Deum
1971 4594 2087 4666 aditus
2101 4596 2150 4666 sit

141 4691 344 4762 Ptolemeus
366 4705 401 4762 et
415 4680 630 4781 Allraganus
650 4712 731 4762 snm
752 4692 799 4761 de
812 4691 924 4781 figura
939 4692 1028 4762 coeli
1043 4695 1118 4763 dis·
1171 4717 1234 4783 per
1248 4716 1326 4761 earn
1342 4692 1476 4779 lucem,
1504 4708 1540 4768 et
1562 4696 1742 4787 quomodo
1766 4694 1838 4765 vita
1860 4695 2013 4786 regenda
2034 4708 2069 4766 et
2091 4696 2149 4767 iu·

140 4804 278 4865 serunt.
1171 4795 1286 4864 sanda
1303 4794 1348 4865 sit
1361 4797 1541 4887 agnitione
1556 4795 1726 4866 veritatis.

241 4907 444 4982 Secundum
460 4923 707 4998 argumentum
719 4909 838 4980 adfine
857 4922 910 4980 est
930 4909 1116 5000 superiori.
1272 4909 1486 5006 Quanquam
1501 4924 1619 4982 autem
1634 4910 1754 4982 rident
1767 4911 1878 5006 aliqui
1893 4909 2078 5008 physicum
2097 4927 2152 4985 te·

142 5005 232 5098 Cum
249 5011 431 5082 stellarum
451 5031 591 5102 semper
608 5012 856 5105 adparentium
880 5011 1120 5082 circumvolu-
1169 5011 1336 5084 stimonia
1361 5015 1484 5084 divina
1510 5014 1698 5091 citantem,
1733 5026 1849 5088 tamen
1872 5036 1940 5084 nos
1960 5009 2151 5086 honestum

142 5109 193 5182 tio
211 5112 352 5200 polum,
376 5135 439 5183 seu
454 5135 553 5181 axem
568 5113 657 5184 coeli
678 5115 860 5197 ostendat,
884 5113 1012 5182 deinde
1032 5137 1118 5182 con·
1170 5136 1243 5182 esse
1258 5137 1438 5186 censemus
1455 5109 1715 5205 philosophiam
1734 5116 1896 5185 conterre
1917 5115 1964 5183 sd
1984 5116 2149 5187 coelestia

141 5211 238 5299 gruit
255 5226 371 5284 motus
384 5214 584 5294 stellarum,
606 5236 698 5306 quae
710 5215 876 5285 oriuntur
890 5228 923 5284 et
939 5215 1119 5285 occidunt.
1169 5215 1283 5300 dicta,
1301 5216 1388 5286 etin
1408 5229 1505 5288 tants
1526 5215 1678 5305 ealigine
1703 5211 1877 5286 hnmanae
1896 5217 2028 5286 mentis
2043 5230 2148 5289 autu-

140 5309 216 5384 llas
229 5314 326 5386 enim
340 5313 388 5386 ab
403 5330 486 5393 ortu
499 5317 724 5385 adscensum
744 5316 830 5386 ferri
855 5317 1034 5386 cernimus
1057 5339 1117 5386 ea·
1168 5317 1309 5390 ritatem
1325 5315 1486 5419 divinam
1500 5319 1697 5403 consulere,
1717 5315 1934 5409 ubicumque
1946 5340 2148 5409 portuum.
