4538 5754
366 219 577 298 SCRIPTA
602 222 678 295 PH.
705 219 822 296 MEL.
847 220 915 296 AD
943 222 1070 302 HlST.
1097 220 1240 302 PROF.
1267 221 1333 300 ΕΤ
1360 226 1552 330 Paltos.
1579 233 1899 317 SPECTANTIA.

303 439 312 448 ·
418 396 518 511 Quid
541 406 599 468 est
625 338 821 492 Affectus?

232 547 389 616 Affectus
405 548 475 616 duo
508 560 637 617 tactum
668 546 883 616 comitantes
908 558 992 615 sunt
1016 544 1113 614 dele-

131 648 238 720 ctatio
253 662 286 718 et
303 649 423 728 dolor,
450 649 511 740 qui
531 661 612 718 sunt
630 649 748 716 nervis
763 671 968 716 communes
985 648 1023 714 in
1037 658 1112 716 toto
1165 635 1376 726 qualitatum
1393 637 1487 709 inter
1502 665 1538 710 se
1558 650 1816 741 pugnantium,
1840 668 1880 723 ut
1903 656 2092 725 caliditatis
2118 672 2151 728 et

131 773 290 842 corpore.
344 748 414 819 Sed
432 749 576 820 affectus
591 751 708 817 cordis
725 763 808 818 sunt
822 764 939 817 motus
961 770 1113 838 sequen·
1164 736 1385 831 Ῑζῖείἃῐῑὸῑίῦ,
1413 760 1609 832 quaesunt
1633 749 1700 817 sub
1724 754 1846 820 endem
1870 778 2007 843 genere,
2059 756 2150 827 Nam

130 866 182 922 tes
204 851 464 938 cognitionem,
498 864 532 920 et
560 850 698 918 excitati
727 850 947 938 cognitione,
981 848 1112 938 quibus
1166 831 1389 907 haetantnm
1412 840 1563 913 interae
1590 865 1768 936 pugnant,
1803 868 1856 924 ut:
1890 859 2052 927 caliditas
2075 883 2149 929 non

129 977 190 1021 cur
203 954 501 1044 autprosequitur
518 965 577 1021 aut
591 953 686 1038 fugit
699 953 845 1033 obiecta,
872 964 904 1020 et
920 971 1007 1041 quos
1021 969 1112 1014 sem·
1166 949 1299 1026 pugnat
1323 960 1402 1005 cum
1426 945 1544 1012 colore
1568 963 1630 1017 ant
1651 950 1745 1033 luce,
1771 956 1831 1021 sed
1849 980 1928 1024 cum
1945 959 2150 1048 frigiditate.

125 223 201 299 648

2076 251 2151 324 ott

1307 404 1401 487 Quot
1416 413 1506 477 suat
1515 415 1766 502 proprietates
1780 418 2008 509 qualitatis?

1268 532 1368 609 Tres.
1420 534 1540 609 Prima
1566 557 1632 613 cst:
1659 543 1900 622 Contrarietas
1921 554 2066 644 propria
2099 572 2151 628 est

26 1133 28 1138 ,
119 1077 193 1144 «ρετ
215 1055 431 1121 comitantur
453 1054 571 1122 ultimi
599 1052 761 1135 affectus,
794 1051 999 1130 delectatio,
1031 1070 1112 1116 cum

130 1179 192 1223 cor
206 1155 338 1222 fruitur
353 1155 511 1239 obiecto,
536 1168 570 1224 et
593 1155 748 1223 suaviter
770 1153 938 1233 afficitur,
965 1164 1026 1236 aut
1047 1150 1112 1216 do-

6 1300 9 1309 ι
129 1257 205 1335 lor,
232 1279 312 1325 cum
330 1257 547 1325 contrarium
566 1255 704 1328 accidit.
747 1253 841 1326 Sunt
856 1267 972 1323 autem
989 1249 1111 1340 dupli-

130 1380 186 1425 ces
216 1357 371 1427 affectus.
431 1358 506 1426 Alii
530 1355 727 1438 durabiles,
759 1369 944 1437 utamur,
976 1351 1111 1429 odium,

130 1458 391 1541 misericordia,
419 1459 625 1526 invidentia.
679 1455 729 1525 lli
749 1469 832 1526 sunt
853 1456 986 1524 similes
1009 1447 1112 1520 habi·

118 1560 235 1633 tibus.
286 1559 361 1628 Alii
387 1574 468 1629 sunt
492 1559 601 1628 subiti
626 1572 763 1637 motus,
795 1559 856 1649 qui
884 1579 1003 1625 revera
1026 1577 1111 1620 con-

128 1674 261 1749 gruunt
276 1663 322 1728 ad
338 1662 610 1750 descriptionem
631 1658 905 1748 praedicamenti
926 1654 1110 1753 passionis.

129 1756 178 1831 Ut
198 1761 292 1828 enim
309 1762 509 1831 verberatio
525 1763 564 1827 in
580 1773 676 1849 tergo
693 1761 760 1829 ciet
782 1761 961 1840 dolorem,
988 1758 1035 1824 ita
1059 1756 1111 1822 ira

1 1920 2 1923 η
127 1863 244 1933 subita
260 1863 298 1929 in
315 1863 442 1947 Aiace,
464 1863 631 1931 audiente
644 1861 712 1929 sibi
728 1862 816 1953 eripi
832 1886 928 1930 arma
946 1852 1111 1938 Achillis,

129 1977 181 2033 est
194 1978 364 2056 tanquam
381 1963 593 2046 verberatiu,
617 1987 685 2054 qua
700 1987 762 2031 cor
775 1964 913 2052 fugiens
929 1961 1018 2029 illud
1035 1982 1110 2026 ma·

126 2067 223 2141 lum,
251 2078 284 2134 et
301 2065 478 2153 depellere
496 2066 660 2148 studens,
687 2066 917 2137 excruciatur.
970 2057 1024 2135 Ex
1047 2055 1111 2127 hac

127 2167 358 2237 distinctione
399 2180 524 2236 natura
554 2165 744 2235 affectuum
778 2166 899 2258 aliquo
922 2167 1028 2234 modo
1050 2186 1110 2230 co-

19 2295 23 2298 ·
125 2268 245 2357 gnosci
264 2279 388 2357 potest.

302 2496 408 2577 Quae
429 2499 519 2562 suat
536 2481 937 2584 speciesaffeatuuml
1001 2536 1005 2547 -

226 2644 398 2729 Laetitia,
433 2643 549 2735 Spes,
576 2640 758 2726 Tristitia,
790 2639 922 2712 Metus.
974 2636 1030 2706 Ex
1052 2633 1108 2706 bis

125 2746 307 2837 permixtis
324 2746 385 2814 alii
401 2746 586 2830 oriuntur,
613 2757 652 2814 ut
667 2767 788 2823 aanor,
817 2742 956 2825 odium,
983 2740 1046 2811 ira.

225 2878 377 2948 Laetitia
399 2891 451 2948 est
465 2878 583 2948 suavis
599 2890 714 2946 motus
729 2873 865 2959 cordis,
891 2875 954 2967 qui
978 2872 1107 2943 excita·

124 2996 201 3059 tur,
228 3004 307 3049 cum
326 3004 387 3049 cor
402 2981 540 3049 obiecto
558 2978 710 3071 expetito
727 2976 871 3051 fruitur.

226 3112 314 3205 Spes
333 3129 382 3183 est
400 3114 517 3183 suavis
538 3126 655 3182 motus
678 3112 812 3196 cordis,
838 3110 901 3203 qui
924 3110 1106 3193 excitatur,

27 3214 33 3225 ’
123 3241 202 3286 cum
219 3217 430 3285 carbonum
446 3215 606 3293 futurum
625 3213 860 3304 prosequitur,
885 3213 1108 3300 praelucente

124 3314 190 3385 hac
205 3316 433 3404 cogitatione,
458 3317 553 3404 qnod
573 3314 721 3403 potituri
740 3336 862 3380 snmus
879 3337 920 3380 eo
938 3313 1088 3383 obiecto.

229 3448 391 3519 Tristitia
410 3461 460 3517 est
477 3447 651 3517 cruciatus
667 3447 783 3516 cordis
801 3447 1004 3535 compressi,
1027 3462 1109 3516 tan-

123 3574 230 3645 quam
246 3549 430 3638 fugitantis
445 3550 606 3618 futurum
622 3549 766 3619 malum.
811 3545 859 3618 Et
877 3543 933 3616 his
951 3549 1108 3619 motibus

124 3651 242 3722 cordis
258 3651 419 3722 serviunt
442 3646 635 3720 humorum
661 3664 779 3721 motus
803 3649 842 3716 in
865 3651 1004 3742 reliquo
1027 3675 1107 3720 cor-

123 3778 229 3845 pore,
261 3767 300 3822 ut
325 3753 363 3819 in
384 3749 544 3846 Physicis
566 3753 755 3821 dicendum
782 3764 844 3824 est.
895 3749 1002 3822 Nunc
1025 3754 1108 3823 satia

122 3856 188 3939 sit,
214 3854 434 3924 domicilium
455 3854 645 3925 affectuum
662 3866 885 3923 monstrasse.

340 4101 443 4182 Quae
469 4104 528 4166 ast
555 4102 692 4188 quarta
716 4089 886 4186 species?

222 4242 373 4336 Figura,
397 4272 487 4340 quae
503 4249 646 4339 proprie
662 4249 790 4317 modus
812 4260 873 4315 aut
894 4246 1030 4336 positus
1056 4261 1107 4316 est

123 4351 379 4444 quantitatum,
413 4363 452 4419 ut
481 4350 667 4432 Circulus,
704 4348 961 4437 Triangulum,
1005 4345 1104 4435 Qua·

122 4453 349 4540 drangulum.
399 4445 479 4522 Etsi
491 4465 609 4522 autem
627 4448 684 4521 bic
707 4451 843 4539 positus
869 4473 906 4518 re
932 4450 1007 4540 ipsa
1030 4474 1104 4519 nou

121 4553 218 4620 aliud
237 4565 303 4635 est,
331 4551 401 4618 nisi
419 4554 499 4621 talis
515 4555 603 4622 ordo
621 4552 773 4642 partium
792 4550 1019 4644 quantitatis,
1042 4575 1104 4621 seu

122 4653 256 4740 positus
274 4653 450 4742 partium,
476 4669 595 4724 tamen
617 4653 700 4747 quia
714 4647 959 4722 Mathematici
979 4650 1028 4720 sie
1049 4653 1103 4721 lo-

121 4766 299 4845 quuntur,
325 4753 388 4845 qui
403 4750 469 4821 hos
485 4758 610 4826 modos
625 4767 753 4824 vocant
777 4752 935 4843 corporis
956 4749 1103 4846 ποιότη-

1261 1047 1425 1163 Secunda
1448 1055 1661 1143 proprietas:
1702 1063 1864 1148 Qualitas
1890 1073 2016 1162 recipit
2040 1078 2151 1164 magis

1165 1158 1198 1213 et
1221 1171 1361 1233 minus,
1387 1164 1428 1221 ut
1450 1155 1635 1226 manifeste
1650 1181 1773 1230 sensus
1793 1165 1937 1238 iudicat.
1989 1173 2098 1243 Calor
2114 1179 2149 1244 in

1164 1249 1288 1316 eodem
1305 1275 1453 1340 corpore
1467 1254 1555 1324 alias
1573 1259 1704 1345 maior,
1730 1265 1816 1333 alias
1838 1270 1958 1339 minor
1981 1289 2043 1346 est.
2096 1279 2148 1346 lta

1164 1362 1245 1416 sunt
1262 1351 1362 1435 lucis,
1381 1354 1556 1440 colorum,
1582 1373 1616 1427 et
1631 1386 1741 1450 paene
1756 1370 1917 1438 omnium
1936 1376 2148 1464 qualitatum

1164 1452 1311 1537 gradus,
1339 1453 1444 1522 etiarn
1466 1456 1700 1552 noticiarum,
1727 1467 1921 1550 virtutum,
1946 1465 2148 1547 affectuum.

1165 1549 1206 1619 ln
1230 1555 1353 1620 eodem
1377 1549 1523 1624 bomine
1544 1583 1646 1630 amor
1664 1565 1821 1636 eiusdem
1844 1573 1896 1638 rei
1911 1574 1999 1642 alias
2018 1581 2147 1646 arden-

1164 1653 1253 1731 tior,
1279 1653 1367 1722 alias
1391 1656 1555 1744 frigidior
1577 1677 1648 1742 est,
1674 1681 1714 1735 ut
1739 1670 1886 1739 dicitur:
1914 1671 2027 1744 latrat
2049 1705 2147 1748 amor

1163 1767 1296 1824 mentes
1313 1779 1399 1841 usu,
1419 1759 1614 1831 dediscitur
1630 1789 1707 1838 usu.
1749 1768 1917 1841 Eiusdem
1928 1782 2145 1868 propositio-

1162 1855 1220 1922 nis
1246 1856 1376 1924 noticia
1404 1857 1578 1931 illustrior
1602 1881 1652 1935 est
1681 1871 1757 1936 s'eni
1786 1871 2006 1962 Ptolemaeo,
2039 1905 2145 1973 quam

1162 1956 1294 2028 iuveni.
1353 1955 1424 2028 Sed
1459 1955 1545 2030 haec
1575 1971 1772 2057 proprietas
1801 1970 1893 2042 nihil
1927 1980 2081 2068 pertinet
2103 1987 2146 2052 ad

1163 2048 1310 2146 figuras,
1344 2060 1426 2150 quia
1447 2065 1661 2153 quantitates
1685 2087 1787 2157 snut,
1815 2088 1855 2144 ut
1880 2101 1986 2166 supra
2010 2084 2145 2155 dictum

1162 2174 1233 2239 est,
1260 2174 1316 2230 ut:
1337 2158 1502 2231 Circulus
1517 2189 1590 2235 non
1606 2170 1733 2260 recipit
1749 2176 1859 2264 magis
1880 2194 1940 2248 aut
1958 2182 2089 2257 minus.

1266 2276 1388 2347 'l'ertia
1409 2282 1620 2371 proprietas:
1648 2286 1786 2359 Multae
1809 2294 1999 2366 relationes
2020 2303 2146 2371 oriun-

1162 2395 1220 2449 tur
1236 2405 1277 2447 ex
1294 2381 1545 2473 qualitatibus,
1566 2384 1709 2469 Simile,
1735 2393 1929 2481 dissimile,
1952 2400 2043 2489 Lex,
2066 2428 2146 2494 pec·

1161 2495 1296 2565 catum,
1319 2482 1452 2570 gloria,
1480 2487 1524 2552 de
1540 2488 1669 2579 quibus
1685 2516 1766 2560 mox
1784 2496 1952 2567 dicemus.

1448 2725 1523 2808 De
1568 2728 1853 2823 Relativis

1254 2892 1358 2980 Quae
1391 2901 1450 2964 cst
1478 2898 1605 2985 prima
1634 2901 1768 2994 regula
1803 2907 1845 2974 iu
1876 2902 2051 2980 doctriua

1520 2999 1788 3075 ueteranorum.

1261 3123 1415 3195 Nomina
1431 3129 1501 3199 alia
1515 3131 1684 3203 dicuntur
1699 3138 1874 3224 absoluta,
1901 3142 1967 3211 alia
1986 3145 2143 3217 relativa.

1159 3225 1333 3295 Absoluta
1363 3243 1446 3298 sunt
1478 3233 1624 3303 nomina
1654 3238 1887 3325 significantia
1918 3247 2143 3334 substantias,

1159 3342 1220 3398 aut
1235 3328 1468 3420 quantitates,
1493 3348 1554 3404 aut
1569 3338 1764 3428 qualitates.
1816 3341 2027 3432 Significant
2048 3352 2141 3418 enim

1160 3453 1214 3499 res
1237 3443 1366 3513 certas,
1395 3456 1485 3523 quae
1507 3436 1583 3504 sine
1607 3439 1797 3511 collatione
1819 3447 1964 3533 cogitari
1984 3468 2143 3538 possunt,

1160 3544 1199 3601 ut
1215 3530 1374 3602 caliditas
1390 3546 1441 3602 est
1458 3559 1533 3621 res,
1560 3564 1649 3631 quac
1665 3542 1769 3610 ctiam
1795 3544 1872 3614 sine
1896 3548 2087 3621 collatione
2110 3569 2142 3624 et

1159 3656 1265 3701 sensu
1290 3632 1440 3724 percipi,
1464 3650 1498 3706 et
1522 3655 1639 3710 mente
1664 3645 1810 3730 cogitari
1833 3663 1956 3736 potest.
2009 3648 2065 3721 Er
2086 3650 2141 3725 his

1160 3734 1329 3802 absolutis
1352 3734 1519 3807 oriuntur
1545 3742 1743 3817 relationes.
1797 3745 1890 3818 Sunt
1911 3764 2029 3822 autern
2051 3756 2141 3825 rela-

1148 3835 1287 3933 tiones,
1314 3850 1374 3904 aut
1389 3839 1643 3928 applicationes
1658 3869 1788 3926 rerum,
1814 3863 1873 3920 aut
1889 3853 2142 3943 ordinationes,

1159 3949 1219 4006 ant
1240 3935 1464 4024 collationes,
1498 3956 1537 4010 ut
1560 3945 1738 4015 calefactio
1765 3963 1817 4020 est
1839 3953 2049 4042 applicatio,
2075 3985 2141 4052 qua

1102 4086 1104 4091 ·
1158 4037 1369 4108 transfertur
1385 4040 1543 4112 caliditas
1561 4045 1598 4113 in
1621 4047 1729 4117 aliud.
1772 4049 1970 4123 Paternitas
1988 4072 2039 4128 est
2054 4064 2140 4131 ordo

1159 4139 1252 4223 eius,
1278 4138 1339 4231 qui
1357 4137 1481 4228 gennit
1495 4147 1537 4213 ad
1555 4148 1725 4235 genitum.
1761 4151 1968 4224 Similitudo
1984 4164 2140 4239 estdua·

1158 4265 1236 4310 rum
1251 4240 1463 4333 qualitatum
1478 4250 1744 4334 convenientia,
1771 4278 1860 4345 quae
1880 4257 2071 4331 collatione
2086 4265 2141 4333 in·

1156 4343 1340 4431 telligitur.
1373 4340 1532 4414 Primum
1550 4349 1658 4437 igitur
1675 4346 1743 4421 hoc
1758 4357 1989 4430 meminerint
2003 4363 2140 4435 discen·

1156 4460 1226 4528 tes,
1258 4438 1395 4512 Omnes
1417 4446 1625 4536 relationes,
1660 4467 1721 4522 ant
1742 4479 1860 4524 rerum
1886 4461 2141 4549 applicationes

1156 4568 1246 4630 esse,
1280 4558 1341 4614 aut
1365 4547 1627 4636 ordinationes,
1661 4569 1721 4624 aut
1744 4558 1961 4632 collationes.
2016 4565 2140 4646 Minus

1156 4645 1302 4716 illustris
1324 4660 1376 4717 est
1399 4649 1529 4720 noticia
1554 4656 1787 4747 relationum,
1823 4685 1929 4752 quam
1959 4666 2142 4742 absoluto-

1155 4772 1254 4833 rum,
1279 4748 1361 4839 quia
1387 4754 1599 4841 quantitates
1621 4772 1655 4828 et
1678 4759 1866 4848 qualitates
1888 4764 2080 4841 incurrunt
2104 4772 2140 4841 in

120 4877 204 4937 τας,
231 4854 817 4926 vetustissimamconsuetudinem
844 4867 877 4923 et
893 4849 1102 4924 Aristoteles
1153 4872 1288 4939 sensus,
1315 4863 1348 4920 et
1364 4866 1448 4922 sunt
1464 4876 1529 4941 res,
1555 4879 1664 4946 quae,
1693 4872 1732 4928 ut
1748 4861 1796 4930 ita
1814 4864 1946 4950 dicam,
1973 4874 2140 4944 manibus

121 4967 259 5025 secutus
276 4967 337 5025 est.
370 4951 600 5027 Recentiores
618 4970 740 5028 contra
759 4958 996 5047 disputarunt.
1031 4953 1101 5026 Sed
1125 5004 1128 5045 ,
1154 4963 1418 5023 contrectantur
1451 4967 1484 5023 et
1517 4957 1628 5026 oculis
1651 4975 1857 5037 cernuntur.
1910 4966 1981 5037 Sed
2006 4976 2140 5045 multae

119 5054 223 5125 toties
251 5057 321 5124 iam
352 5056 487 5126 dictum
513 5071 581 5138 est,
622 5060 825 5151 fugiendam
851 5078 924 5126 esse
948 5056 1102 5127 ociosam
1124 5050 1128 5193 ἕ
1152 5053 1360 5136 relationes,
1385 5076 1474 5144 quae
1494 5055 1584 5128 finnt
1601 5073 1720 5130 nostra
1737 5063 1972 5153 institutione,
1999 5086 2138 5146 tantum

119 5157 363 5227 subtilitatem.
418 5151 466 5228 Et
489 5153 777 5231 honestissimum
801 5173 870 5248 est,
896 5157 996 5249 loqui
1020 5184 1100 5229 eum
1152 5168 1269 5224 mente
1285 5154 1501 5251 cogitantur,
1526 5172 1567 5228 ut
1583 5185 1671 5250 puer
1692 5164 1797 5233 etiam
1820 5192 1899 5237 cum
1924 5172 2023 5243 videt
2048 5177 2138 5268 lapi-

118 5258 411 5344 ingeniosissimis
437 5274 470 5330 et
494 5261 705 5332 doctissimis
733 5257 942 5331 hominibus
971 5261 1100 5331 veteri·
1123 5307 1126 5361 Β
1151 5259 1242 5341 dem,
1256 5267 1376 5324 tamen
1390 5279 1436 5330 an
1454 5259 1498 5329 sit
1515 5260 1626 5349 limes,
1653 5279 1713 5335 aut
1729 5267 1815 5357 quid
1831 5270 1876 5341 sit
1892 5271 2007 5359 limes,
2036 5279 2139 5367 igno-

115 5360 182 5429 [ωε
203 5358 412 5436 Geomerris,
1121 5381 1126 5440 a
1151 5371 1225 5443 rat,
1249 5354 1319 5425 nisi
1334 5355 1381 5431 sit
1394 5358 1620 5451 admonitus,
1646 5366 1813 5438 collocari
1835 5371 1969 5465 lapides
1992 5377 2032 5453 in
2057 5380 2138 5451 fini.
