4538 5754
116 256 219 333 stol

113 434 212 517 oreis
232 433 332 500 siccet
358 430 544 499 Dominus
566 427 672 497 Deus
698 432 843 513 amtor,
871 425 936 514 qui
958 425 999 491 iu
1020 422 1114 492 eltis

167 527 347 603 habitos?
398 535 445 601 lit
460 528 621 601 humilia
644 530 797 618 respicit
819 530 863 595 iu
887 527 987 594 coelo
1012 532 1051 594 et
1071 526 1113 592 iu

166 643 286 704 terve.

722 249 788 326 lX.
840 244 1204 323 COMMENTARH
1237 245 1289 320 ΙΝ
1318 241 1562 322 PSALMOS·

2051 254 2149 335 1362

1163 419 1238 507 ipsa
1262 442 1329 486 vox
1352 417 1460 507 legis,
1486 441 1527 487 ac
1544 412 1820 510 chirographum
1842 421 2051 516 inscriptum
2066 451 2146 497 cor-

1163 521 1269 587 dibus
1285 519 1415 590 nostris
1432 543 1596 588 accusans
1612 533 1647 589 et
1659 522 1833 591 damnans
1851 547 1936 606 nos,
1963 541 2068 618 ncgm
2081 553 2146 599 nos

1163 622 1271 710 recipi
1288 645 1307 689 a
1325 622 1426 705 Deo,
1452 621 1665 711 pronunciat
1681 646 1746 691 nos
1764 641 1909 714 propter
1924 642 2062 718 peccata
2079 655 2146 721 pu·

110 738 282 831 Eriperes
299 732 347 805 de
360 735 512 825 pulvere
525 735 698 824 inoperta,
724 740 763 802 et
784 728 833 802 de
854 735 1021 807 stercore
1044 745 1113 795 ccc-
1161 722 1244 794 niri.
1297 721 1421 815 ltaque
1442 746 1517 790 non
1540 735 1654 813 potest
1669 723 1815 793 existere
1832 727 1920 795 fides
1943 743 1977 799 et
1998 730 2146 800 invoca-

168 838 305 908 tollens
318 857 540 929 pauperem.

115 942 169 1013 Ut
194 939 346 1010 collocet
372 959 457 1009 eum
479 957 565 1007 cum
584 930 840 1027 principibus,
867 952 952 1002 carm
964 931 1112 1021 princi-

165 1039 280 1133 petus
295 1063 345 1131 pe
408 1044 423 1109 i
435 1043 507 1110 aui.

112 1144 191 1229 uus
225 1140 401 1214 habitere
433 1136 539 1233 fecit
564 1138 736 1210 sterilem
755 1140 796 1206 in
818 1133 926 1206 domo
948 1141 1111 1204 matrem

167 1240 574 1341 filiorumleetcutem.
1014 1248 1021 1259 '

454 1415 798 1518 Argumentum.

223 1576 341 1668 Supra
356 1566 504 1647 distinxi
518 1595 646 1665 genera
663 1571 898 1648 Psalmorum,
925 1566 1109 1637 videlicetr

113 1679 213 1753 alios
230 1678 416 1770 complecti
435 1676 602 1748 vaticinia
624 1677 668 1744 de
686 1669 851 1754 Christo,
875 1682 938 1738 aut
953 1669 1109 1762 aliquam

113 1796 258 1881 partem
277 1773 460 1850 doctrinae
481 1774 689 1864 Evangelii,
715 1787 777 1844 aut
799 1794 872 1842 esse
893 1771 1109 1841 consolatio·

113 1905 206 1969 nes,
230 1881 447 1974 precationes
462 1896 497 1952 et
513 1880 705 1970 gratiarum
727 1872 900 1945 actiones:
927 1871 1015 1942 alios
1036 1886 1108 1942 tra-

114 1985 207 2055 dere
229 1982 425 2053 doctrinam
449 1982 553 2072 legis,
579 1993 640 2050 aut
655 1988 837 2070 praecepta
851 1996 1011 2064 operum.
1062 1966 1109 2042 Et

114 2084 286 2180 quamvis
300 2082 480 2154 interdum
496 2079 581 2152 baec
603 2102 732 2172 genera
746 2075 973 2146 miscentur:.'
989 2087 1107 2144 tamen

113 2187 160 2257 in
175 2183 328 2274 singulis
339 2186 636 2255 considerandum
655 2193 719 2262 est,
742 2178 836 2272 quod
856 2176 902 2246 sit
916 2175 1109 2266 principale

114 2298 382 2378 argumentum.
432 2284 524 2356 Cum
542 2299 659 2355 autem
675 2278 808 2351 Psalmi
830 2280 972 2348 tradant
993 2277 1109 2368 pluri-

113 2410 200 2459 mos
230 2399 265 2457 et
295 2388 520 2476 gravissimos
559 2386 657 2455 locos
688 2381 870 2452 doctrinae
901 2377 1107 2468 spiritualis,

113 2489 314 2585 gratissimi
328 2503 362 2560 et
376 2487 575 2560 dulcissimi
591 2499 673 2558 sunt
688 2484 759 2566 illi,
784 2481 846 2575 qui
862 2480 1004 2571 proprie
1021 2503 1109 2552 con·

115 2590 314 2661 sinuantur
340 2592 385 2660 de
406 2589 649 2660 misericordia
671 2600 706 2655 et
731 2581 927 2666 beneficiis,
953 2575 1043 2675 quae
1070 2581 1108 2648 in

113 2687 319 2780 Evangelio
336 2704 599 2785 proponuntur.
652 2683 708 2757 Ex
723 2708 765 2755 eo
781 2707 908 2774 genere
923 2698 974 2753 est
996 2696 1032 2754 et
1051 2677 1110 2751 bic

112 2790 291 2865 Psalmus‚

224 2922 289 2996 Est
302 2924 398 2993 enim
415 2922 625 2994 vaticinium
639 2923 684 2990 de
706 2944 801 2989 novo
818 2917 972 3011 quodam
988 2917 1109 2996 verbo,

115 3042 266 3101 etnma
281 3025 414 3095 noticia
435 3025 630 3117 spargenda
652 3035 687 3091 et
709 3021 909 3110 evulganda
932 3019 971 3086 in
995 3031 1109 3088 totum

115 3132 267 3213 orbem,
299 3150 368 3220 qua
389 3127 613 3197 innotescant
640 3136 675 3193 et
698 3122 947 3214 praedicentur
970 3119 1110 3189 miseri-

116 3231 247 3305 cordia
266 3242 302 3299 et
316 3228 484 3298 beneficia
501 3226 588 3312 Dei,
614 3238 646 3296 et
661 3226 812 3294 existant
827 3223 901 3318 veri
916 3221 1049 3305 cultus,
1069 3220 1108 3288 in

117 3332 258 3427 quibus
277 3330 474 3401 celebretur
486 3329 598 3419 gloria
609 3327 685 3411 Dei,
711 3325 885 3409 videlicet,
910 3324 1006 3416 quod
1026 3345 1107 3390 vere

115 3434 350 3517 misereatur,
390 3433 487 3524 quod
527 3427 706 3521 respiciat,
748 3427 893 3495 adiuvet
928 3437 964 3495 et
997 3423 1108 3492 salvet

114 3532 299 3626 humiles,
331 3532 492 3603 adflictos
514 3547 549 3602 et
570 3532 734 3599 abiectos.
785 3525 863 3597 Hoc
883 3526 1000 3617 ipsum
1025 3547 1108 3594 vere

115 3649 175 3714 est
188 3634 374 3705 vaticinari
391 3636 434 3702 de
456 3656 564 3722 regno
579 3626 732 3712 Christi,
756 3630 801 3697 de
825 3651 896 3720 quo
918 3627 1107 3696 conciona-

111 3755 180 3813 tur
198 3732 453 3836 Evangelium,
486 3746 521 3803 et
550 3732 716 3825 proponit
736 3730 965 3822 'praecipuum
987 3727 1106 3797 locum

113 3839 185 3935 qui
198 3836 356 3930 pertinet
369 3839 413 3906 ad
436 3836 714 3906 consolationem
732 3829 1048 3918 conscientiarum,
1073 3841 1107 3898 et

114 3941 239 4017 adfert
255 3961 374 4008 veram
391 3937 558 4009 noticiam
583 3959 645 4004 seu
669 3934 886 4024 agnitionem
903 3928 989 4015 Dei,
1015 3931 1107 4021 parit

115 4063 228 4129 veros
247 4036 381 4124 cultus,
412 4041 594 4120 timorem,
619 4035 747 4123 iidem,
781 4033 1045 4109 invocationem
1070 4043 1108 4102 et

116 4144 214 4216 ulios
225 4141 425 4232 spirituales
444 4155 583 4224 motus,
605 4159 757 4232 quorum
783 4135 876 4207 nihil
899 4147 1013 4227 potest
1035 4134 1108 4203 exi-

117 4260 215 4317 stere
231 4266 273 4314 ex
286 4243 448 4314 doctrina
462 4243 557 4332 legis.

228 4376 316 4447 Nam
337 4374 473 4445 etiamsi
492 4374 548 4443 lex
571 4367 679 4442 babet
695 4369 966 4463 pmmissiones,
991 4382 1025 4439 et
1042 4368 1107 4436 do-

119 4478 572 4557 cathecumenorum,
598 4473 862 4542 misericordem
883 4483 967 4555 etc,
989 4484 1107 4541 tamen

119 4583 228 4655 addit
264 4579 503 4649 conditionem
539 4589 681 4645 nostrae
714 4573 916 4664 dignitatis,
956 4571 1108 4663 requirit

119 4685 313 4779 perfectam
331 4679 589 4762 obedientiam,
607 4700 682 4746 non
697 4677 799 4745 docet
815 4676 860 4744 de
874 4675 1023 4763 gratuita
1039 4673 1108 4741 mi-

120 4784 339 4866 sericordia,
366 4783 460 4874 quod
485 4778 581 4849 Deus
606 4779 769 4869 recipiat,
792 4777 957 4845 exaudiat
983 4789 1017 4846 et
1038 4775 1108 4843 sal-

118 4901 184 4957 vet
205 4886 382 4973 indignos.
434 4882 555 4974 ltaque
579 4876 741 4949 homines
766 4878 831 4947 etsi
861 4871 993 4947 habent
1015 4876 1108 4946 noti·

119 4989 217 5061 eiam
242 4986 346 5075 legis,
382 4998 498 5052 tamen
529 4983 606 5050 sine
627 4978 825 5068 Evangelio
854 5003 928 5048 non
963 4993 1107 5068 possunt

119 5104 221 5163 certo
238 5102 390 5158 statuere
405 5087 447 5153 de
464 5087 646 5154 voluntate
662 5080 750 5165 Dei,
775 5104 849 5149 non
873 5081 1024 5149 credunt
1041 5081 1107 5149 sibi

119 5191 234 5285 gratis
262 5190 415 5280 ignosci,
447 5201 507 5256 aut
539 5208 575 5254 se
604 5183 785 5263 exaudiri,
820 5206 893 5252 non
926 5195 1111 5272 expectant

119 5308 220 5365 certo
236 5291 408 5363 auxilium
421 5287 499 5360 Dei.
552 5287 645 5356 Cum
661 5287 756 5356 enim
772 5308 845 5356 non
860 5282 1112 5353 satisfaciamus

117 5394 212 5487 legi,
238 5416 320 5465 cum
336 5386 530 5461 habeamus
545 5399 741 5481 peccatum,
765 5386 934 5456 reclamat
949 5385 988 5456 in
1005 5384 1111 5455 nobis

178 5500 359 5565 Mensura.
388 5498 491 5562 Orsa.
520 5495 602 5558 Van.
622 5491 718 5559 Xlll.

1162 823 1232 908 tio,
1258 822 1331 892 imo
1349 824 1583 903 conscientiae
1605 825 1860 916 opprimuntur
1874 830 2099 902 dubitatione
2112 846 2147 904 et

1161 924 1416 1017 desperatione.

1256 1079 1383 1175 'Quare
1403 1109 1494 1178 opus
1525 1101 1576 1158 est
1604 1087 1673 1157 alia
1694 1090 1875 1178 doctrina,
1901 1118 1992 1187 quae
2011 1098 2147 1173 adierat

1160 1200 1291 1256 certam
1327 1201 1362 1258 et
1388 1190 1526 1258 firmam
1560 1190 1728 1259 noticiam
1760 1192 2042 1285 misericordiae,
2082 1226 2147 1293 per

1160 1312 1265 1381 quam
1280 1290 1451 1360 excitetur
1464 1291 1502 1359 in
1519 1293 1686 1361 cordibus
1700 1293 1799 1373 fides,
1819 1309 1852 1364 et
1868 1297 2056 1372 vincantur
2073 1317 2147 1375 ter-

1160 1414 1257 1459 rores
1285 1392 1359 1460 irae
1383 1389 1451 1461 Dei
1474 1407 1508 1462 et
1531 1393 1740 1485 desperatio.
1790 1394 1888 1465 Haec
1911 1413 1961 1470 est
1984 1405 2146 1478 doctrina

1160 1486 1371 1582 Evangelii,
1405 1516 1495 1586 quae
1528 1494 1662 1565 revelat
1694 1491 1786 1566 hauc
1818 1499 2037 1572 voluntatem
2066 1503 2146 1595 Dei,

1160 1595 1255 1685 quod
1275 1595 1362 1687 velit
1377 1595 1485 1684 gratis
1499 1596 1679 1666 remittere
1699 1611 1860 1688 peccata,
1884 1600 2064 1691 ignoscere
2087 1609 2147 1679 in-

1160 1694 1298 1783 dignis,
1331 1709 1367 1765 et
1389 1691 1603 1766 habentibus
1632 1712 1829 1787 peccatum,
1873 1717 2017 1797 propter
2039 1703 2146 1780 chu-

1159 1809 1250 1864 stum
1268 1797 1551 1888 propiciatorem,
1566 1798 1596 1897 si
1611 1812 1729 1872 tamen
1746 1801 1814 1869 fide
1831 1797 1927 1873 hunc
1943 1805 2145 1898 apprehen·
2248 1825 2253 1830 ’

1160 1901 1302 1982 damus,
1327 1911 1360 1967 et
1377 1902 1471 1992 quod
1500 1913 1596 1970 certo
1617 1901 1704 1971 velit
1720 1905 1902 1973 credentes
1918 1911 2085 1982 exaudire
2112 1928 2146 1986 et

1159 1999 1305 2068 salvare.
1356 1997 1436 2068 Hoc
1448 2002 1556 2073 modo
1571 2025 1653 2070 vere
1667 2004 1868 2093 agnoscitur
1885 2002 1993 2094 Deus,
2021 2026 2053 2082 et
2071 2016 2146 2084 exi-

1158 2113 1258 2169 stunt
1274 2100 1348 2169 veri
1364 2101 1480 2171 cultus
1498 2103 1715 2193 spirituales,
1742 2130 1824 2174 vera
1841 2107 2033 2198 invocatio,
2061 2137 2144 2205 gra.

1159 2202 1288 2272 tiarum
1304 2204 1417 2287 actio,
1436 2227 1518 2274 vera
1536 2217 1569 2274 et
1584 2205 1779 2295 spiritualis
1793 2209 2007 2285 obedientia.

1260 2366 1314 2442 De
1330 2367 1396 2441 bac
1418 2366 1550 2444 noticia
1573 2376 1787 2446 vaticinatur
1804 2371 1861 2448 hic
1878 2378 2061 2471 Psalmus‚
2088 2389 2145 2458 vi-

1159 2471 1302 2555 delicet,
1335 2477 1573 2565 spargendum
1601 2499 1674 2546 esse
1699 2479 1846 2548 verbum
1871 2478 2055 2574 Evangelii
2080 2514 2144 2580 per

1160 2586 1273 2645 totum
1298 2576 1441 2660 orbem,
1474 2601 1545 2670 quo
1577 2602 1659 2648 vere
1688 2594 1899 2669 agnoscatur
1922 2582 2020 2658 Deus
2048 2598 2141 2680 apud

1159 2698 1284 2745 omnes
1298 2690 1435 2766 gentes,
1459 2693 1494 2748 et
1508 2679 1703 2751 innotescat
1726 2676 1802 2752 eius
1827 2684 1959 2772 gloria,
1987 2704 2022 2760 et
2042 2711 2145 2782 prae.

1160 2789 1298 2847 stentur
1313 2778 1387 2847 veri
1402 2779 1532 2849 cultus:
1560 2794 1594 2850 et
1617 2782 2023 2875 nominatim-praedicat
2040 2817 2143 2882 prae·

1160 2877 1262 2969 cipua
1288 2878 1460 2949 beneficia
1479 2877 1548 2950 Dei
1575 2880 1609 2974 et
1639 2884 1840 2954 testimonia
1870 2888 2144 2985 misericordiae,

1158 2978 1333 3066 videlicet,
1349 2983 1444 3074 quod
1461 2982 1505 3072 sit
1522 2979 1618 3054 Deus
1632 2985 1823 3076 respiciens
1839 3003 1874 3058 et
1887 2991 2059 3066 adiuvans
2076 2994 2145 3071 hu-

1158 3081 1278 3166 miles,
1300 3083 1473 3175 abiectos,
1504 3109 1690 3175 oppressos
1712 3101 1775 3158 etc.
1834 3088 1912 3160 Hae
1936 3109 2022 3167 sunt
2046 3098 2143 3190 ipsae

1157 3177 1343 3273 Evangelii
1359 3207 1480 3270 voces,
1505 3188 1626 3279 quales
1649 3190 1777 3277 passim
1803 3192 1977 3281 plurimae
1994 3214 2080 3272 sunt
2103 3205 2143 3274 in

1157 3285 1341 3375 scriptura.
1395 3282 1525 3359 Matth.
1545 3290 1617 3360 sta
1643 3287 1773 3362 Venite
1787 3295 1831 3361 ad
1856 3317 1912 3363 me
1934 3321 2057 3370 omnes
2081 3306 2145 3398 qui

1156 3386 1325 3456 laboratis
1339 3401 1403 3457 etc.
1456 3385 1543 3458 ltem
1566 3388 1653 3464 Luc.
1683 3393 1754 3463 tc:
1780 3390 1900 3465 Nolite
1926 3397 2051 3473 timere
2074 3430 2144 3495 pu-

1156 3487 1258 3557 sillus
1271 3511 1375 3578 grex,
1396 3489 1530 3580 placuit
1545 3492 1639 3560 enim
1657 3496 1749 3583 patri
1767 3499 1867 3569 vobis
1881 3499 1965 3568 dare
1984 3526 2143 3594 regnum.

1157 3585 1281 3659 Esaiae
1298 3590 1376 3665 66.:
1402 3591 1459 3660 Ad
1476 3616 1581 3686 quem
1598 3596 1802 3684 respiciam,
1828 3598 1899 3667 nisi
1923 3604 1966 3670 ad
1990 3628 2144 3700 pauper.

1157 3693 1274 3760 culum
1299 3706 1334 3765 et
1354 3694 1547 3763 contritum
1571 3695 1711 3785 spiritu.
1760 3696 1852 3772 Psal.
1868 3699 1944 3772 34³
1968 3701 2068 3780 quta
2091 3728 2144 3785 est

1157 3792 1337 3865 Dominus
1353 3788 1428 3878 bis,
1454 3795 1517 3888 qui
1534 3796 1705 3867 tribulato
1721 3814 1805 3871 sunt
1820 3805 1946 3889 corde,
1972 3821 2005 3877 et
2023 3804 2143 3883 humi-

1156 3894 1207 3963 les
1223 3895 1350 3986 spiritu
1364 3895 1514 3967 salvabit
1533 3911 1597 3970 etc.
1647 3898 1777 3976 Psalm.
1798 3901 1899 3979 144st
1916 3905 2058 3985 Allevat
2066 3910 2143 3986 Do.

1157 3995 1276 4066 minus
1293 4020 1416 4066 omnes
1431 3999 1494 4091 qui
1509 4015 1692 4088 corruunt,
1715 4017 1752 4073 et
1764 4007 1869 4095 erigit
1886 4031 2008 4077 omnes
2026 4015 2142 4094 elisos.

1259 4162 1339 4234 Huc
1359 4188 1442 4256 ergo
1465 4168 1670 4240 referendus
1693 4184 1746 4241 est
1768 4167 1827 4242 hic
1848 4170 2025 4266 Psalmus‚
2061 4198 2140 4257 tan·

1158 4288 1263 4360 quam
1282 4288 1362 4357 pars
1375 4269 1557 4340 doctrinae
1572 4266 1777 4361 Evangelii,
1803 4298 1892 4367 quae
1911 4265 2012 4353 docet
2026 4286 2069 4356 de
2084 4313 2143 4359 re-

1157 4392 1228 4456 gno
1244 4363 1395 4453 Christi,
1420 4369 1545 4465 inquo
1565 4372 1659 4442 lucet
1673 4386 1706 4441 et
1722 4377 1924 4461 agnoscitur
1941 4382 2141 4460 misericor-

1158 4470 1216 4539 dia
1229 4466 1316 4553 Dei,
1342 4484 1376 4541 et
1392 4465 1498 4543 habet
1512 4474 1651 4562 insigne
1666 4479 1893 4564 praeconium
1911 4496 2056 4574 operula
2072 4492 2142 4561 mi.

1157 4571 1379 4656 sericordiae,
1397 4588 1650 4645 commemorat
1668 4577 1847 4664 beneficia,
1862 4583 1907 4652 de
1925 4587 2055 4677 quibus
2074 4593 2140 4664 do-

1158 4668 1473 4763 cetEvangelium,
1488 4700 1646 4770 quaeque
1665 4681 1807 4769 propria
1824 4697 1906 4754 stent
1920 4690 2020 4777 regni
2036 4688 2141 4764 Chri.

1159 4775 1223 4855 sti,
1249 4776 1413 4857 videlicet
1436 4779 1607 4869 respicere
1637 4775 1810 4864 humiles,
1840 4786 2015 4875 abiectos,
2037 4797 2141 4869 adiu-

1158 4900 1241 4945 vare
1270 4891 1304 4947 et
1334 4877 1530 4967 glorificare
1552 4902 1737 4973 oppressos
1759 4896 1823 4957 etc.
1891 4885 2012 4977 Quare
2039 4899 2143 4970 valde

1159 4977 1275 5047 suavis
1299 4994 1350 5049 est
1370 4976 1548 5068 Psalmus‚
1583 4997 1617 5053 et
1637 4984 1741 5054 facile
1764 4987 1936 5060 dulcescet
1953 4994 2037 5083 piis,
2062 5023 2142 5072 eum

1159 5082 1485 5152 accommodabitur
1500 5086 1544 5154 ad
1554 5085 1788 5155 consolandas
1802 5102 1835 5158 et
1850 5092 2143 5182 erigendasmen·

1159 5196 1230 5265 tes,
1257 5184 1295 5252 in
1312 5184 1566 5256 certaminibus
1579 5188 1832 5271 conscientiae,
1857 5207 1892 5264 et
1913 5197 1957 5263 ad
1982 5204 2144 5274 exercitia

1158 5283 1241 5354 fidei
1259 5284 1297 5352 iu
1313 5286 1559 5370 invocatione,
1581 5302 1620 5359 -et
1635 5286 1673 5357 in
1691 5292 1858 5363 omnibus
1874 5282 2084 5372 actionibus.

1628 5490 1678 5563 86
