<?xml version="1.0" encoding="UTF-8"?>
<!DOCTYPE html PUBLIC "-//W3C//DTD XHTML 1.0 Transitional//EN"
    "http://www.w3.org/TR/xhtml1/DTD/xhtml1-transitional.dtd">
<html xmlns="http://www.w3.org/1999/xhtml" xml:lang="en" lang="en">
 <head>
  <title>
</title>
<meta http-equiv="Content-Type" content="text/html;charset=utf-8" />
  <meta name='ocr-system' content='tesseract 3.04.00' />
  <meta name='ocr-capabilities' content='ocr_page ocr_carea ocr_par ocr_line ocrx_word'/>
</head>
<body>
  <div class='ocr_page' id='page_1' title='image "./corpusreformato11melagoog_0653.png"; bbox 0 0 4538 5754; ppageno 0'>
   <div class='ocr_carea' id='block_1_1' title="bbox 118 241 2137 335">
    <p class='ocr_par' dir='ltr' id='par_1_1' title="bbox 118 241 2137 335">
     <span class='ocr_line' id='line_1_1' title="bbox 118 241 2137 335; baseline -0.005 -2"><span class='ocrx_word' id='word_1_1' title='bbox 118 256 215 335; x_wconf 79' lang='lat' dir='ltr'><strong>teta</strong></span> <span class='ocrx_word' id='word_1_2' title='bbox 701 246 828 322; x_wconf 78' lang='lat' dir='ltr'><strong>Pntt..</strong></span> <span class='ocrx_word' id='word_1_3' title='bbox 854 243 971 322; x_wconf 83' lang='lat' dir='ltr'><strong>MEL.</strong></span> <span class='ocrx_word' id='word_1_4' title='bbox 999 245 1209 321; x_wconf 77' lang='lat' dir='ltr'><strong>SCRIPTA</strong></span> <span class='ocrx_word' id='word_1_5' title='bbox 1237 241 1540 322; x_wconf 81' lang='lat' dir='ltr'><strong>EXEGETlCA.</strong></span> <span class='ocrx_word' id='word_1_6' title='bbox 2052 247 2137 322; x_wconf 81' lang='lat' dir='ltr'><strong>tstt</strong></span> 
     </span>
    </p>
   </div>
   <div class='ocr_carea' id='block_1_2' title="bbox 41 415 2141 3957">
    <p class='ocr_par' dir='ltr' id='par_1_2' title="bbox 41 415 2141 3957">
     <span class='ocr_line' id='line_1_2' title="bbox 118 415 2141 514; baseline -0.006 -12"><span class='ocrx_word' id='word_1_7' title='bbox 118 429 334 506; x_wconf 70' lang='lat' dir='ltr'><strong>sacerdotes,</strong></span> <span class='ocrx_word' id='word_1_8' title='bbox 361 424 397 493; x_wconf 93' lang='lat' dir='ltr'><strong>id</strong></span> <span class='ocrx_word' id='word_1_9' title='bbox 420 434 490 507; x_wconf 87' lang='lat' dir='ltr'><strong>est,</strong></span> <span class='ocrx_word' id='word_1_10' title='bbox 517 422 613 514; x_wconf 93' lang='lat' dir='ltr'><strong>quod</strong></span> <span class='ocrx_word' id='word_1_11' title='bbox 632 415 827 493; x_wconf 90' lang='lat' dir='ltr'><strong>habeamus</strong></span> <span class='ocrx_word' id='word_1_12' title='bbox 845 421 901 491; x_wconf 91' lang='lat' dir='ltr'><strong>ius</strong></span> <span class='ocrx_word' id='word_1_13' title='bbox 916 419 1111 491; x_wconf 90' lang='lat' dir='ltr'><strong>invocandi</strong></span> <span class='ocrx_word' id='word_1_14' title='bbox 1163 432 1287 511; x_wconf 82' lang='lat' dir='ltr'><strong>potest</strong></span> <span class='ocrx_word' id='word_1_15' title='bbox 1346 416 1468 508; x_wconf 80' lang='lat' dir='ltr'><strong>Quare</strong></span> <span class='ocrx_word' id='word_1_16' title='bbox 1489 416 1554 489; x_wconf 93' lang='lat' dir='ltr'><strong>etsi</strong></span> <span class='ocrx_word' id='word_1_17' title='bbox 1577 417 1742 490; x_wconf 90' lang='lat' dir='ltr'><strong>diabolus</strong></span> <span class='ocrx_word' id='word_1_18' title='bbox 1763 417 1937 488; x_wconf 89' lang='lat' dir='ltr'><strong>omnibns</strong></span> <span class='ocrx_word' id='word_1_19' title='bbox 1960 416 2078 488; x_wconf 90' lang='lat' dir='ltr'><strong>modis</strong></span> <span class='ocrx_word' id='word_1_20' title='bbox 2097 433 2141 490; x_wconf 91' lang='lat' dir='ltr'><strong>at·</strong></span> 
     </span>
     <span class='ocr_line' id='line_1_3' title="bbox 119 515 2141 619; baseline -0.006 -16"><span class='ocrx_word' id='word_1_21' title='bbox 119 530 236 604; x_wconf 90' lang='lat' dir='ltr'><strong>Deum</strong></span> <span class='ocrx_word' id='word_1_22' title='bbox 253 541 396 619; x_wconf 88' lang='lat' dir='ltr'><strong>propter</strong></span> <span class='ocrx_word' id='word_1_23' title='bbox 415 524 614 615; x_wconf 82' lang='lat' dir='ltr'><strong>pontificem</strong></span> <span class='ocrx_word' id='word_1_24' title='bbox 626 519 826 610; x_wconf 77' lang='lat' dir='ltr'><strong>Christum,</strong></span> <span class='ocrx_word' id='word_1_25' title='bbox 850 524 990 616; x_wconf 88' lang='lat' dir='ltr'><strong>quipro</strong></span> <span class='ocrx_word' id='word_1_26' title='bbox 1007 523 1111 592; x_wconf 90' lang='lat' dir='ltr'><strong>uobis</strong></span> <span class='ocrx_word' id='word_1_27' title='bbox 1163 544 1232 616; x_wconf 88' lang='lat' dir='ltr'><strong>que</strong></span> <span class='ocrx_word' id='word_1_28' title='bbox 1264 519 1398 590; x_wconf 86' lang='lat' dir='ltr'><strong>artibus</strong></span> <span class='ocrx_word' id='word_1_29' title='bbox 1429 521 1650 613; x_wconf 73' lang='lat' dir='ltr'><strong>oppugnabit</strong></span> <span class='ocrx_word' id='word_1_30' title='bbox 1672 515 1859 590; x_wconf 83' lang='lat' dir='ltr'><strong>Christum</strong></span> <span class='ocrx_word' id='word_1_31' title='bbox 1890 533 1925 589; x_wconf 88' lang='lat' dir='ltr'><strong>et</strong></span> <span class='ocrx_word' id='word_1_32' title='bbox 1950 517 2141 608; x_wconf 84' lang='lat' dir='ltr'><strong>Ecclesiam,</strong></span> 
     </span>
     <span class='ocr_line' id='line_1_4' title="bbox 120 622 2140 718; baseline -0.003 -16"><span class='ocrx_word' id='word_1_33' title='bbox 120 629 320 703; x_wconf 77' lang='lat' dir='ltr'><strong>intercedit.</strong></span> <span class='ocrx_word' id='word_1_34' title='bbox 372 625 471 712; x_wconf 90' lang='lat' dir='ltr'><strong>ltem,</strong></span> <span class='ocrx_word' id='word_1_35' title='bbox 497 627 592 718; x_wconf 92' lang='lat' dir='ltr'><strong>quod</strong></span> <span class='ocrx_word' id='word_1_36' title='bbox 609 641 727 696; x_wconf 88' lang='lat' dir='ltr'><strong>nostra</strong></span> <span class='ocrx_word' id='word_1_37' title='bbox 742 627 836 695; x_wconf 90' lang='lat' dir='ltr'><strong>bona</strong></span> <span class='ocrx_word' id='word_1_38' title='bbox 853 648 971 717; x_wconf 92' lang='lat' dir='ltr'><strong>opera,</strong></span> <span class='ocrx_word' id='word_1_39' title='bbox 997 637 1031 694; x_wconf 92' lang='lat' dir='ltr'><strong>et</strong></span> <span class='ocrx_word' id='word_1_40' title='bbox 1047 624 1110 693; x_wconf 89' lang='lat' dir='ltr'><strong>ad·</strong></span> <span class='ocrx_word' id='word_1_41' title='bbox 1163 622 1328 693; x_wconf 76' lang='lat' dir='ltr'><strong>incitabit</strong></span> <span class='ocrx_word' id='word_1_42' title='bbox 1355 635 1545 718; x_wconf 88' lang='lat' dir='ltr'><strong>tyrannos,</strong></span> <span class='ocrx_word' id='word_1_43' title='bbox 1584 636 1625 693; x_wconf 92' lang='lat' dir='ltr'><strong>ut</strong></span> <span class='ocrx_word' id='word_1_44' title='bbox 1654 645 1761 692; x_wconf 87' lang='lat' dir='ltr'><strong>omne</strong></span> <span class='ocrx_word' id='word_1_45' title='bbox 1790 643 1903 712; x_wconf 88' lang='lat' dir='ltr'><strong>genus</strong></span> <span class='ocrx_word' id='word_1_46' title='bbox 1933 622 2140 696; x_wconf 84' lang='lat' dir='ltr'><strong>crudelitatis</strong></span> 
     </span>
     <span class='ocr_line' id='line_1_5' title="bbox 121 721 2139 813; baseline -0.003 -10"><span class='ocrx_word' id='word_1_47' title='bbox 121 734 297 803; x_wconf 83' lang='lat' dir='ltr'><strong>flictiones</strong></span> <span class='ocrx_word' id='word_1_48' title='bbox 321 743 461 798; x_wconf 89' lang='lat' dir='ltr'><strong>nostrae</strong></span> <span class='ocrx_word' id='word_1_49' title='bbox 484 729 557 798; x_wconf 91' lang='lat' dir='ltr'><strong>sint</strong></span> <span class='ocrx_word' id='word_1_50' title='bbox 577 751 660 797; x_wconf 90' lang='lat' dir='ltr'><strong>vera</strong></span> <span class='ocrx_word' id='word_1_51' title='bbox 679 726 867 813; x_wconf 84' lang='lat' dir='ltr'><strong>sacrificia,</strong></span> <span class='ocrx_word' id='word_1_52' title='bbox 893 739 928 797; x_wconf 91' lang='lat' dir='ltr'><strong>et</strong></span> <span class='ocrx_word' id='word_1_53' title='bbox 944 726 1018 796; x_wconf 93' lang='lat' dir='ltr'><strong>veri</strong></span> <span class='ocrx_word' id='word_1_54' title='bbox 1035 726 1110 795; x_wconf 91' lang='lat' dir='ltr'><strong>cul·</strong></span> <span class='ocrx_word' id='word_1_55' title='bbox 1162 738 1365 808; x_wconf 83' lang='lat' dir='ltr'><strong>exerceant,</strong></span> <span class='ocrx_word' id='word_1_56' title='bbox 1397 723 1610 795; x_wconf 87' lang='lat' dir='ltr'><strong>deformabit</strong></span> <span class='ocrx_word' id='word_1_57' title='bbox 1629 724 1822 808; x_wconf 84' lang='lat' dir='ltr'><strong>scandalis,</strong></span> <span class='ocrx_word' id='word_1_58' title='bbox 1853 722 2065 795; x_wconf 85' lang='lat' dir='ltr'><strong>dilacerabit</strong></span> <span class='ocrx_word' id='word_1_59' title='bbox 2083 721 2139 796; x_wconf 87' lang='lat' dir='ltr'><strong>Ec·</strong></span> 
     </span>
     <span class='ocr_line' id='line_1_6' title="bbox 122 820 2138 924; baseline -0.003 -22"><span class='ocrx_word' id='word_1_60' title='bbox 122 849 200 919; x_wconf 91' lang='lat' dir='ltr'><strong>tus,</strong></span> <span class='ocrx_word' id='word_1_61' title='bbox 232 831 295 924; x_wconf 87' lang='lat' dir='ltr'><strong>qui</strong></span> <span class='ocrx_word' id='word_1_62' title='bbox 318 826 395 899; x_wconf 91' lang='lat' dir='ltr'><strong>Deo</strong></span> <span class='ocrx_word' id='word_1_63' title='bbox 417 830 568 920; x_wconf 85' lang='lat' dir='ltr'><strong>placent.</strong></span> <span class='ocrx_word' id='word_1_64' title='bbox 628 827 719 899; x_wconf 88' lang='lat' dir='ltr'><strong>Nam</strong></span> <span class='ocrx_word' id='word_1_65' title='bbox 743 822 830 898; x_wconf 88' lang='lat' dir='ltr'><strong>haec</strong></span> <span class='ocrx_word' id='word_1_66' title='bbox 851 841 936 899; x_wconf 91' lang='lat' dir='ltr'><strong>sunt</strong></span> <span class='ocrx_word' id='word_1_67' title='bbox 957 827 1111 898; x_wconf 87' lang='lat' dir='ltr'><strong>correla-</strong></span> <span class='ocrx_word' id='word_1_68' title='bbox 1163 825 1304 894; x_wconf 84' lang='lat' dir='ltr'><strong>clesiam</strong></span> <span class='ocrx_word' id='word_1_69' title='bbox 1334 825 1483 896; x_wconf 84' lang='lat' dir='ltr'><strong>infinitis</strong></span> <span class='ocrx_word' id='word_1_70' title='bbox 1510 825 1697 898; x_wconf 68' lang='lat' dir='ltr'><strong>discordiis</strong></span> <span class='ocrx_word' id='word_1_71' title='bbox 1719 839 1754 896; x_wconf 89' lang='lat' dir='ltr'><strong>et</strong></span> <span class='ocrx_word' id='word_1_72' title='bbox 1777 820 2009 912; x_wconf 84' lang='lat' dir='ltr'><strong>haeresibus,</strong></span> <span class='ocrx_word' id='word_1_73' title='bbox 2038 841 2138 898; x_wconf 88' lang='lat' dir='ltr'><strong>tamen</strong></span> 
     </span>
     <span class='ocr_line' id='line_1_7' title="bbox 122 922 2138 1020; baseline -0.005 -13"><span class='ocrx_word' id='word_1_74' title='bbox 122 936 207 1020; x_wconf 83' lang='lat' dir='ltr'><strong>tiva,</strong></span> <span class='ocrx_word' id='word_1_75' title='bbox 231 932 401 1004; x_wconf 88' lang='lat' dir='ltr'><strong>Sacerdos</strong></span> <span class='ocrx_word' id='word_1_76' title='bbox 416 944 450 1000; x_wconf 90' lang='lat' dir='ltr'><strong>et</strong></span> <span class='ocrx_word' id='word_1_77' title='bbox 464 929 694 1002; x_wconf 86' lang='lat' dir='ltr'><strong>Sacrificium.</strong></span> <span class='ocrx_word' id='word_1_78' title='bbox 745 927 977 1017; x_wconf 86' lang='lat' dir='ltr'><strong>Quaeautem</strong></span> <span class='ocrx_word' id='word_1_79' title='bbox 995 929 1110 997; x_wconf 84' lang='lat' dir='ltr'><strong>effica·</strong></span> <span class='ocrx_word' id='word_1_80' title='bbox 1162 924 1231 997; x_wconf 89' lang='lat' dir='ltr'><strong>Dei</strong></span> <span class='ocrx_word' id='word_1_81' title='bbox 1248 929 1405 1016; x_wconf 87' lang='lat' dir='ltr'><strong>potentia</strong></span> <span class='ocrx_word' id='word_1_82' title='bbox 1421 928 1587 998; x_wconf 83' lang='lat' dir='ltr'><strong>defendet</strong></span> <span class='ocrx_word' id='word_1_83' title='bbox 1607 922 1792 997; x_wconf 88' lang='lat' dir='ltr'><strong>Christum</strong></span> <span class='ocrx_word' id='word_1_84' title='bbox 1819 940 1855 997; x_wconf 89' lang='lat' dir='ltr'><strong>et</strong></span> <span class='ocrx_word' id='word_1_85' title='bbox 1876 922 2138 1012; x_wconf 87' lang='lat' dir='ltr'><strong>Ecclesiam,et</strong></span> 
     </span>
     <span class='ocr_line' id='line_1_8' title="bbox 124 1022 2137 1123; baseline -0.004 -17"><span class='ocrx_word' id='word_1_86' title='bbox 124 1036 198 1106; x_wconf 88' lang='lat' dir='ltr'><strong>cior</strong></span> <span class='ocrx_word' id='word_1_87' title='bbox 220 1033 415 1104; x_wconf 87' lang='lat' dir='ltr'><strong>consolatio</strong></span> <span class='ocrx_word' id='word_1_88' title='bbox 439 1033 507 1120; x_wconf 90' lang='lat' dir='ltr'><strong>piis</strong></span> <span class='ocrx_word' id='word_1_89' title='bbox 532 1032 683 1123; x_wconf 90' lang='lat' dir='ltr'><strong>proponi</strong></span> <span class='ocrx_word' id='word_1_90' title='bbox 706 1043 820 1121; x_wconf 90' lang='lat' dir='ltr'><strong>potest</strong></span> <span class='ocrx_word' id='word_1_91' title='bbox 842 1031 880 1099; x_wconf 91' lang='lat' dir='ltr'><strong>in</strong></span> <span class='ocrx_word' id='word_1_92' title='bbox 898 1030 1111 1113; x_wconf 87' lang='lat' dir='ltr'><strong>adflictione,</strong></span> <span class='ocrx_word' id='word_1_93' title='bbox 1163 1029 1296 1098; x_wconf 91' lang='lat' dir='ltr'><strong>delebit</strong></span> <span class='ocrx_word' id='word_1_94' title='bbox 1320 1022 1457 1114; x_wconf 90' lang='lat' dir='ltr'><strong>hostes,</strong></span> <span class='ocrx_word' id='word_1_95' title='bbox 1481 1029 1573 1101; x_wconf 85' lang='lat' dir='ltr'><strong>sicut</strong></span> <span class='ocrx_word' id='word_1_96' title='bbox 1593 1028 1712 1121; x_wconf 90' lang='lat' dir='ltr'><strong>inquit</strong></span> <span class='ocrx_word' id='word_1_97' title='bbox 1736 1022 1916 1100; x_wconf 89' lang='lat' dir='ltr'><strong>Christus:</strong></span> <span class='ocrx_word' id='word_1_98' title='bbox 1947 1027 2075 1099; x_wconf 83' lang='lat' dir='ltr'><strong>Portae</strong></span> <span class='ocrx_word' id='word_1_99' title='bbox 2095 1030 2137 1098; x_wconf 86' lang='lat' dir='ltr'><strong>iu-</strong></span> 
     </span>
     <span class='ocr_line' id='line_1_9' title="bbox 124 1126 2137 1231; baseline -0.003 -24"><span class='ocrx_word' id='word_1_100' title='bbox 124 1160 230 1231; x_wconf 91' lang='lat' dir='ltr'><strong>quam</strong></span> <span class='ocrx_word' id='word_1_101' title='bbox 253 1135 283 1205; x_wconf 84' lang='lat' dir='ltr'><strong>si</strong></span> <span class='ocrx_word' id='word_1_102' title='bbox 299 1134 412 1204; x_wconf 89' lang='lat' dir='ltr'><strong>sciant</strong></span> <span class='ocrx_word' id='word_1_103' title='bbox 425 1129 541 1202; x_wconf 91' lang='lat' dir='ltr'><strong>Deum</strong></span> <span class='ocrx_word' id='word_1_104' title='bbox 559 1133 737 1227; x_wconf 88' lang='lat' dir='ltr'><strong>requirere</strong></span> <span class='ocrx_word' id='word_1_105' title='bbox 752 1126 844 1201; x_wconf 88' lang='lat' dir='ltr'><strong>hanc</strong></span> <span class='ocrx_word' id='word_1_106' title='bbox 859 1131 1111 1211; x_wconf 85' lang='lat' dir='ltr'><strong>obedientiam,</strong></span> <span class='ocrx_word' id='word_1_107' title='bbox 1162 1129 1319 1199; x_wconf 82' lang='lat' dir='ltr'><strong>iecorum</strong></span> <span class='ocrx_word' id='word_1_108' title='bbox 1342 1154 1418 1199; x_wconf 91' lang='lat' dir='ltr'><strong>non</strong></span> <span class='ocrx_word' id='word_1_109' title='bbox 1435 1131 1687 1221; x_wconf 91' lang='lat' dir='ltr'><strong>praevalebunt</strong></span> <span class='ocrx_word' id='word_1_110' title='bbox 1704 1132 1873 1200; x_wconf 89' lang='lat' dir='ltr'><strong>adversus</strong></span> <span class='ocrx_word' id='word_1_111' title='bbox 1889 1153 1984 1206; x_wconf 70' lang='lat' dir='ltr'><strong>mm.</strong></span> <span class='ocrx_word' id='word_1_112' title='bbox 2035 1128 2137 1223; x_wconf 86' lang='lat' dir='ltr'><strong>ltaque</strong></span> 
     </span>
     <span class='ocr_line' id='line_1_10' title="bbox 48 1227 2137 1323; baseline -0.004 -13"><span class='ocrx_word' id='word_1_113' title='bbox 48 1266 54 1274; x_wconf 93' lang='lat'>·</span> <span class='ocrx_word' id='word_1_114' title='bbox 124 1239 221 1310; x_wconf 88' lang='lat' dir='ltr'><strong>etita</strong></span> <span class='ocrx_word' id='word_1_115' title='bbox 236 1258 382 1314; x_wconf 90' lang='lat' dir='ltr'><strong>ornare,</strong></span> <span class='ocrx_word' id='word_1_116' title='bbox 408 1247 450 1305; x_wconf 90' lang='lat' dir='ltr'><strong>ut</strong></span> <span class='ocrx_word' id='word_1_117' title='bbox 463 1234 595 1304; x_wconf 88' lang='lat' dir='ltr'><strong>iudicet</strong></span> <span class='ocrx_word' id='word_1_118' title='bbox 610 1256 646 1302; x_wconf 94' lang='lat' dir='ltr'><strong>se</strong></span> <span class='ocrx_word' id='word_1_119' title='bbox 660 1227 798 1302; x_wconf 91' lang='lat' dir='ltr'><strong>honore</strong></span> <span class='ocrx_word' id='word_1_120' title='bbox 813 1233 904 1302; x_wconf 83' lang='lat' dir='ltr'><strong>affici</strong></span> <span class='ocrx_word' id='word_1_121' title='bbox 920 1228 988 1303; x_wconf 90' lang='lat' dir='ltr'><strong>hoc</strong></span> <span class='ocrx_word' id='word_1_122' title='bbox 1003 1232 1112 1317; x_wconf 92' lang='lat' dir='ltr'><strong>cultu,</strong></span> <span class='ocrx_word' id='word_1_123' title='bbox 1162 1227 1222 1300; x_wconf 92' lang='lat' dir='ltr'><strong>hic</strong></span> <span class='ocrx_word' id='word_1_124' title='bbox 1245 1232 1438 1302; x_wconf 85' lang='lat' dir='ltr'><strong>versiculus</strong></span> <span class='ocrx_word' id='word_1_125' title='bbox 1459 1231 1627 1323; x_wconf 88' lang='lat' dir='ltr'><strong>proponit</strong></span> <span class='ocrx_word' id='word_1_126' title='bbox 1649 1231 1968 1302; x_wconf 85' lang='lat' dir='ltr'><strong>comminationem</strong></span> <span class='ocrx_word' id='word_1_127' title='bbox 1987 1232 2100 1323; x_wconf 89' lang='lat' dir='ltr'><strong>impiis</strong></span> <span class='ocrx_word' id='word_1_128' title='bbox 2114 1246 2137 1303; x_wconf 86' lang='lat' dir='ltr'><strong>et</strong></span> 
     </span>
     <span class='ocr_line' id='line_1_11' title="bbox 124 1329 2137 1426; baseline -0.003 -16"><span class='ocrx_word' id='word_1_129' title='bbox 124 1354 160 1410; x_wconf 90' lang='lat' dir='ltr'><strong>et</strong></span> <span class='ocrx_word' id='word_1_130' title='bbox 178 1338 263 1408; x_wconf 92' lang='lat' dir='ltr'><strong>velit</strong></span> <span class='ocrx_word' id='word_1_131' title='bbox 279 1337 457 1420; x_wconf 86' lang='lat' dir='ltr'><strong>invocari,</strong></span> <span class='ocrx_word' id='word_1_132' title='bbox 483 1349 516 1404; x_wconf 94' lang='lat' dir='ltr'><strong>et</strong></span> <span class='ocrx_word' id='word_1_133' title='bbox 532 1335 708 1404; x_wconf 88' lang='lat' dir='ltr'><strong>affuturus</strong></span> <span class='ocrx_word' id='word_1_134' title='bbox 723 1334 769 1404; x_wconf 92' lang='lat' dir='ltr'><strong>sit</strong></span> <span class='ocrx_word' id='word_1_135' title='bbox 782 1334 887 1403; x_wconf 88' lang='lat' dir='ltr'><strong>nobis</strong></span> <span class='ocrx_word' id='word_1_136' title='bbox 902 1333 941 1403; x_wconf 93' lang='lat' dir='ltr'><strong>in</strong></span> <span class='ocrx_word' id='word_1_137' title='bbox 956 1329 1012 1402; x_wconf 91' lang='lat' dir='ltr'><strong>his</strong></span> <span class='ocrx_word' id='word_1_138' title='bbox 1027 1357 1111 1421; x_wconf 90' lang='lat' dir='ltr'><strong>ago·</strong></span> <span class='ocrx_word' id='word_1_139' title='bbox 1163 1333 1456 1422; x_wconf 87' lang='lat' dir='ltr'><strong>persecutoribus.</strong></span> <span class='ocrx_word' id='word_1_140' title='bbox 1506 1331 1647 1405; x_wconf 88' lang='lat' dir='ltr'><strong>Rursus</strong></span> <span class='ocrx_word' id='word_1_141' title='bbox 1659 1333 1763 1402; x_wconf 89' lang='lat' dir='ltr'><strong>etiam</strong></span> <span class='ocrx_word' id='word_1_142' title='bbox 1778 1334 1990 1404; x_wconf 82' lang='lat' dir='ltr'><strong>consolatur</strong></span> <span class='ocrx_word' id='word_1_143' title='bbox 2005 1334 2088 1426; x_wconf 84' lang='lat' dir='ltr'><strong>pios,</strong></span> <span class='ocrx_word' id='word_1_144' title='bbox 2109 1346 2137 1404; x_wconf 87' lang='lat' dir='ltr'><strong>ut</strong></span> 
     </span>
     <span class='ocr_line' id='line_1_12' title="bbox 125 1433 2137 1524; baseline -0.003 -14"><span class='ocrx_word' id='word_1_145' title='bbox 125 1438 257 1510; x_wconf 84' lang='lat' dir='ltr'><strong>nibus?</strong></span> <span class='ocrx_word' id='word_1_146' title='bbox 295 1435 393 1507; x_wconf 88' lang='lat' dir='ltr'><strong>Haec</strong></span> <span class='ocrx_word' id='word_1_147' title='bbox 409 1437 527 1506; x_wconf 91' lang='lat' dir='ltr'><strong>omnia</strong></span> <span class='ocrx_word' id='word_1_148' title='bbox 545 1435 865 1524; x_wconf 87' lang='lat' dir='ltr'><strong>significatnomen</strong></span> <span class='ocrx_word' id='word_1_149' title='bbox 881 1433 1112 1507; x_wconf 85' lang='lat' dir='ltr'><strong>Sacrificium.</strong></span> <span class='ocrx_word' id='word_1_150' title='bbox 1164 1434 1276 1503; x_wconf 85' lang='lat' dir='ltr'><strong>sciant</strong></span> <span class='ocrx_word' id='word_1_151' title='bbox 1298 1457 1334 1502; x_wconf 89' lang='lat' dir='ltr'><strong>se</strong></span> <span class='ocrx_word' id='word_1_152' title='bbox 1351 1435 1491 1505; x_wconf 83' lang='lat' dir='ltr'><strong>delendi</strong></span> <span class='ocrx_word' id='word_1_153' title='bbox 1512 1448 1546 1504; x_wconf 91' lang='lat' dir='ltr'><strong>et</strong></span> <span class='ocrx_word' id='word_1_154' title='bbox 1560 1434 1692 1504; x_wconf 89' lang='lat' dir='ltr'><strong>servari</strong></span> <span class='ocrx_word' id='word_1_155' title='bbox 1707 1447 1829 1505; x_wconf 90' lang='lat' dir='ltr'><strong>contra</strong></span> <span class='ocrx_word' id='word_1_156' title='bbox 1844 1434 1987 1505; x_wconf 91' lang='lat' dir='ltr'><strong>diaboli</strong></span> <span class='ocrx_word' id='word_1_157' title='bbox 2003 1449 2039 1506; x_wconf 90' lang='lat' dir='ltr'><strong>et</strong></span> <span class='ocrx_word' id='word_1_158' title='bbox 2050 1458 2137 1504; x_wconf 88' lang='lat' dir='ltr'><strong>mun·</strong></span> 
     </span>
     <span class='ocr_line' id='line_1_13' title="bbox 127 1533 2137 1630; baseline -0.001 -21"><span class='ocrx_word' id='word_1_159' title='bbox 127 1539 249 1630; x_wconf 82' lang='lat' dir='ltr'><strong>Quare</strong></span> <span class='ocrx_word' id='word_1_160' title='bbox 271 1561 350 1608; x_wconf 89' lang='lat' dir='ltr'><strong>cum</strong></span> <span class='ocrx_word' id='word_1_161' title='bbox 375 1538 413 1606; x_wconf 92' lang='lat' dir='ltr'><strong>iu</strong></span> <span class='ocrx_word' id='word_1_162' title='bbox 437 1537 535 1606; x_wconf 91' lang='lat' dir='ltr'><strong>omni</strong></span> <span class='ocrx_word' id='word_1_163' title='bbox 558 1537 649 1621; x_wconf 90' lang='lat' dir='ltr'><strong>vita,</strong></span> <span class='ocrx_word' id='word_1_164' title='bbox 675 1550 750 1606; x_wconf 92' lang='lat' dir='ltr'><strong>tum</strong></span> <span class='ocrx_word' id='word_1_165' title='bbox 774 1560 858 1606; x_wconf 89' lang='lat' dir='ltr'><strong>vero</strong></span> <span class='ocrx_word' id='word_1_166' title='bbox 882 1536 1111 1606; x_wconf 88' lang='lat' dir='ltr'><strong>inadllictio·</strong></span> <span class='ocrx_word' id='word_1_167' title='bbox 1163 1535 1200 1603; x_wconf 92' lang='lat' dir='ltr'><strong>di</strong></span> <span class='ocrx_word' id='word_1_168' title='bbox 1219 1534 1425 1626; x_wconf 88' lang='lat' dir='ltr'><strong>potentiam.</strong></span> <span class='ocrx_word' id='word_1_169' title='bbox 1466 1533 1544 1605; x_wconf 83' lang='lat' dir='ltr'><strong>Hac</strong></span> <span class='ocrx_word' id='word_1_170' title='bbox 1558 1536 1799 1607; x_wconf 86' lang='lat' dir='ltr'><strong>consolatione</strong></span> <span class='ocrx_word' id='word_1_171' title='bbox 1813 1537 1882 1627; x_wconf 88' lang='lat' dir='ltr'><strong>piis</strong></span> <span class='ocrx_word' id='word_1_172' title='bbox 1897 1537 2055 1607; x_wconf 84' lang='lat' dir='ltr'><strong>maxime</strong></span> <span class='ocrx_word' id='word_1_173' title='bbox 2067 1560 2137 1628; x_wconf 89' lang='lat' dir='ltr'><strong>opus</strong></span> 
     </span>
     <span class='ocr_line' id='line_1_14' title="bbox 125 1631 2137 1728; baseline -0.001 -18"><span class='ocrx_word' id='word_1_174' title='bbox 125 1641 234 1711; x_wconf 89' lang='lat' dir='ltr'><strong>nibus</strong></span> <span class='ocrx_word' id='word_1_175' title='bbox 255 1635 507 1708; x_wconf 70' lang='lat' dir='ltr'><strong>habeamus&#39;in</strong></span> <span class='ocrx_word' id='word_1_176' title='bbox 534 1651 722 1728; x_wconf 88' lang='lat' dir='ltr'><strong>conspectu</strong></span> <span class='ocrx_word' id='word_1_177' title='bbox 743 1631 837 1708; x_wconf 90' lang='lat' dir='ltr'><strong>hanc</strong></span> <span class='ocrx_word' id='word_1_178' title='bbox 851 1638 1050 1708; x_wconf 90' lang='lat' dir='ltr'><strong>doctrinam</strong></span> <span class='ocrx_word' id='word_1_179' title='bbox 1068 1640 1113 1705; x_wconf 90' lang='lat' dir='ltr'><strong>de</strong></span> <span class='ocrx_word' id='word_1_180' title='bbox 1164 1635 1280 1706; x_wconf 87' lang='lat' dir='ltr'><strong>estin</strong></span> <span class='ocrx_word' id='word_1_181' title='bbox 1303 1649 1399 1706; x_wconf 90' lang='lat' dir='ltr'><strong>tanta</strong></span> <span class='ocrx_word' id='word_1_182' title='bbox 1426 1636 1632 1709; x_wconf 85' lang='lat' dir='ltr'><strong>infirmitate</strong></span> <span class='ocrx_word' id='word_1_183' title='bbox 1652 1632 1841 1710; x_wconf 82' lang='lat' dir='ltr'><strong>Ecclesiae.</strong></span> <span class='ocrx_word' id='word_1_184' title='bbox 1903 1636 2037 1728; x_wconf 86' lang='lat' dir='ltr'><strong>Qualis</strong></span> <span class='ocrx_word' id='word_1_185' title='bbox 2061 1638 2137 1708; x_wconf 87' lang='lat' dir='ltr'><strong>enin</strong></span> 
     </span>
     <span class='ocr_line' id='line_1_15' title="bbox 126 1735 2139 1832; baseline -0.002 -20"><span class='ocrx_word' id='word_1_186' title='bbox 126 1739 323 1812; x_wconf 88' lang='lat' dir='ltr'><strong>sacerdotio</strong></span> <span class='ocrx_word' id='word_1_187' title='bbox 340 1739 573 1809; x_wconf 84' lang='lat' dir='ltr'><strong>et&#39;sacrificio.</strong></span> <span class='ocrx_word' id='word_1_188' title='bbox 628 1737 774 1808; x_wconf 86' lang='lat' dir='ltr'><strong>Necesse</strong></span> <span class='ocrx_word' id='word_1_189' title='bbox 790 1753 841 1809; x_wconf 91' lang='lat' dir='ltr'><strong>est</strong></span> <span class='ocrx_word' id='word_1_190' title='bbox 857 1740 1028 1831; x_wconf 87' lang='lat' dir='ltr'><strong>populum</strong></span> <span class='ocrx_word' id='word_1_191' title='bbox 1044 1735 1112 1808; x_wconf 89' lang='lat' dir='ltr'><strong>Dei</strong></span> <span class='ocrx_word' id='word_1_192' title='bbox 1163 1737 1314 1827; x_wconf 90' lang='lat' dir='ltr'><strong>species,</strong></span> <span class='ocrx_word' id='word_1_193' title='bbox 1352 1761 1442 1831; x_wconf 90' lang='lat' dir='ltr'><strong>qnae</strong></span> <span class='ocrx_word' id='word_1_194' title='bbox 1476 1738 1632 1829; x_wconf 87' lang='lat' dir='ltr'><strong>potentia</strong></span> <span class='ocrx_word' id='word_1_195' title='bbox 1660 1752 1712 1810; x_wconf 89' lang='lat' dir='ltr'><strong>est</strong></span> <span class='ocrx_word' id='word_1_196' title='bbox 1738 1736 1941 1824; x_wconf 86' lang='lat' dir='ltr'><strong>Ecclesiae,</strong></span> <span class='ocrx_word' id='word_1_197' title='bbox 1982 1751 2139 1832; x_wconf 86' lang='lat' dir='ltr'><strong>quaeest</strong></span> 
     </span>
     <span class='ocr_line' id='line_1_16' title="bbox 125 1837 2140 1934; baseline -0.001 -22"><span class='ocrx_word' id='word_1_198' title='bbox 125 1838 257 1912; x_wconf 86' lang='lat' dir='ltr'><strong>habere</strong></span> <span class='ocrx_word' id='word_1_199' title='bbox 285 1839 429 1933; x_wconf 87' lang='lat' dir='ltr'><strong>aliquod</strong></span> <span class='ocrx_word' id='word_1_200' title='bbox 458 1840 688 1925; x_wconf 85' lang='lat' dir='ltr'><strong>sacrificium,</strong></span> <span class='ocrx_word' id='word_1_201' title='bbox 720 1865 829 1934; x_wconf 89' lang='lat' dir='ltr'><strong>quare</strong></span> <span class='ocrx_word' id='word_1_202' title='bbox 855 1863 929 1908; x_wconf 90' lang='lat' dir='ltr'><strong>non</strong></span> <span class='ocrx_word' id='word_1_203' title='bbox 955 1839 1112 1929; x_wconf 80' lang='lat' dir='ltr'><strong>defugia·</strong></span> <span class='ocrx_word' id='word_1_204' title='bbox 1164 1837 1309 1928; x_wconf 86' lang='lat' dir='ltr'><strong>exiguus</strong></span> <span class='ocrx_word' id='word_1_205' title='bbox 1329 1851 1466 1926; x_wconf 90' lang='lat' dir='ltr'><strong>coetus,</strong></span> <span class='ocrx_word' id='word_1_206' title='bbox 1492 1838 1695 1924; x_wconf 87' lang='lat' dir='ltr'><strong>imbecillis,</strong></span> <span class='ocrx_word' id='word_1_207' title='bbox 1719 1854 1755 1910; x_wconf 90' lang='lat' dir='ltr'><strong>et</strong></span> <span class='ocrx_word' id='word_1_208' title='bbox 1775 1863 1969 1930; x_wconf 89' lang='lat' dir='ltr'><strong>oppressus</strong></span> <span class='ocrx_word' id='word_1_209' title='bbox 1989 1840 2140 1910; x_wconf 89' lang='lat' dir='ltr'><strong>omnibus</strong></span> 
     </span>
     <span class='ocr_line' id='line_1_17' title="bbox 41 1936 2140 2035; baseline -0.001 -22"><span class='ocrx_word' id='word_1_210' title='bbox 41 1939 42 1942; x_wconf 45' lang='lat'>&#39;</span> <span class='ocrx_word' id='word_1_211' title='bbox 127 1966 226 2028; x_wconf 88' lang='lat' dir='ltr'><strong>mus,</strong></span> <span class='ocrx_word' id='word_1_212' title='bbox 258 1941 345 2035; x_wconf 92' lang='lat' dir='ltr'><strong>quin</strong></span> <span class='ocrx_word' id='word_1_213' title='bbox 370 1939 447 2010; x_wconf 91' lang='lat' dir='ltr'><strong>Deo</strong></span> <span class='ocrx_word' id='word_1_214' title='bbox 468 1956 682 2032; x_wconf 90' lang='lat' dir='ltr'><strong>praestemus</strong></span> <span class='ocrx_word' id='word_1_215' title='bbox 705 1936 773 2011; x_wconf 93' lang='lat' dir='ltr'><strong>hoc</strong></span> <span class='ocrx_word' id='word_1_216' title='bbox 796 1955 957 2012; x_wconf 88' lang='lat' dir='ltr'><strong>nostrum</strong></span> <span class='ocrx_word' id='word_1_217' title='bbox 982 1940 1112 2009; x_wconf 84' lang='lat' dir='ltr'><strong>sacrifi·</strong></span> <span class='ocrx_word' id='word_1_218' title='bbox 1164 1939 1445 2010; x_wconf 76' lang='lat' dir='ltr'><strong>calamitatibus?</strong></span> <span class='ocrx_word' id='word_1_219' title='bbox 1494 1939 1588 2011; x_wconf 92' lang='lat' dir='ltr'><strong>Huic</strong></span> <span class='ocrx_word' id='word_1_220' title='bbox 1601 1964 1639 2011; x_wconf 89' lang='lat' dir='ltr'><strong>se</strong></span> <span class='ocrx_word' id='word_1_221' title='bbox 1653 1941 1800 2032; x_wconf 88' lang='lat' dir='ltr'><strong>opponit</strong></span> <span class='ocrx_word' id='word_1_222' title='bbox 1814 1942 2005 2028; x_wconf 89' lang='lat' dir='ltr'><strong>diabolus,</strong></span> <span class='ocrx_word' id='word_1_223' title='bbox 2028 1942 2140 2012; x_wconf 90' lang='lat' dir='ltr'><strong>deinde</strong></span> 
     </span>
     <span class='ocr_line' id='line_1_18' title="bbox 127 2040 2140 2133; baseline -0.001 -19"><span class='ocrx_word' id='word_1_224' title='bbox 127 2043 241 2124; x_wconf 89' lang='lat' dir='ltr'><strong>cium,</strong></span> <span class='ocrx_word' id='word_1_225' title='bbox 268 2040 432 2112; x_wconf 85' lang='lat' dir='ltr'><strong>videlicet</strong></span> <span class='ocrx_word' id='word_1_226' title='bbox 447 2041 664 2114; x_wconf 83' lang='lat' dir='ltr'><strong>adflictiones</strong></span> <span class='ocrx_word' id='word_1_227' title='bbox 678 2042 783 2112; x_wconf 88' lang='lat' dir='ltr'><strong>nobis</strong></span> <span class='ocrx_word' id='word_1_228' title='bbox 796 2041 997 2133; x_wconf 86' lang='lat' dir='ltr'><strong>impositas,</strong></span> <span class='ocrx_word' id='word_1_229' title='bbox 1022 2055 1056 2112; x_wconf 88' lang='lat' dir='ltr'><strong>et</strong></span> <span class='ocrx_word' id='word_1_230' title='bbox 1073 2041 1111 2109; x_wconf 93' lang='lat' dir='ltr'><strong>in</strong></span> <span class='ocrx_word' id='word_1_231' title='bbox 1164 2040 1329 2111; x_wconf 85' lang='lat' dir='ltr'><strong>universa</strong></span> <span class='ocrx_word' id='word_1_232' title='bbox 1359 2041 1487 2111; x_wconf 89' lang='lat' dir='ltr'><strong>mundi</strong></span> <span class='ocrx_word' id='word_1_233' title='bbox 1517 2043 1685 2133; x_wconf 87' lang='lat' dir='ltr'><strong>potentia.</strong></span> <span class='ocrx_word' id='word_1_234' title='bbox 1750 2040 1880 2112; x_wconf 88' lang='lat' dir='ltr'><strong>Tantis</strong></span> <span class='ocrx_word' id='word_1_235' title='bbox 1905 2042 2049 2114; x_wconf 89' lang='lat' dir='ltr'><strong>viribus</strong></span> <span class='ocrx_word' id='word_1_236' title='bbox 2068 2042 2140 2113; x_wconf 80' lang='lat' dir='ltr'><strong>resi·</strong></span> 
     </span>
     <span class='ocr_line' id='line_1_19' title="bbox 127 2139 2139 2229; baseline -0 -15"><span class='ocrx_word' id='word_1_237' title='bbox 127 2139 185 2214; x_wconf 88' lang='lat' dir='ltr'><strong>his</strong></span> <span class='ocrx_word' id='word_1_238' title='bbox 204 2165 425 2214; x_wconf 78' lang='lat' dir='ltr'><strong>exerceamus</strong></span> <span class='ocrx_word' id='word_1_239' title='bbox 445 2143 548 2213; x_wconf 85' lang='lat' dir='ltr'><strong>fidem</strong></span> <span class='ocrx_word' id='word_1_240' title='bbox 564 2158 600 2215; x_wconf 91' lang='lat' dir='ltr'><strong>et</strong></span> <span class='ocrx_word' id='word_1_241' title='bbox 614 2143 894 2229; x_wconf 89' lang='lat' dir='ltr'><strong>invocationem,</strong></span> <span class='ocrx_word' id='word_1_242' title='bbox 919 2142 1009 2214; x_wconf 88' lang='lat' dir='ltr'><strong>sicut</strong></span> <span class='ocrx_word' id='word_1_243' title='bbox 1025 2142 1111 2211; x_wconf 87' lang='lat' dir='ltr'><strong>scri-</strong></span> <span class='ocrx_word' id='word_1_244' title='bbox 1165 2154 1273 2226; x_wconf 88' lang='lat' dir='ltr'><strong>stere,</strong></span> <span class='ocrx_word' id='word_1_245' title='bbox 1297 2144 1438 2213; x_wconf 90' lang='lat' dir='ltr'><strong>vincere</strong></span> <span class='ocrx_word' id='word_1_246' title='bbox 1452 2142 1601 2214; x_wconf 88' lang='lat' dir='ltr'><strong>insidias</strong></span> <span class='ocrx_word' id='word_1_247' title='bbox 1614 2142 1747 2213; x_wconf 86' lang='lat' dir='ltr'><strong>diaboli</strong></span> <span class='ocrx_word' id='word_1_248' title='bbox 1755 2192 1767 2227; x_wconf 92' lang='lat'><strong>,</strong></span> <span class='ocrx_word' id='word_1_249' title='bbox 1794 2145 1953 2215; x_wconf 88' lang='lat' dir='ltr'><strong>retinere</strong></span> <span class='ocrx_word' id='word_1_250' title='bbox 1964 2144 2139 2214; x_wconf 76' lang='lat' dir='ltr'><strong>confessio-</strong></span> 
     </span>
     <span class='ocr_line' id='line_1_20' title="bbox 127 2240 2137 2338; baseline -0.002 -21"><span class='ocrx_word' id='word_1_251' title='bbox 127 2259 228 2338; x_wconf 91' lang='lat' dir='ltr'><strong>ptum</strong></span> <span class='ocrx_word' id='word_1_252' title='bbox 251 2257 319 2315; x_wconf 88' lang='lat' dir='ltr'><strong>est:</strong></span> <span class='ocrx_word' id='word_1_253' title='bbox 348 2240 477 2313; x_wconf 89' lang='lat' dir='ltr'><strong>lnvoca</strong></span> <span class='ocrx_word' id='word_1_254' title='bbox 501 2269 557 2312; x_wconf 92' lang='lat' dir='ltr'><strong>me</strong></span> <span class='ocrx_word' id='word_1_255' title='bbox 580 2245 618 2314; x_wconf 87' lang='lat' dir='ltr'><strong>in</strong></span> <span class='ocrx_word' id='word_1_256' title='bbox 632 2245 691 2316; x_wconf 88' lang='lat' dir='ltr'><strong>die</strong></span> <span class='ocrx_word' id='word_1_257' title='bbox 705 2244 967 2336; x_wconf 87' lang='lat' dir='ltr'><strong>tribulationis,</strong></span> <span class='ocrx_word' id='word_1_258' title='bbox 993 2256 1028 2314; x_wconf 92' lang='lat' dir='ltr'><strong>et</strong></span> <span class='ocrx_word' id='word_1_259' title='bbox 1041 2244 1111 2313; x_wconf 89' lang='lat' dir='ltr'><strong>eri·</strong></span> <span class='ocrx_word' id='word_1_260' title='bbox 1164 2267 1248 2313; x_wconf 89' lang='lat' dir='ltr'><strong>nem</strong></span> <span class='ocrx_word' id='word_1_261' title='bbox 1263 2242 1357 2315; x_wconf 91' lang='lat' dir='ltr'><strong>inter</strong></span> <span class='ocrx_word' id='word_1_262' title='bbox 1371 2256 1426 2315; x_wconf 89' lang='lat' dir='ltr'><strong>tot</strong></span> <span class='ocrx_word' id='word_1_263' title='bbox 1439 2267 1597 2330; x_wconf 91' lang='lat' dir='ltr'><strong>errores,</strong></span> <span class='ocrx_word' id='word_1_264' title='bbox 1622 2257 1658 2315; x_wconf 91' lang='lat' dir='ltr'><strong>et</strong></span> <span class='ocrx_word' id='word_1_265' title='bbox 1674 2257 1770 2316; x_wconf 87' lang='lat' dir='ltr'><strong>tanta</strong></span> <span class='ocrx_word' id='word_1_266' title='bbox 1787 2244 1950 2337; x_wconf 89' lang='lat' dir='ltr'><strong>pericula</strong></span> <span class='ocrx_word' id='word_1_267' title='bbox 1967 2259 2004 2317; x_wconf 92' lang='lat' dir='ltr'><strong>et</strong></span> <span class='ocrx_word' id='word_1_268' title='bbox 2019 2243 2137 2337; x_wconf 89' lang='lat' dir='ltr'><strong>snppli-</strong></span> 
     </span>
     <span class='ocr_line' id='line_1_21' title="bbox 127 2339 2137 2441; baseline -0.001 -25"><span class='ocrx_word' id='word_1_269' title='bbox 127 2347 223 2441; x_wconf 89' lang='lat' dir='ltr'><strong>piam</strong></span> <span class='ocrx_word' id='word_1_270' title='bbox 240 2359 294 2430; x_wconf 90' lang='lat' dir='ltr'><strong>te,</strong></span> <span class='ocrx_word' id='word_1_271' title='bbox 319 2357 354 2415; x_wconf 91' lang='lat' dir='ltr'><strong>et</strong></span> <span class='ocrx_word' id='word_1_272' title='bbox 368 2346 580 2435; x_wconf 87' lang='lat' dir='ltr'><strong>glorificabis</strong></span> <span class='ocrx_word' id='word_1_273' title='bbox 595 2371 652 2415; x_wconf 91' lang='lat' dir='ltr'><strong>me</strong></span> <span class='ocrx_word' id='word_1_274' title='bbox 668 2360 731 2416; x_wconf 88' lang='lat' dir='ltr'><strong>etc.</strong></span> <span class='ocrx_word' id='word_1_275' title='bbox 1164 2344 1239 2430; x_wconf 88' lang='lat' dir='ltr'><strong>eia,</strong></span> <span class='ocrx_word' id='word_1_276' title='bbox 1271 2368 1346 2414; x_wconf 91' lang='lat' dir='ltr'><strong>non</strong></span> <span class='ocrx_word' id='word_1_277' title='bbox 1369 2360 1421 2416; x_wconf 88' lang='lat' dir='ltr'><strong>est</strong></span> <span class='ocrx_word' id='word_1_278' title='bbox 1441 2339 1619 2417; x_wconf 90' lang='lat' dir='ltr'><strong>hnmanae</strong></span> <span class='ocrx_word' id='word_1_279' title='bbox 1639 2344 1830 2436; x_wconf 89' lang='lat' dir='ltr'><strong>potentiae.</strong></span> <span class='ocrx_word' id='word_1_280' title='bbox 1888 2344 1978 2417; x_wconf 90' lang='lat' dir='ltr'><strong>Ideo</strong></span> <span class='ocrx_word' id='word_1_281' title='bbox 2000 2343 2137 2417; x_wconf 80' lang='lat' dir='ltr'><strong>Ecclesia</strong></span> 
     </span>
     <span class='ocr_line' id='line_1_22' title="bbox 229 2440 2137 2527; baseline -0.001 -10"><span class='ocrx_word' id='word_1_282' title='bbox 229 2442 308 2517; x_wconf 88' lang='lat' dir='ltr'><strong>Etsi</strong></span> <span class='ocrx_word' id='word_1_283' title='bbox 329 2458 446 2517; x_wconf 88' lang='lat' dir='ltr'><strong>antem</strong></span> <span class='ocrx_word' id='word_1_284' title='bbox 461 2440 546 2516; x_wconf 91' lang='lat' dir='ltr'><strong>haec</strong></span> <span class='ocrx_word' id='word_1_285' title='bbox 561 2447 721 2518; x_wconf 89' lang='lat' dir='ltr'><strong>doctrina</strong></span> <span class='ocrx_word' id='word_1_286' title='bbox 738 2448 784 2516; x_wconf 91' lang='lat' dir='ltr'><strong>de</strong></span> <span class='ocrx_word' id='word_1_287' title='bbox 798 2445 994 2517; x_wconf 88' lang='lat' dir='ltr'><strong>sacerdotio</strong></span> <span class='ocrx_word' id='word_1_288' title='bbox 1008 2459 1042 2515; x_wconf 92' lang='lat' dir='ltr'><strong>et</strong></span> <span class='ocrx_word' id='word_1_289' title='bbox 1056 2467 1113 2514; x_wconf 90' lang='lat' dir='ltr'><strong>sa·</strong></span> <span class='ocrx_word' id='word_1_290' title='bbox 1165 2458 1337 2517; x_wconf 90' lang='lat' dir='ltr'><strong>sustentat</strong></span> <span class='ocrx_word' id='word_1_291' title='bbox 1357 2469 1395 2516; x_wconf 89' lang='lat' dir='ltr'><strong>se</strong></span> <span class='ocrx_word' id='word_1_292' title='bbox 1419 2441 1486 2516; x_wconf 91' lang='lat' dir='ltr'><strong>hac</strong></span> <span class='ocrx_word' id='word_1_293' title='bbox 1504 2447 1764 2527; x_wconf 88' lang='lat' dir='ltr'><strong>consolatione,</strong></span> <span class='ocrx_word' id='word_1_294' title='bbox 1790 2443 1974 2519; x_wconf 86' lang='lat' dir='ltr'><strong>Dominus</strong></span> <span class='ocrx_word' id='word_1_295' title='bbox 1988 2472 2009 2518; x_wconf 94' lang='lat' dir='ltr'><strong>a</strong></span> <span class='ocrx_word' id='word_1_296' title='bbox 2025 2445 2137 2519; x_wconf 82' lang='lat' dir='ltr'><strong>dextris</strong></span> 
     </span>
     <span class='ocr_line' id='line_1_23' title="bbox 127 2545 2135 2638; baseline -0.001 -20"><span class='ocrx_word' id='word_1_297' title='bbox 127 2547 281 2638; x_wconf 83' lang='lat' dir='ltr'><strong>crificia,</strong></span> <span class='ocrx_word' id='word_1_298' title='bbox 307 2571 381 2616; x_wconf 90' lang='lat' dir='ltr'><strong>non</strong></span> <span class='ocrx_word' id='word_1_299' title='bbox 404 2546 488 2617; x_wconf 88' lang='lat' dir='ltr'><strong>satis</strong></span> <span class='ocrx_word' id='word_1_300' title='bbox 511 2570 577 2637; x_wconf 91' lang='lat' dir='ltr'><strong>pro</strong></span> <span class='ocrx_word' id='word_1_301' title='bbox 595 2546 842 2637; x_wconf 89' lang='lat' dir='ltr'><strong>magnitudine</strong></span> <span class='ocrx_word' id='word_1_302' title='bbox 856 2546 1062 2638; x_wconf 80' lang='lat' dir='ltr'><strong>amplificari</strong></span> <span class='ocrx_word' id='word_1_303' title='bbox 1079 2558 1113 2616; x_wconf 89' lang='lat' dir='ltr'><strong>et</strong></span> <span class='ocrx_word' id='word_1_304' title='bbox 1165 2546 1256 2630; x_wconf 91' lang='lat' dir='ltr'><strong>tuis,</strong></span> <span class='ocrx_word' id='word_1_305' title='bbox 1280 2559 1320 2617; x_wconf 90' lang='lat' dir='ltr'><strong>ut</strong></span> <span class='ocrx_word' id='word_1_306' title='bbox 1339 2547 1452 2617; x_wconf 83' lang='lat' dir='ltr'><strong>sciant</strong></span> <span class='ocrx_word' id='word_1_307' title='bbox 1464 2569 1509 2617; x_wconf 87' lang='lat' dir='ltr'><strong>se</strong></span> <span class='ocrx_word' id='word_1_308' title='bbox 1522 2548 1696 2618; x_wconf 88' lang='lat' dir='ltr'><strong>divinitus</strong></span> <span class='ocrx_word' id='word_1_309' title='bbox 1711 2548 1782 2638; x_wconf 93' lang='lat' dir='ltr'><strong>tegi</strong></span> <span class='ocrx_word' id='word_1_310' title='bbox 1796 2561 1832 2618; x_wconf 92' lang='lat' dir='ltr'><strong>et</strong></span> <span class='ocrx_word' id='word_1_311' title='bbox 1846 2549 2025 2620; x_wconf 89' lang='lat' dir='ltr'><strong>adiuvari.</strong></span> <span class='ocrx_word' id='word_1_312' title='bbox 2071 2545 2135 2617; x_wconf 83' lang='lat' dir='ltr'><strong>llus</strong></span> 
     </span>
     <span class='ocr_line' id='line_1_24' title="bbox 127 2646 2134 2742; baseline -0 -23"><span class='ocrx_word' id='word_1_313' title='bbox 127 2647 250 2720; x_wconf 88' lang='lat' dir='ltr'><strong>ornari</strong></span> <span class='ocrx_word' id='word_1_314' title='bbox 281 2660 412 2739; x_wconf 90' lang='lat' dir='ltr'><strong>potest:</strong></span> <span class='ocrx_word' id='word_1_315' title='bbox 445 2660 564 2718; x_wconf 88' lang='lat' dir='ltr'><strong>tamen</strong></span> <span class='ocrx_word' id='word_1_316' title='bbox 591 2648 673 2742; x_wconf 89' lang='lat' dir='ltr'><strong>qnia</strong></span> <span class='ocrx_word' id='word_1_317' title='bbox 703 2649 911 2740; x_wconf 89' lang='lat' dir='ltr'><strong>praecipuos</strong></span> <span class='ocrx_word' id='word_1_318' title='bbox 935 2647 1031 2717; x_wconf 89' lang='lat' dir='ltr'><strong>locos</strong></span> <span class='ocrx_word' id='word_1_319' title='bbox 1053 2660 1113 2718; x_wconf 93' lang='lat' dir='ltr'><strong>ut·</strong></span> <span class='ocrx_word' id='word_1_320' title='bbox 1163 2648 1344 2735; x_wconf 88' lang='lat' dir='ltr'><strong>pertinent</strong></span> <span class='ocrx_word' id='word_1_321' title='bbox 1363 2646 1616 2739; x_wconf 91' lang='lat' dir='ltr'><strong>promissiones</strong></span> <span class='ocrx_word' id='word_1_322' title='bbox 1634 2648 1762 2740; x_wconf 87' lang='lat' dir='ltr'><strong>passim</strong></span> <span class='ocrx_word' id='word_1_323' title='bbox 1778 2650 1930 2720; x_wconf 84' lang='lat' dir='ltr'><strong>traditae</strong></span> <span class='ocrx_word' id='word_1_324' title='bbox 1946 2650 1987 2719; x_wconf 94' lang='lat' dir='ltr'><strong>in</strong></span> <span class='ocrx_word' id='word_1_325' title='bbox 2004 2649 2134 2740; x_wconf 88' lang='lat' dir='ltr'><strong>scriptu-</strong></span> 
     </span>
     <span class='ocr_line' id='line_1_25' title="bbox 127 2744 2133 2846; baseline -0 -27"><span class='ocrx_word' id='word_1_326' title='bbox 127 2771 267 2840; x_wconf 92' lang='lat' dir='ltr'><strong>cunque</strong></span> <span class='ocrx_word' id='word_1_327' title='bbox 291 2746 457 2840; x_wconf 84' lang='lat' dir='ltr'><strong>exposui,</strong></span> <span class='ocrx_word' id='word_1_328' title='bbox 481 2771 623 2840; x_wconf 77' lang='lat' dir='ltr'><strong>pergam</strong></span> <span class='ocrx_word' id='word_1_329' title='bbox 644 2751 689 2820; x_wconf 91' lang='lat' dir='ltr'><strong>ad</strong></span> <span class='ocrx_word' id='word_1_330' title='bbox 711 2749 869 2846; x_wconf 88' lang='lat' dir='ltr'><strong>reliquos</strong></span> <span class='ocrx_word' id='word_1_331' title='bbox 885 2771 1007 2819; x_wconf 88' lang='lat' dir='ltr'><strong>versus</strong></span> <span class='ocrx_word' id='word_1_332' title='bbox 1024 2771 1112 2819; x_wconf 90' lang='lat' dir='ltr'><strong>enu-</strong></span> <span class='ocrx_word' id='word_1_333' title='bbox 1164 2749 1228 2820; x_wconf 83' lang='lat' dir='ltr'><strong>ris.</strong></span> <span class='ocrx_word' id='word_1_334' title='bbox 1293 2745 1485 2819; x_wconf 87' lang='lat' dir='ltr'><strong>Zachariae</strong></span> <span class='ocrx_word' id='word_1_335' title='bbox 1499 2748 1553 2821; x_wconf 59' lang='lat' dir='ltr'><strong>h:</strong></span> <span class='ocrx_word' id='word_1_336' title='bbox 1593 2744 1672 2839; x_wconf 88' lang='lat' dir='ltr'><strong>Ego</strong></span> <span class='ocrx_word' id='word_1_337' title='bbox 1702 2773 1781 2830; x_wconf 90' lang='lat' dir='ltr'><strong>ero,</strong></span> <span class='ocrx_word' id='word_1_338' title='bbox 1823 2751 1944 2843; x_wconf 89' lang='lat' dir='ltr'><strong>inquit</strong></span> <span class='ocrx_word' id='word_1_339' title='bbox 1966 2748 2133 2831; x_wconf 83' lang='lat' dir='ltr'><strong>Dominus,</strong></span> 
     </span>
     <span class='ocr_line' id='line_1_26' title="bbox 126 2845 2131 2944; baseline -0.002 -24"><span class='ocrx_word' id='word_1_340' title='bbox 126 2851 327 2926; x_wconf 85' lang='lat' dir='ltr'><strong>meraudos.</strong></span> <span class='ocrx_word' id='word_1_341' title='bbox 381 2845 476 2919; x_wconf 93' lang='lat' dir='ltr'><strong>lllud</strong></span> <span class='ocrx_word' id='word_1_342' title='bbox 500 2874 613 2920; x_wconf 89' lang='lat' dir='ltr'><strong>unum</strong></span> <span class='ocrx_word' id='word_1_343' title='bbox 636 2864 774 2921; x_wconf 91' lang='lat' dir='ltr'><strong>tautum</strong></span> <span class='ocrx_word' id='word_1_344' title='bbox 799 2851 983 2935; x_wconf 87' lang='lat' dir='ltr'><strong>adiiciam,</strong></span> <span class='ocrx_word' id='word_1_345' title='bbox 1015 2852 1110 2944; x_wconf 91' lang='lat' dir='ltr'><strong>quod</strong></span> <span class='ocrx_word' id='word_1_346' title='bbox 1163 2871 1289 2920; x_wconf 88' lang='lat' dir='ltr'><strong>murus</strong></span> <span class='ocrx_word' id='word_1_347' title='bbox 1310 2849 1434 2939; x_wconf 88' lang='lat' dir='ltr'><strong>igneus</strong></span> <span class='ocrx_word' id='word_1_348' title='bbox 1452 2850 1490 2921; x_wconf 90' lang='lat' dir='ltr'><strong>in</strong></span> <span class='ocrx_word' id='word_1_349' title='bbox 1508 2850 1658 2922; x_wconf 88' lang='lat' dir='ltr'><strong>circuitu</strong></span> <span class='ocrx_word' id='word_1_350' title='bbox 1672 2873 1808 2921; x_wconf 85' lang='lat' dir='ltr'><strong>eorum.</strong></span> <span class='ocrx_word' id='word_1_351' title='bbox 1858 2850 1950 2921; x_wconf 88' lang='lat' dir='ltr'><strong>ltem</strong></span> <span class='ocrx_word' id='word_1_352' title='bbox 1965 2849 2131 2922; x_wconf 78' lang='lat' dir='ltr'><strong>Psatttt:</strong></span> 
     </span>
     <span class='ocr_line' id='line_1_27' title="bbox 127 2945 2130 3045; baseline -0.001 -23"><span class='ocrx_word' id='word_1_353' title='bbox 127 2953 172 3022; x_wconf 89' lang='lat' dir='ltr'><strong>de</strong></span> <span class='ocrx_word' id='word_1_354' title='bbox 204 2950 378 3021; x_wconf 84' lang='lat' dir='ltr'><strong>versiculo</strong></span> <span class='ocrx_word' id='word_1_355' title='bbox 411 2945 480 3020; x_wconf 90' lang='lat' dir='ltr'><strong>hoc</strong></span> <span class='ocrx_word' id='word_1_356' title='bbox 511 2951 630 3045; x_wconf 88' lang='lat' dir='ltr'><strong>inquit</strong></span> <span class='ocrx_word' id='word_1_357' title='bbox 668 2951 713 3022; x_wconf 94' lang='lat' dir='ltr'><strong>D.</strong></span> <span class='ocrx_word' id='word_1_358' title='bbox 747 2950 881 3024; x_wconf 94' lang='lat' dir='ltr'><strong>Doctor</strong></span> <span class='ocrx_word' id='word_1_359' title='bbox 913 2950 1111 3022; x_wconf 88' lang='lat' dir='ltr'><strong>Martinus:</strong></span> <span class='ocrx_word' id='word_1_360' title='bbox 1165 2950 1253 3021; x_wconf 90' lang='lat' dir='ltr'><strong>Tibi</strong></span> <span class='ocrx_word' id='word_1_361' title='bbox 1277 2951 1465 3024; x_wconf 88' lang='lat' dir='ltr'><strong>derelictus</strong></span> <span class='ocrx_word' id='word_1_362' title='bbox 1489 2965 1541 3025; x_wconf 90' lang='lat' dir='ltr'><strong>est</strong></span> <span class='ocrx_word' id='word_1_363' title='bbox 1563 2975 1715 3045; x_wconf 90' lang='lat' dir='ltr'><strong>pauper,</strong></span> <span class='ocrx_word' id='word_1_364' title='bbox 1746 2947 1911 3045; x_wconf 87' lang='lat' dir='ltr'><strong>orphano</strong></span> <span class='ocrx_word' id='word_1_365' title='bbox 1933 2967 1974 3024; x_wconf 94' lang='lat' dir='ltr'><strong>tu</strong></span> <span class='ocrx_word' id='word_1_366' title='bbox 1996 2951 2067 3024; x_wconf 89' lang='lat' dir='ltr'><strong>eris</strong></span> <span class='ocrx_word' id='word_1_367' title='bbox 2084 2951 2130 3020; x_wconf 82' lang='lat' dir='ltr'><strong>ad-</strong></span> 
     </span>
     <span class='ocr_line' id='line_1_28' title="bbox 125 3049 1272 3144; baseline 0.003 -20"><span class='ocrx_word' id='word_1_368' title='bbox 125 3049 274 3124; x_wconf 87' lang='lat' dir='ltr'><strong>Nullum</strong></span> <span class='ocrx_word' id='word_1_369' title='bbox 304 3051 373 3122; x_wconf 84' lang='lat' dir='ltr'><strong>sibi</strong></span> <span class='ocrx_word' id='word_1_370' title='bbox 400 3051 534 3125; x_wconf 83' lang='lat' dir='ltr'><strong>intuta</strong></span> <span class='ocrx_word' id='word_1_371' title='bbox 558 3051 740 3144; x_wconf 89' lang='lat' dir='ltr'><strong>Scriptura</strong></span> <span class='ocrx_word' id='word_1_372' title='bbox 762 3054 977 3123; x_wconf 90' lang='lat' dir='ltr'><strong>versiculum</strong></span> <span class='ocrx_word' id='word_1_373' title='bbox 999 3076 1111 3123; x_wconf 92' lang='lat' dir='ltr'><strong>unum</strong></span> <span class='ocrx_word' id='word_1_374' title='bbox 1163 3052 1272 3128; x_wconf 85' lang='lat' dir='ltr'><strong>intur.</strong></span> 
     </span>
     <span class='ocr_line' id='line_1_29' title="bbox 126 3150 2130 3250; baseline 0.002 -27"><span class='ocrx_word' id='word_1_375' title='bbox 126 3153 241 3224; x_wconf 91' lang='lat' dir='ltr'><strong>videri</strong></span> <span class='ocrx_word' id='word_1_376' title='bbox 261 3152 476 3241; x_wconf 89' lang='lat' dir='ltr'><strong>dulciorem,</strong></span> <span class='ocrx_word' id='word_1_377' title='bbox 502 3167 564 3225; x_wconf 92' lang='lat' dir='ltr'><strong>aut</strong></span> <span class='ocrx_word' id='word_1_378' title='bbox 582 3154 644 3249; x_wconf 90' lang='lat' dir='ltr'><strong>qui</strong></span> <span class='ocrx_word' id='word_1_379' title='bbox 659 3155 816 3226; x_wconf 87' lang='lat' dir='ltr'><strong>breviter</strong></span> <span class='ocrx_word' id='word_1_380' title='bbox 831 3168 964 3227; x_wconf 89' lang='lat' dir='ltr'><strong>tantam</strong></span> <span class='ocrx_word' id='word_1_381' title='bbox 979 3152 1111 3226; x_wconf 90' lang='lat' dir='ltr'><strong>doctri-</strong></span> <span class='ocrx_word' id='word_1_382' title='bbox 1266 3151 1330 3225; x_wconf 86' lang='lat' dir='ltr'><strong>Est</strong></span> <span class='ocrx_word' id='word_1_383' title='bbox 1356 3168 1474 3226; x_wconf 87' lang='lat' dir='ltr'><strong>autern</strong></span> <span class='ocrx_word' id='word_1_384' title='bbox 1504 3150 1682 3244; x_wconf 85' lang='lat' dir='ltr'><strong>emphasis</strong></span> <span class='ocrx_word' id='word_1_385' title='bbox 1709 3153 1748 3224; x_wconf 95' lang='lat' dir='ltr'><strong>in</strong></span> <span class='ocrx_word' id='word_1_386' title='bbox 1771 3155 1945 3246; x_wconf 90' lang='lat' dir='ltr'><strong>particula</strong></span> <span class='ocrx_word' id='word_1_387' title='bbox 1966 3170 2130 3250; x_wconf 83' lang='lat' dir='ltr'><strong>postreua,</strong></span> 
     </span>
     <span class='ocr_line' id='line_1_30' title="bbox 127 3251 2130 3348; baseline -0.002 -23"><span class='ocrx_word' id='word_1_388' title='bbox 127 3279 196 3325; x_wconf 90' lang='lat' dir='ltr'><strong>nae</strong></span> <span class='ocrx_word' id='word_1_389' title='bbox 217 3254 354 3347; x_wconf 90' lang='lat' dir='ltr'><strong>copiam</strong></span> <span class='ocrx_word' id='word_1_390' title='bbox 378 3255 583 3348; x_wconf 81' lang='lat' dir='ltr'><strong>complexus</strong></span> <span class='ocrx_word' id='word_1_391' title='bbox 598 3256 660 3340; x_wconf 88' lang='lat' dir='ltr'><strong>sit,</strong></span> <span class='ocrx_word' id='word_1_392' title='bbox 685 3270 726 3327; x_wconf 91' lang='lat' dir='ltr'><strong>ut</strong></span> <span class='ocrx_word' id='word_1_393' title='bbox 740 3251 799 3327; x_wconf 86' lang='lat' dir='ltr'><strong>hic</strong></span> <span class='ocrx_word' id='word_1_394' title='bbox 813 3279 950 3326; x_wconf 88' lang='lat' dir='ltr'><strong>versus:</strong></span> <span class='ocrx_word' id='word_1_395' title='bbox 978 3251 1112 3326; x_wconf 90' lang='lat' dir='ltr'><strong>luravit</strong></span> <span class='ocrx_word' id='word_1_396' title='bbox 1163 3257 1259 3348; x_wconf 91' lang='lat' dir='ltr'><strong>quod</strong></span> <span class='ocrx_word' id='word_1_397' title='bbox 1277 3254 1487 3327; x_wconf 88' lang='lat' dir='ltr'><strong>nominatim</strong></span> <span class='ocrx_word' id='word_1_398' title='bbox 1503 3254 1672 3346; x_wconf 86' lang='lat' dir='ltr'><strong>aitReges</strong></span> <span class='ocrx_word' id='word_1_399' title='bbox 1687 3257 1889 3347; x_wconf 90' lang='lat' dir='ltr'><strong>puniendos</strong></span> <span class='ocrx_word' id='word_1_400' title='bbox 1904 3280 1993 3343; x_wconf 88' lang='lat' dir='ltr'><strong>esse,</strong></span> <span class='ocrx_word' id='word_1_401' title='bbox 2015 3259 2049 3328; x_wconf 96' lang='lat' dir='ltr'><strong>id</strong></span> <span class='ocrx_word' id='word_1_402' title='bbox 2064 3281 2130 3327; x_wconf 75' lang='lat' dir='ltr'><strong>con</strong></span> 
     </span>
     <span class='ocr_line' id='line_1_31' title="bbox 126 3350 2130 3452; baseline -0 -25"><span class='ocrx_word' id='word_1_403' title='bbox 126 3350 322 3440; x_wconf 84' lang='lat' dir='ltr'><strong>Dominus,</strong></span> <span class='ocrx_word' id='word_1_404' title='bbox 348 3367 382 3426; x_wconf 88' lang='lat' dir='ltr'><strong>et</strong></span> <span class='ocrx_word' id='word_1_405' title='bbox 397 3379 472 3426; x_wconf 92' lang='lat' dir='ltr'><strong>non</strong></span> <span class='ocrx_word' id='word_1_406' title='bbox 487 3357 684 3449; x_wconf 91' lang='lat' dir='ltr'><strong>poenitebit</strong></span> <span class='ocrx_word' id='word_1_407' title='bbox 698 3381 798 3445; x_wconf 91' lang='lat' dir='ltr'><strong>eum,</strong></span> <span class='ocrx_word' id='word_1_408' title='bbox 824 3355 884 3430; x_wconf 89' lang='lat' dir='ltr'><strong>Tu</strong></span> <span class='ocrx_word' id='word_1_409' title='bbox 899 3381 937 3428; x_wconf 85' lang='lat' dir='ltr'><strong>es</strong></span> <span class='ocrx_word' id='word_1_410' title='bbox 951 3357 1113 3428; x_wconf 89' lang='lat' dir='ltr'><strong>sacerdos</strong></span> <span class='ocrx_word' id='word_1_411' title='bbox 1163 3358 1281 3427; x_wconf 89' lang='lat' dir='ltr'><strong>lirmat</strong></span> <span class='ocrx_word' id='word_1_412' title='bbox 1303 3359 1381 3448; x_wconf 89' lang='lat' dir='ltr'><strong>pios</strong></span> <span class='ocrx_word' id='word_1_413' title='bbox 1402 3371 1525 3428; x_wconf 90' lang='lat' dir='ltr'><strong>coutra</strong></span> <span class='ocrx_word' id='word_1_414' title='bbox 1549 3358 1774 3443; x_wconf 89' lang='lat' dir='ltr'><strong>scandalum,</strong></span> <span class='ocrx_word' id='word_1_415' title='bbox 1807 3360 1904 3452; x_wconf 89' lang='lat' dir='ltr'><strong>quod</strong></span> <span class='ocrx_word' id='word_1_416' title='bbox 1926 3359 1996 3429; x_wconf 86' lang='lat' dir='ltr'><strong>flos</strong></span> <span class='ocrx_word' id='word_1_417' title='bbox 2015 3355 2130 3438; x_wconf 86' lang='lat' dir='ltr'><strong>mnudi,</strong></span> 
     </span>
     <span class='ocr_line' id='line_1_32' title="bbox 127 3457 2131 3550; baseline -0.001 -23"><span class='ocrx_word' id='word_1_418' title='bbox 127 3457 167 3527; x_wconf 92' lang='lat' dir='ltr'><strong>in</strong></span> <span class='ocrx_word' id='word_1_419' title='bbox 181 3470 375 3529; x_wconf 89' lang='lat' dir='ltr'><strong>aeternum.</strong></span> <span class='ocrx_word' id='word_1_420' title='bbox 1164 3473 1199 3529; x_wconf 89' lang='lat' dir='ltr'><strong>et</strong></span> <span class='ocrx_word' id='word_1_421' title='bbox 1217 3458 1403 3548; x_wconf 83' lang='lat' dir='ltr'><strong>praecipue</strong></span> <span class='ocrx_word' id='word_1_422' title='bbox 1419 3459 1591 3548; x_wconf 89' lang='lat' dir='ltr'><strong>sapientia</strong></span> <span class='ocrx_word' id='word_1_423' title='bbox 1605 3473 1641 3530; x_wconf 93' lang='lat' dir='ltr'><strong>et</strong></span> <span class='ocrx_word' id='word_1_424' title='bbox 1654 3460 1811 3550; x_wconf 90' lang='lat' dir='ltr'><strong>potentia</strong></span> <span class='ocrx_word' id='word_1_425' title='bbox 1827 3460 2003 3550; x_wconf 88' lang='lat' dir='ltr'><strong>praediti,</strong></span> <span class='ocrx_word' id='word_1_426' title='bbox 2026 3461 2131 3530; x_wconf 87' lang='lat' dir='ltr'><strong>sdver-</strong></span> 
     </span>
     <span class='ocr_line' id='line_1_33' title="bbox 479 3553 2131 3751; baseline -0.002 -20.613"><span class='ocrx_word' id='word_1_427' title='bbox 479 3649 504 3700; x_wconf 60' lang='grc' dir='ltr'><strong><em>α</em></strong></span> <span class='ocrx_word' id='word_1_428' title='bbox 522 3625 670 3704; x_wconf 67' lang='lat' dir='ltr'><strong>a...</strong></span> <span class='ocrx_word' id='word_1_429' title='bbox 1050 3628 1115 3704; x_wconf 70' lang='lat' dir='ltr'><strong>a</strong></span> <span class='ocrx_word' id='word_1_430' title='bbox 1147 3555 1625 3732; x_wconf 56' lang='lat' dir='ltr'><strong>:euastata</strong></span> <span class='ocrx_word' id='word_1_431' title='bbox 1640 3553 2131 3751; x_wconf 65' lang='lat' dir='ltr'><strong>euaaume</strong></span> 
     </span>
     <span class='ocr_line' id='line_1_34' title="bbox 227 3749 2131 3859; baseline -0.001 -29"><span class='ocrx_word' id='word_1_432' title='bbox 227 3749 311 3802; x_wconf 52' lang='grc' dir='ltr'><strong>’ωε</strong></span> <span class='ocrx_word' id='word_1_433' title='bbox 325 3751 416 3801; x_wconf 61' lang='lat'><strong>⁸⁹⁶⁶</strong></span> <span class='ocrx_word' id='word_1_434' title='bbox 430 3752 549 3830; x_wconf 66' lang='lat'><strong>&#39;⁶9⁰0·</strong></span> <span class='ocrx_word' id='word_1_435' title='bbox 1163 3763 1299 3834; x_wconf 90' lang='lat' dir='ltr'><strong>solatur</strong></span> <span class='ocrx_word' id='word_1_436' title='bbox 1327 3785 1405 3847; x_wconf 87' lang='lat' dir='ltr'><strong>eos,</strong></span> <span class='ocrx_word' id='word_1_437' title='bbox 1438 3776 1479 3833; x_wconf 91' lang='lat' dir='ltr'><strong>ut</strong></span> <span class='ocrx_word' id='word_1_438' title='bbox 1509 3762 1622 3833; x_wconf 89' lang='lat' dir='ltr'><strong>sciant</strong></span> <span class='ocrx_word' id='word_1_439' title='bbox 1643 3758 1837 3859; x_wconf 85' lang='lat' dir='ltr'><strong>Ecclesiam</strong></span> <span class='ocrx_word' id='word_1_440' title='bbox 1869 3762 2053 3836; x_wconf 89' lang='lat' dir='ltr'><strong>victricem</strong></span> <span class='ocrx_word' id='word_1_441' title='bbox 2073 3763 2131 3831; x_wconf 85' lang='lat' dir='ltr'><strong>lore</strong></span> 
     </span>
     <span class='ocr_line' id='line_1_35' title="bbox 229 3856 1741 3957; baseline 0.006 -28"><span class='ocrx_word' id='word_1_442' title='bbox 229 3856 410 3933; x_wconf 85' lang='lat' dir='ltr'><strong>Hactenus</strong></span> <span class='ocrx_word' id='word_1_443' title='bbox 435 3863 574 3950; x_wconf 89' lang='lat' dir='ltr'><strong>docuit,</strong></span> <span class='ocrx_word' id='word_1_444' title='bbox 599 3863 702 3957; x_wconf 89' lang='lat' dir='ltr'><strong>quale</strong></span> <span class='ocrx_word' id='word_1_445' title='bbox 725 3864 770 3934; x_wconf 87' lang='lat' dir='ltr'><strong>sit</strong></span> <span class='ocrx_word' id='word_1_446' title='bbox 792 3888 941 3955; x_wconf 89' lang='lat' dir='ltr'><strong>reguum</strong></span> <span class='ocrx_word' id='word_1_447' title='bbox 966 3860 1113 3951; x_wconf 89' lang='lat' dir='ltr'><strong>Christi,</strong></span> <span class='ocrx_word' id='word_1_448' title='bbox 1163 3876 1279 3934; x_wconf 88' lang='lat' dir='ltr'><strong>tantae</strong></span> <span class='ocrx_word' id='word_1_449' title='bbox 1296 3863 1488 3955; x_wconf 88' lang='lat' dir='ltr'><strong>sapientiae</strong></span> <span class='ocrx_word' id='word_1_450' title='bbox 1502 3877 1536 3934; x_wconf 92' lang='lat' dir='ltr'><strong>et</strong></span> <span class='ocrx_word' id='word_1_451' title='bbox 1551 3863 1741 3955; x_wconf 90' lang='lat' dir='ltr'><strong>potentiae.</strong></span> 
     </span>
    </p>
   </div>
   <div class='ocr_carea' id='block_1_3' title="bbox 128 3960 2131 4160">
    <p class='ocr_par' dir='ltr' id='par_1_3' title="bbox 128 3960 2131 4160">
     <span class='ocr_line' id='line_1_36' title="bbox 128 3960 2048 4058; baseline -0.007 -24"><span class='ocrx_word' id='word_1_452' title='bbox 128 3961 192 4034; x_wconf 85' lang='lat' dir='ltr'><strong>ubi</strong></span> <span class='ocrx_word' id='word_1_453' title='bbox 209 3960 281 4032; x_wconf 90' lang='lat' dir='ltr'><strong>sint</strong></span> <span class='ocrx_word' id='word_1_454' title='bbox 296 3963 449 4054; x_wconf 89' lang='lat' dir='ltr'><strong>auspicia</strong></span> <span class='ocrx_word' id='word_1_455' title='bbox 466 3964 604 4049; x_wconf 87' lang='lat' dir='ltr'><strong>lutura,</strong></span> <span class='ocrx_word' id='word_1_456' title='bbox 630 3965 746 4058; x_wconf 91' lang='lat' dir='ltr'><strong>qualis</strong></span> <span class='ocrx_word' id='word_1_457' title='bbox 760 3967 876 4037; x_wconf 89' lang='lat' dir='ltr'><strong>cultus</strong></span> <span class='ocrx_word' id='word_1_458' title='bbox 890 3989 964 4035; x_wconf 89' lang='lat' dir='ltr'><strong>esse</strong></span> <span class='ocrx_word' id='word_1_459' title='bbox 976 3969 1112 4052; x_wconf 91' lang='lat' dir='ltr'><strong>debeat,</strong></span> <span class='ocrx_word' id='word_1_460' title='bbox 1213 4031 1214 4036; x_wconf 75' lang='grc'>,</span> <span class='ocrx_word' id='word_1_461' title='bbox 1404 4036 1413 4054; x_wconf 55' lang='lat'>‚</span> <span class='ocrx_word' id='word_1_462' title='bbox 1490 4038 1499 4056; x_wconf 34' lang='grc' dir='ltr'>ι</span> <span class='ocrx_word' id='word_1_463' title='bbox 1543 4039 1552 4057; x_wconf 46' lang='lat'><strong>·</strong></span> <span class='ocrx_word' id='word_1_464' title='bbox 2039 4041 2048 4058; x_wconf 45' lang='lat'><strong>·</strong></span> 
     </span>
     <span class='ocr_line' id='line_1_37' title="bbox 128 4031 2131 4160; baseline -0.007 -26"><span class='ocrx_word' id='word_1_465' title='bbox 128 4088 219 4156; x_wconf 87' lang='lat' dir='ltr'><strong>quae</strong></span> <span class='ocrx_word' id='word_1_466' title='bbox 248 4065 293 4136; x_wconf 87' lang='lat' dir='ltr'><strong>sit</strong></span> <span class='ocrx_word' id='word_1_467' title='bbox 318 4087 466 4156; x_wconf 87' lang='lat' dir='ltr'><strong>persona</strong></span> <span class='ocrx_word' id='word_1_468' title='bbox 486 4061 639 4151; x_wconf 88' lang='lat' dir='ltr'><strong>Christi,</strong></span> <span class='ocrx_word' id='word_1_469' title='bbox 672 4068 775 4160; x_wconf 90' lang='lat' dir='ltr'><strong>quale</strong></span> <span class='ocrx_word' id='word_1_470' title='bbox 800 4067 844 4136; x_wconf 92' lang='lat' dir='ltr'><strong>sit</strong></span> <span class='ocrx_word' id='word_1_471' title='bbox 865 4069 1111 4140; x_wconf 85' lang='lat' dir='ltr'><strong>sacerdotium.</strong></span> <span class='ocrx_word' id='word_1_472' title='bbox 1215 4031 1277 4106; x_wconf 71' lang='lat' dir='ltr'><strong>Vl·</strong></span> <span class='ocrx_word' id='word_1_473' title='bbox 1326 4031 1517 4108; x_wconf 63' lang='lat' dir='ltr'><strong>M⁸⁶⁰l⁸l</strong></span> <span class='ocrx_word' id='word_1_474' title='bbox 1537 4042 1641 4107; x_wconf 61' lang='grc' dir='ltr'><strong>’Μ</strong></span> <span class='ocrx_word' id='word_1_475' title='bbox 1660 4039 1820 4125; x_wconf 58' lang='grc' dir='ltr'><strong>θθΰῗθδ,</strong></span> <span class='ocrx_word' id='word_1_476' title='bbox 1855 4032 2065 4109; x_wconf 64' lang='lat' dir='ltr'><strong>thllfll&#39;ti</strong></span> <span class='ocrx_word' id='word_1_477' title='bbox 2083 4053 2131 4104; x_wconf 63' lang='grc' dir='ltr'><strong>Μ·</strong></span> 
     </span>
    </p>
   </div>
   <div class='ocr_carea' id='block_1_4' title="bbox 128 4133 2131 4361">
    <p class='ocr_par' dir='ltr' id='par_1_4' title="bbox 128 4133 2131 4361">
     <span class='ocr_line' id='line_1_38' title="bbox 129 4133 2131 4259; baseline -0.004 -24"><span class='ocrx_word' id='word_1_478' title='bbox 129 4162 227 4254; x_wconf 86' lang='lat' dir='ltr'><strong>Quos</strong></span> <span class='ocrx_word' id='word_1_479' title='bbox 257 4166 354 4236; x_wconf 91' lang='lat' dir='ltr'><strong>locos</strong></span> <span class='ocrx_word' id='word_1_480' title='bbox 382 4167 511 4258; x_wconf 79' lang='lat' dir='ltr'><strong>eligere</strong></span> <span class='ocrx_word' id='word_1_481' title='bbox 540 4181 679 4259; x_wconf 89' lang='lat' dir='ltr'><strong>poterat</strong></span> <span class='ocrx_word' id='word_1_482' title='bbox 705 4168 816 4257; x_wconf 89' lang='lat' dir='ltr'><strong>magis</strong></span> <span class='ocrx_word' id='word_1_483' title='bbox 837 4169 1050 4240; x_wconf 88' lang='lat' dir='ltr'><strong>necessarios</strong></span> <span class='ocrx_word' id='word_1_484' title='bbox 1073 4169 1109 4239; x_wconf 91' lang='lat' dir='ltr'><strong>in</strong></span> <span class='ocrx_word' id='word_1_485' title='bbox 1264 4133 1417 4227; x_wconf 59' lang='lat' dir='ltr'><strong>‘lma’</strong></span> <span class='ocrx_word' id='word_1_486' title='bbox 1442 4145 1615 4210; x_wconf 58' lang='lat' dir='ltr'><strong>mmm</strong></span> <span class='ocrx_word' id='word_1_487' title='bbox 1628 4147 1742 4232; x_wconf 57' lang='grc' dir='ltr'><strong>ΝΜ</strong></span> <span class='ocrx_word' id='word_1_488' title='bbox 1757 4142 1921 4211; x_wconf 60' lang='lat' dir='ltr'><strong>lilim</strong></span> <span class='ocrx_word' id='word_1_489' title='bbox 1937 4140 2131 4211; x_wconf 56' lang='lat' dir='ltr'><strong>malm</strong></span> 
     </span>
     <span class='ocr_line' id='line_1_39' title="bbox 128 4267 2131 4361; baseline 0 -26"><span class='ocrx_word' id='word_1_490' title='bbox 128 4267 308 4352; x_wconf 90' lang='lat' dir='ltr'><strong>docendo,</strong></span> <span class='ocrx_word' id='word_1_491' title='bbox 339 4282 374 4338; x_wconf 92' lang='lat' dir='ltr'><strong>et</strong></span> <span class='ocrx_word' id='word_1_492' title='bbox 394 4268 557 4338; x_wconf 88' lang='lat' dir='ltr'><strong>utiliores</strong></span> <span class='ocrx_word' id='word_1_493' title='bbox 578 4269 825 4341; x_wconf 74' lang='lat' dir='ltr'><strong>conscientiis?</strong></span> <span class='ocrx_word' id='word_1_494' title='bbox 884 4269 989 4341; x_wconf 88' lang='lat' dir='ltr'><strong>Nunc</strong></span> <span class='ocrx_word' id='word_1_495' title='bbox 1011 4272 1112 4343; x_wconf 88' lang='lat' dir='ltr'><strong>addit</strong></span> <span class='ocrx_word' id='word_1_496' title='bbox 1265 4267 1398 4340; x_wconf 90' lang='lat' dir='ltr'><strong>Versus</strong></span> <span class='ocrx_word' id='word_1_497' title='bbox 1413 4283 1515 4341; x_wconf 90' lang='lat' dir='ltr'><strong>sonat</strong></span> <span class='ocrx_word' id='word_1_498' title='bbox 1528 4272 1573 4339; x_wconf 92' lang='lat' dir='ltr'><strong>de</strong></span> <span class='ocrx_word' id='word_1_499' title='bbox 1587 4293 1699 4360; x_wconf 89' lang='lat' dir='ltr'><strong>poena</strong></span> <span class='ocrx_word' id='word_1_500' title='bbox 1717 4269 1931 4361; x_wconf 88' lang='lat' dir='ltr'><strong>impiorum,</strong></span> <span class='ocrx_word' id='word_1_501' title='bbox 1954 4273 2018 4340; x_wconf 91' lang='lat' dir='ltr'><strong>sed</strong></span> <span class='ocrx_word' id='word_1_502' title='bbox 2033 4285 2131 4340; x_wconf 88' lang='lat' dir='ltr'><strong>tamen</strong></span> 
     </span>
    </p>
   </div>
   <div class='ocr_carea' id='block_1_5' title="bbox 4 4368 2132 4464">
    <p class='ocr_par' dir='ltr' id='par_1_5' title="bbox 4 4368 2132 4464">
     <span class='ocr_line' id='line_1_40' title="bbox 4 4368 2132 4464; baseline 0.001 -28"><span class='ocrx_word' id='word_1_503' title='bbox 4 4446 10 4460; x_wconf 34' lang='grc' dir='ltr'>Ι</span> <span class='ocrx_word' id='word_1_504' title='bbox 128 4368 439 4438; x_wconf 89' lang='lat' dir='ltr'><strong>comminationem</strong></span> <span class='ocrx_word' id='word_1_505' title='bbox 464 4373 507 4439; x_wconf 91' lang='lat' dir='ltr'><strong>de</strong></span> <span class='ocrx_word' id='word_1_506' title='bbox 530 4370 657 4462; x_wconf 88' lang='lat' dir='ltr'><strong>poenis</strong></span> <span class='ocrx_word' id='word_1_507' title='bbox 680 4370 890 4462; x_wconf 90' lang='lat' dir='ltr'><strong>impiorum,</strong></span> <span class='ocrx_word' id='word_1_508' title='bbox 914 4373 1004 4443; x_wconf 89' lang='lat' dir='ltr'><strong>sicut</strong></span> <span class='ocrx_word' id='word_1_509' title='bbox 1020 4396 1111 4443; x_wconf 88' lang='lat' dir='ltr'><strong>sem-</strong></span> <span class='ocrx_word' id='word_1_510' title='bbox 1162 4394 1236 4441; x_wconf 90' lang='lat' dir='ltr'><strong>non</strong></span> <span class='ocrx_word' id='word_1_511' title='bbox 1256 4371 1330 4441; x_wconf 88' lang='lat' dir='ltr'><strong>sola</strong></span> <span class='ocrx_word' id='word_1_512' title='bbox 1347 4394 1460 4464; x_wconf 89' lang='lat' dir='ltr'><strong>poena</strong></span> <span class='ocrx_word' id='word_1_513' title='bbox 1475 4371 1704 4461; x_wconf 90' lang='lat' dir='ltr'><strong>intelligenda</strong></span> <span class='ocrx_word' id='word_1_514' title='bbox 1719 4385 1789 4451; x_wconf 86' lang='lat' dir='ltr'><strong>est,</strong></span> <span class='ocrx_word' id='word_1_515' title='bbox 1814 4372 1875 4440; x_wconf 89' lang='lat' dir='ltr'><strong>sed</strong></span> <span class='ocrx_word' id='word_1_516' title='bbox 1892 4371 2002 4441; x_wconf 88' lang='lat' dir='ltr'><strong>etiam</strong></span> <span class='ocrx_word' id='word_1_517' title='bbox 2016 4388 2132 4443; x_wconf 86' lang='lat' dir='ltr'><strong>caetera</strong></span> 
     </span>
    </p>
   </div>
   <div class='ocr_carea' id='block_1_6' title="bbox 121 4466 2133 5481">
    <p class='ocr_par' dir='ltr' id='par_1_6' title="bbox 124 4466 2133 5277">
     <span class='ocr_line' id='line_1_41' title="bbox 128 4466 2131 4567; baseline 0.002 -31"><span class='ocrx_word' id='word_1_518' title='bbox 128 4492 193 4560; x_wconf 91' lang='lat' dir='ltr'><strong>per</strong></span> <span class='ocrx_word' id='word_1_519' title='bbox 221 4469 260 4537; x_wconf 90' lang='lat' dir='ltr'><strong>iu</strong></span> <span class='ocrx_word' id='word_1_520' title='bbox 285 4466 474 4561; x_wconf 89' lang='lat' dir='ltr'><strong>Prophetis</strong></span> <span class='ocrx_word' id='word_1_521' title='bbox 503 4474 548 4541; x_wconf 93' lang='lat' dir='ltr'><strong>de</strong></span> <span class='ocrx_word' id='word_1_522' title='bbox 570 4467 713 4542; x_wconf 81' lang='lat' dir='ltr'><strong>Christo</strong></span> <span class='ocrx_word' id='word_1_523' title='bbox 739 4487 920 4567; x_wconf 88' lang='lat' dir='ltr'><strong>utrunque</strong></span> <span class='ocrx_word' id='word_1_524' title='bbox 947 4474 1114 4560; x_wconf 80' lang='lat' dir='ltr'><strong>traditur,</strong></span> <span class='ocrx_word' id='word_1_525' title='bbox 1162 4473 1263 4563; x_wconf 90' lang='lat' dir='ltr'><strong>regni</strong></span> <span class='ocrx_word' id='word_1_526' title='bbox 1284 4472 1411 4542; x_wconf 82' lang='lat' dir='ltr'><strong>officia.</strong></span> <span class='ocrx_word' id='word_1_527' title='bbox 1460 4467 1510 4543; x_wconf 89' lang='lat' dir='ltr'><strong>Et</strong></span> <span class='ocrx_word' id='word_1_528' title='bbox 1531 4496 1735 4566; x_wconf 89' lang='lat' dir='ltr'><strong>quanquam</strong></span> <span class='ocrx_word' id='word_1_529' title='bbox 1750 4493 1899 4561; x_wconf 90' lang='lat' dir='ltr'><strong>regnum</strong></span> <span class='ocrx_word' id='word_1_530' title='bbox 1913 4484 1966 4543; x_wconf 89' lang='lat' dir='ltr'><strong>est</strong></span> <span class='ocrx_word' id='word_1_531' title='bbox 1981 4472 2131 4564; x_wconf 74' lang='lat' dir='ltr'><strong>spiritns·</strong></span> 
     </span>
     <span class='ocr_line' id='line_1_42' title="bbox 128 4569 2133 4666; baseline 0.001 -28"><span class='ocrx_word' id='word_1_532' title='bbox 128 4569 224 4663; x_wconf 90' lang='lat' dir='ltr'><strong>quod</strong></span> <span class='ocrx_word' id='word_1_533' title='bbox 246 4569 293 4640; x_wconf 88' lang='lat' dir='ltr'><strong>sit</strong></span> <span class='ocrx_word' id='word_1_534' title='bbox 312 4570 509 4642; x_wconf 88' lang='lat' dir='ltr'><strong>salvaturus</strong></span> <span class='ocrx_word' id='word_1_535' title='bbox 531 4573 730 4659; x_wconf 91' lang='lat' dir='ltr'><strong>credentes,</strong></span> <span class='ocrx_word' id='word_1_536' title='bbox 763 4587 798 4643; x_wconf 87' lang='lat' dir='ltr'><strong>et</strong></span> <span class='ocrx_word' id='word_1_537' title='bbox 815 4573 1019 4664; x_wconf 88' lang='lat' dir='ltr'><strong>perditurus</strong></span> <span class='ocrx_word' id='word_1_538' title='bbox 1040 4575 1110 4644; x_wconf 92' lang='lat' dir='ltr'><strong>im·</strong></span> <span class='ocrx_word' id='word_1_539' title='bbox 1162 4573 1214 4659; x_wconf 83' lang='lat' dir='ltr'><strong>le,</strong></span> <span class='ocrx_word' id='word_1_540' title='bbox 1240 4587 1358 4644; x_wconf 91' lang='lat' dir='ltr'><strong>tamen</strong></span> <span class='ocrx_word' id='word_1_541' title='bbox 1382 4596 1514 4664; x_wconf 90' lang='lat' dir='ltr'><strong>poenae</strong></span> <span class='ocrx_word' id='word_1_542' title='bbox 1534 4573 1779 4663; x_wconf 74' lang='lat' dir='ltr'><strong>intelligantur</strong></span> <span class='ocrx_word' id='word_1_543' title='bbox 1800 4596 1874 4642; x_wconf 91' lang='lat' dir='ltr'><strong>non</strong></span> <span class='ocrx_word' id='word_1_544' title='bbox 1894 4574 1941 4643; x_wconf 91' lang='lat' dir='ltr'><strong>de</strong></span> <span class='ocrx_word' id='word_1_545' title='bbox 1955 4575 2034 4644; x_wconf 83' lang='lat' dir='ltr'><strong>sola</strong></span> <span class='ocrx_word' id='word_1_546' title='bbox 2048 4594 2133 4666; x_wconf 86' lang='lat' dir='ltr'><strong>prac-</strong></span> 
     </span>
     <span class='ocr_line' id='line_1_43' title="bbox 127 4669 2132 4767; baseline 0.003 -27"><span class='ocrx_word' id='word_1_547' title='bbox 127 4670 218 4765; x_wconf 87' lang='lat' dir='ltr'><strong>pins.</strong></span> <span class='ocrx_word' id='word_1_548' title='bbox 270 4669 312 4740; x_wconf 93' lang='lat' dir='ltr'><strong>ld</strong></span> <span class='ocrx_word' id='word_1_549' title='bbox 336 4672 507 4757; x_wconf 90' lang='lat' dir='ltr'><strong>traditur,</strong></span> <span class='ocrx_word' id='word_1_550' title='bbox 531 4686 573 4743; x_wconf 88' lang='lat' dir='ltr'><strong>ut</strong></span> <span class='ocrx_word' id='word_1_551' title='bbox 593 4673 726 4744; x_wconf 87' lang='lat' dir='ltr'><strong>iustum</strong></span> <span class='ocrx_word' id='word_1_552' title='bbox 746 4673 918 4745; x_wconf 89' lang='lat' dir='ltr'><strong>iudicium</strong></span> <span class='ocrx_word' id='word_1_553' title='bbox 939 4671 1007 4744; x_wconf 91' lang='lat' dir='ltr'><strong>Dei</strong></span> <span class='ocrx_word' id='word_1_554' title='bbox 1024 4700 1110 4746; x_wconf 91' lang='lat' dir='ltr'><strong>con·</strong></span> <span class='ocrx_word' id='word_1_555' title='bbox 1161 4675 1355 4759; x_wconf 88' lang='lat' dir='ltr'><strong>dicatione,</strong></span> <span class='ocrx_word' id='word_1_556' title='bbox 1388 4677 1449 4746; x_wconf 91' lang='lat' dir='ltr'><strong>sed</strong></span> <span class='ocrx_word' id='word_1_557' title='bbox 1478 4675 1571 4746; x_wconf 88' lang='lat' dir='ltr'><strong>veris</strong></span> <span class='ocrx_word' id='word_1_558' title='bbox 1596 4675 1727 4767; x_wconf 55' lang='lat' dir='ltr'><strong>poenis¹</strong></span> <span class='ocrx_word' id='word_1_559' title='bbox 1744 4674 1953 4764; x_wconf 87' lang='lat' dir='ltr'><strong>impiorum.</strong></span> <span class='ocrx_word' id='word_1_560' title='bbox 2014 4671 2132 4767; x_wconf 75' lang='lat' dir='ltr'><strong>Estque</strong></span> 
     </span>
     <span class='ocr_line' id='line_1_44' title="bbox 127 4771 2133 4868; baseline 0.002 -27"><span class='ocrx_word' id='word_1_561' title='bbox 127 4771 317 4865; x_wconf 87' lang='lat' dir='ltr'><strong>spiciatur,</strong></span> <span class='ocrx_word' id='word_1_562' title='bbox 348 4785 382 4844; x_wconf 88' lang='lat' dir='ltr'><strong>et</strong></span> <span class='ocrx_word' id='word_1_563' title='bbox 403 4787 444 4843; x_wconf 93' lang='lat' dir='ltr'><strong>ut</strong></span> <span class='ocrx_word' id='word_1_564' title='bbox 464 4772 575 4868; x_wconf 90' lang='lat' dir='ltr'><strong>aliqui</strong></span> <span class='ocrx_word' id='word_1_565' title='bbox 593 4788 764 4847; x_wconf 88' lang='lat' dir='ltr'><strong>vocentur</strong></span> <span class='ocrx_word' id='word_1_566' title='bbox 780 4777 824 4846; x_wconf 87' lang='lat' dir='ltr'><strong>ad</strong></span> <span class='ocrx_word' id='word_1_567' title='bbox 840 4776 1109 4867; x_wconf 89' lang='lat' dir='ltr'><strong>poenitentiam.</strong></span> <span class='ocrx_word' id='word_1_568' title='bbox 1161 4776 1353 4848; x_wconf 87' lang='lat' dir='ltr'><strong>sententia:</strong></span> <span class='ocrx_word' id='word_1_569' title='bbox 1387 4772 1551 4847; x_wconf 90' lang='lat' dir='ltr'><strong>Christus</strong></span> <span class='ocrx_word' id='word_1_570' title='bbox 1578 4777 1741 4867; x_wconf 89' lang='lat' dir='ltr'><strong>regnabit</strong></span> <span class='ocrx_word' id='word_1_571' title='bbox 1770 4774 1875 4846; x_wconf 92' lang='lat' dir='ltr'><strong>etiam</strong></span> <span class='ocrx_word' id='word_1_572' title='bbox 1899 4776 2000 4848; x_wconf 90' lang='lat' dir='ltr'><strong>inter</strong></span> <span class='ocrx_word' id='word_1_573' title='bbox 2021 4790 2133 4868; x_wconf 79' lang='lat' dir='ltr'><strong>gentes,</strong></span> 
     </span>
     <span class='ocr_line' id='line_1_45' title="bbox 128 4863 2132 4969; baseline 0.002 -27"><span class='ocrx_word' id='word_1_574' title='bbox 128 4868 218 4945; x_wconf 87' lang='lat' dir='ltr'><strong>ltem</strong></span> <span class='ocrx_word' id='word_1_575' title='bbox 241 4890 280 4944; x_wconf 94' lang='lat' dir='ltr'><strong>ut</strong></span> <span class='ocrx_word' id='word_1_576' title='bbox 301 4873 352 4967; x_wconf 90' lang='lat' dir='ltr'><strong>pii</strong></span> <span class='ocrx_word' id='word_1_577' title='bbox 367 4874 478 4945; x_wconf 86' lang='lat' dir='ltr'><strong>sciant</strong></span> <span class='ocrx_word' id='word_1_578' title='bbox 495 4889 726 4969; x_wconf 90' lang='lat' dir='ltr'><strong>tyrannorum</strong></span> <span class='ocrx_word' id='word_1_579' title='bbox 744 4876 925 4946; x_wconf 90' lang='lat' dir='ltr'><strong>saevitiam</strong></span> <span class='ocrx_word' id='word_1_580' title='bbox 942 4902 1017 4948; x_wconf 91' lang='lat' dir='ltr'><strong>uon</strong></span> <span class='ocrx_word' id='word_1_581' title='bbox 1032 4878 1110 4948; x_wconf 84' lang='lat' dir='ltr'><strong>fore</strong></span> <span class='ocrx_word' id='word_1_582' title='bbox 1161 4879 1301 4950; x_wconf 89' lang='lat' dir='ltr'><strong>vocabit</strong></span> <span class='ocrx_word' id='word_1_583' title='bbox 1325 4890 1361 4948; x_wconf 91' lang='lat' dir='ltr'><strong>et</strong></span> <span class='ocrx_word' id='word_1_584' title='bbox 1380 4878 1530 4948; x_wconf 86' lang='lat' dir='ltr'><strong>salvabit</strong></span> <span class='ocrx_word' id='word_1_585' title='bbox 1551 4879 1681 4948; x_wconf 92' lang='lat' dir='ltr'><strong>multos</strong></span> <span class='ocrx_word' id='word_1_586' title='bbox 1702 4901 1744 4947; x_wconf 85' lang='lat' dir='ltr'><strong>ex</strong></span> <span class='ocrx_word' id='word_1_587' title='bbox 1767 4877 1953 4967; x_wconf 88' lang='lat' dir='ltr'><strong>gentibus,</strong></span> <span class='ocrx_word' id='word_1_588' title='bbox 1968 4863 2051 4950; x_wconf 41' lang='lat' dir='ltr'><strong>‘sed</strong></span> <span class='ocrx_word' id='word_1_589' title='bbox 2078 4877 2132 4946; x_wconf 81' lang='lat' dir='ltr'><strong>im-</strong></span> 
     </span>
     <span class='ocr_line' id='line_1_46' title="bbox 126 4970 2131 5071; baseline 0 -28"><span class='ocrx_word' id='word_1_590' title='bbox 126 4988 353 5068; x_wconf 89' lang='lat' dir='ltr'><strong>perpetuam,</strong></span> <span class='ocrx_word' id='word_1_591' title='bbox 385 4975 475 5046; x_wconf 85' lang='lat' dir='ltr'><strong>sicut</strong></span> <span class='ocrx_word' id='word_1_592' title='bbox 496 4974 625 5048; x_wconf 90' lang='lat' dir='ltr'><strong>Psalm.</strong></span> <span class='ocrx_word' id='word_1_593' title='bbox 639 4980 674 5050; x_wconf 74' lang='lat'><strong>2.</strong></span> <span class='ocrx_word' id='word_1_594' title='bbox 698 4978 944 5050; x_wconf 89' lang='lat' dir='ltr'><strong>concionatur:</strong></span> <span class='ocrx_word' id='word_1_595' title='bbox 975 4977 1108 5049; x_wconf 92' lang='lat' dir='ltr'><strong>Conte-</strong></span> <span class='ocrx_word' id='word_1_596' title='bbox 1160 4979 1238 5071; x_wconf 91' lang='lat' dir='ltr'><strong>pios</strong></span> <span class='ocrx_word' id='word_1_597' title='bbox 1252 4991 1285 5050; x_wconf 91' lang='lat' dir='ltr'><strong>et</strong></span> <span class='ocrx_word' id='word_1_598' title='bbox 1298 4980 1447 5048; x_wconf 88' lang='lat' dir='ltr'><strong>rebelles</strong></span> <span class='ocrx_word' id='word_1_599' title='bbox 1461 4980 1582 5069; x_wconf 91' lang='lat' dir='ltr'><strong>perdet</strong></span> <span class='ocrx_word' id='word_1_600' title='bbox 1598 4970 1720 5068; x_wconf 88' lang='lat' dir='ltr'><strong>poenis</strong></span> <span class='ocrx_word' id='word_1_601' title='bbox 1732 4979 1981 5068; x_wconf 90' lang='lat' dir='ltr'><strong>corporalibus</strong></span> <span class='ocrx_word' id='word_1_602' title='bbox 1992 4995 2027 5052; x_wconf 88' lang='lat' dir='ltr'><strong>et</strong></span> <span class='ocrx_word' id='word_1_603' title='bbox 2039 4993 2131 5049; x_wconf 88' lang='lat' dir='ltr'><strong>aeter·</strong></span> 
     </span>
     <span class='ocr_line' id='line_1_47' title="bbox 125 5074 2129 5174; baseline 0.001 -30"><span class='ocrx_word' id='word_1_604' title='bbox 125 5098 182 5144; x_wconf 91' lang='lat' dir='ltr'><strong>res</strong></span> <span class='ocrx_word' id='word_1_605' title='bbox 211 5099 271 5145; x_wconf 89' lang='lat' dir='ltr'><strong>eos</strong></span> <span class='ocrx_word' id='word_1_606' title='bbox 301 5075 396 5165; x_wconf 88' lang='lat' dir='ltr'><strong>virga</strong></span> <span class='ocrx_word' id='word_1_607' title='bbox 425 5077 555 5162; x_wconf 87' lang='lat' dir='ltr'><strong>ferrea,</strong></span> <span class='ocrx_word' id='word_1_608' title='bbox 578 5090 643 5152; x_wconf 90' lang='lat' dir='ltr'><strong>etc.</strong></span> <span class='ocrx_word' id='word_1_609' title='bbox 702 5074 857 5149; x_wconf 92' lang='lat' dir='ltr'><strong>Orditur</strong></span> <span class='ocrx_word' id='word_1_610' title='bbox 876 5094 993 5150; x_wconf 89' lang='lat' dir='ltr'><strong>autem</strong></span> <span class='ocrx_word' id='word_1_611' title='bbox 1015 5077 1108 5151; x_wconf 88' lang='lat' dir='ltr'><strong>hanc</strong></span> <span class='ocrx_word' id='word_1_612' title='bbox 1160 5080 1227 5167; x_wconf 88' lang='lat' dir='ltr'><strong>nis,</strong></span> <span class='ocrx_word' id='word_1_613' title='bbox 1252 5080 1387 5150; x_wconf 88' lang='lat' dir='ltr'><strong>etiamsi</strong></span> <span class='ocrx_word' id='word_1_614' title='bbox 1404 5082 1612 5174; x_wconf 88' lang='lat' dir='ltr'><strong>aliquandiu</strong></span> <span class='ocrx_word' id='word_1_615' title='bbox 1628 5082 1718 5149; x_wconf 89' lang='lat' dir='ltr'><strong>sinet</strong></span> <span class='ocrx_word' id='word_1_616' title='bbox 1735 5103 1794 5148; x_wconf 88' lang='lat' dir='ltr'><strong>eos</strong></span> <span class='ocrx_word' id='word_1_617' title='bbox 1808 5081 1976 5169; x_wconf 87' lang='lat' dir='ltr'><strong>grassari,</strong></span> <span class='ocrx_word' id='word_1_618' title='bbox 2003 5097 2036 5154; x_wconf 90' lang='lat' dir='ltr'><strong>et</strong></span> <span class='ocrx_word' id='word_1_619' title='bbox 2050 5102 2129 5150; x_wconf 85' lang='lat' dir='ltr'><strong>erer-</strong></span> 
     </span>
     <span class='ocr_line' id='line_1_48' title="bbox 124 5177 2131 5277; baseline 0.001 -30"><span class='ocrx_word' id='word_1_620' title='bbox 124 5177 436 5247; x_wconf 88' lang='lat' dir='ltr'><strong>comminationem</strong></span> <span class='ocrx_word' id='word_1_621' title='bbox 454 5202 472 5246; x_wconf 92' lang='lat' dir='ltr'><strong>a</strong></span> <span class='ocrx_word' id='word_1_622' title='bbox 490 5178 724 5270; x_wconf 87' lang='lat' dir='ltr'><strong>descriptione</strong></span> <span class='ocrx_word' id='word_1_623' title='bbox 739 5184 927 5271; x_wconf 86' lang='lat' dir='ltr'><strong>potentiae.</strong></span> <span class='ocrx_word' id='word_1_624' title='bbox 1160 5206 1238 5252; x_wconf 89' lang='lat' dir='ltr'><strong>cere</strong></span> <span class='ocrx_word' id='word_1_625' title='bbox 1251 5183 1492 5253; x_wconf 89' lang='lat' dir='ltr'><strong>crudelitatem</strong></span> <span class='ocrx_word' id='word_1_626' title='bbox 1508 5185 1676 5253; x_wconf 91' lang='lat' dir='ltr'><strong>adversus</strong></span> <span class='ocrx_word' id='word_1_627' title='bbox 1688 5178 1897 5256; x_wconf 85' lang='lat' dir='ltr'><strong>Ecclesiam.</strong></span> <span class='ocrx_word' id='word_1_628' title='bbox 1949 5182 2000 5256; x_wconf 89' lang='lat' dir='ltr'><strong>Et</strong></span> <span class='ocrx_word' id='word_1_629' title='bbox 2015 5201 2131 5277; x_wconf 86' lang='lat' dir='ltr'><strong>poenae</strong></span> 
     </span>
    </p>

    <p class='ocr_par' dir='ltr' id='par_1_7' title="bbox 121 5276 2132 5481">
     <span class='ocr_line' id='line_1_49' title="bbox 224 5276 2132 5382; baseline 0.004 -36"><span class='ocrx_word' id='word_1_630' title='bbox 224 5276 406 5348; x_wconf 91' lang='lat' dir='ltr'><strong>Dominus</strong></span> <span class='ocrx_word' id='word_1_631' title='bbox 423 5303 442 5348; x_wconf 89' lang='lat' dir='ltr'><strong>a</strong></span> <span class='ocrx_word' id='word_1_632' title='bbox 461 5279 594 5348; x_wconf 84' lang='lat' dir='ltr'><strong>dextris</strong></span> <span class='ocrx_word' id='word_1_633' title='bbox 615 5282 704 5367; x_wconf 92' lang='lat' dir='ltr'><strong>tuis,</strong></span> <span class='ocrx_word' id='word_1_634' title='bbox 736 5281 773 5350; x_wconf 92' lang='lat' dir='ltr'><strong>id</strong></span> <span class='ocrx_word' id='word_1_635' title='bbox 797 5295 868 5363; x_wconf 89' lang='lat' dir='ltr'><strong>est,</strong></span> <span class='ocrx_word' id='word_1_636' title='bbox 891 5279 988 5352; x_wconf 89' lang='lat' dir='ltr'><strong>Deus</strong></span> <span class='ocrx_word' id='word_1_637' title='bbox 1009 5285 1108 5356; x_wconf 91' lang='lat' dir='ltr'><strong>adest</strong></span> <span class='ocrx_word' id='word_1_638' title='bbox 1157 5285 1366 5373; x_wconf 85' lang='lat' dir='ltr'><strong>infligentur</strong></span> <span class='ocrx_word' id='word_1_639' title='bbox 1381 5285 1543 5376; x_wconf 88' lang='lat' dir='ltr'><strong>tyrannis</strong></span> <span class='ocrx_word' id='word_1_640' title='bbox 1560 5299 1594 5355; x_wconf 88' lang='lat' dir='ltr'><strong>et</strong></span> <span class='ocrx_word' id='word_1_641' title='bbox 1610 5283 1745 5375; x_wconf 85' lang='lat' dir='ltr'><strong>impiis,</strong></span> <span class='ocrx_word' id='word_1_642' title='bbox 1771 5281 1933 5372; x_wconf 89' lang='lat' dir='ltr'><strong>nonita,</strong></span> <span class='ocrx_word' id='word_1_643' title='bbox 1961 5287 2063 5382; x_wconf 87' lang='lat' dir='ltr'><strong>quasi</strong></span> <span class='ocrx_word' id='word_1_644' title='bbox 2076 5283 2132 5354; x_wconf 85' lang='lat' dir='ltr'><strong>Ec·</strong></span> 
     </span>
     <span class='ocr_line' id='line_1_50' title="bbox 121 5370 2129 5481; baseline 0.005 -37"><span class='ocrx_word' id='word_1_645' title='bbox 121 5370 200 5463; x_wconf 90' lang='lat' dir='ltr'><strong>bic,</strong></span> <span class='ocrx_word' id='word_1_646' title='bbox 234 5378 291 5449; x_wconf 90' lang='lat' dir='ltr'><strong>cui</strong></span> <span class='ocrx_word' id='word_1_647' title='bbox 312 5377 411 5452; x_wconf 90' lang='lat' dir='ltr'><strong>nulla</strong></span> <span class='ocrx_word' id='word_1_648' title='bbox 434 5381 596 5476; x_wconf 89' lang='lat' dir='ltr'><strong>quamvis</strong></span> <span class='ocrx_word' id='word_1_649' title='bbox 617 5405 744 5475; x_wconf 89' lang='lat' dir='ltr'><strong>magna</strong></span> <span class='ocrx_word' id='word_1_650' title='bbox 765 5383 923 5476; x_wconf 87' lang='lat' dir='ltr'><strong>potentia</strong></span> <span class='ocrx_word' id='word_1_651' title='bbox 946 5408 1011 5475; x_wconf 87' lang='lat' dir='ltr'><strong>par</strong></span> <span class='ocrx_word' id='word_1_652' title='bbox 1031 5408 1108 5475; x_wconf 78' lang='lat' dir='ltr'><strong>esse</strong></span> <span class='ocrx_word' id='word_1_653' title='bbox 1158 5385 1261 5458; x_wconf 89' lang='lat' dir='ltr'><strong>clesia</strong></span> <span class='ocrx_word' id='word_1_654' title='bbox 1283 5385 1331 5457; x_wconf 92' lang='lat' dir='ltr'><strong>sit</strong></span> <span class='ocrx_word' id='word_1_655' title='bbox 1352 5406 1501 5478; x_wconf 89' lang='lat' dir='ltr'><strong>regnum</strong></span> <span class='ocrx_word' id='word_1_656' title='bbox 1525 5409 1672 5457; x_wconf 90' lang='lat' dir='ltr'><strong>movens</strong></span> <span class='ocrx_word' id='word_1_657' title='bbox 1695 5384 1909 5474; x_wconf 87' lang='lat' dir='ltr'><strong>seditiones,</strong></span> <span class='ocrx_word' id='word_1_658' title='bbox 1935 5403 2002 5462; x_wconf 88' lang='lat' dir='ltr'><strong>aut</strong></span> <span class='ocrx_word' id='word_1_659' title='bbox 2024 5403 2129 5481; x_wconf 53' lang='lat' dir='ltr'><strong>&amp;sens</strong></span> 
     </span>
    </p>
   </div>
   <div class='ocr_carea' id='block_1_7' title="bbox 0 0 2276 5748">
    <p class='ocr_par' dir='ltr' id='par_1_8' title="bbox 0 0 2276 5748">
     <span class='ocr_line' id='line_1_51' title="bbox 0 0 2276 5748; baseline 0 0"><span class='ocrx_word' id='word_1_660' title='bbox 0 0 2276 5748; x_wconf 95' lang='lat' dir='ltr'><strong> </strong></span> 
     </span>
    </p>
   </div>
  </div>
 </body>
</html>
