4538 5754
194 242 271 319 ecs
438 227 648 310 scaram
673 227 754 304 ru.
777 221 900 305 um
924 224 993 305 ao
1019 220 1978 323 ntsr.rnonuramuos.saucraur1a
2137 239 2220 333 sss

197 408 348 481 Veneris
361 430 381 477 a
396 404 481 478 Sole
505 403 706 497 inaequales
722 426 815 487 esse,
838 416 874 475 et
897 401 1041 496 quidem
1064 405 1185 476 miuo-
1232 405 1382 492 limites,
1422 408 1516 481 intra
1543 434 1633 504 quos
1654 414 1868 488 constitutae
1889 419 2012 492 stellae
2032 445 2053 493 a
2076 425 2225 515 lulgm‘

197 535 266 597 res,
291 509 435 603 quando
453 518 614 576 centrum
631 504 781 600 epicycli
793 505 907 575 lertm
918 504 1010 576 circa
1024 529 1183 597 apogeon
1231 507 1342 577 vicini
1363 508 1459 580 Solis
1480 512 1734 595 obscurantur,
1763 520 1861 588 unde
1884 520 1941 605 fit,
1973 535 2014 594 ut
2034 526 2216 601 rarissime

196 609 404 693 eccentrici,
424 608 575 677 maiores
590 629 677 676 vero
699 606 1181 701 circapcrigeoncccentrici.
1231 623 1417 700 appareat,
1440 614 1645 702 praesertim
1664 617 1703 685 in
1720 611 1776 687 bis
1802 621 2024 709 regionibus,
2059 651 2217 719 quarum

299 710 407 782 Ponit
430 723 547 780 autem
571 705 794 779 Ptolemaeus
821 709 1007 777 minimam
1032 708 1182 778 Veneris
1231 705 1380 779 horizon
1401 713 1585 805 obliquior
1600 732 1668 799 est,
1691 731 1726 786 et
1741 742 1820 788 raro
1836 722 1886 791 ita
1909 725 1954 792 ab
1976 721 2216 799 exhalationi-

197 808 422 896 ἀπόστασιν,
453 832 544 904 quae
571 809 748 897 contingit
766 809 806 878 in
828 832 960 901 apogeo
985 810 1183 894 eccentrici,
1230 812 1296 880 bus
1312 813 1422 897 liber,
1445 826 1485 904 ut
1501 815 1618 886 stellas
1636 818 1769 889 vicinas
1785 820 1863 891 Soli
1886 825 2016 896 orienti
2040 842 2102 898 aut
2117 832 2215 902 occi-

196 942 316 992 arcum
330 911 524 1004 Eclipticae
544 911 784 981 continentem
800 915 929 1001 gradus
946 908 1015 995 44,
1040 913 1102 985 mi.
1119 907 1181 983 25.
1231 912 1331 982 denti
1363 915 1630 1004 conspiciendas
1663 921 1838 1008 praebeat.
1905 926 2053 998 Accedit
2076 943 2111 1000 ct
2127 926 2216 1004 haec

128 1066 133 1073 ·
196 1020 391 1092 Maximam
413 1036 518 1099 vero,
544 1036 634 1105 quae
649 1013 821 1101 contingit
844 1014 882 1081 in
901 1013 1043 1101 perigeo
1058 1036 1183 1081 eccen-
1230 1036 1344 1093 causa,
1361 1038 1425 1085 cur
1438 1017 1554 1087 rarius
1564 1018 1932 1095 videaturMcrcurius
1949 1028 1987 1094 in
1997 1023 2055 1098 bis
2070 1045 2214 1122 septen·

194 1122 296 1201 ttici,
329 1117 568 1187 continentem
582 1115 711 1203 gradm
727 1112 791 1194 47,
816 1114 877 1185 mi.
894 1109 955 1187 85.
980 1112 1089 1182 Vides
1107 1115 1181 1183 cxi·
1229 1114 1443 1186 trionalibus
1479 1119 1703 1207 regionibus,
1750 1126 1846 1214 quod
1880 1127 2080 1224 plerunque
2118 1135 2221 1205 ultr-2¹

195 1246 301 1316 guam
324 1242 397 1289 esse
420 1216 590 1286 minimae
616 1229 653 1285 et
675 1215 849 1284 maximae
872 1215 1060 1286 distantiae
1077 1215 1181 1284 diffc-
1228 1211 1438 1306 Eclipticam
1461 1242 1583 1291 versus
1607 1220 1790 1294 meridiem
1819 1227 1993 1315 deflectit,
2036 1245 2076 1301 ut
2104 1237 2214 1324 paulo

195 1323 366 1404 rentiam,
399 1319 500 1389 cuius
522 1329 706 1401 causaest,
737 1316 832 1408 quod
848 1314 971 1387 Venus
986 1316 1180 1387 admodum
1229 1330 1308 1406 post
1320 1318 1471 1393 dicetur.

194 1449 341 1520 parvam
361 1418 469 1490 habet
484 1417 790 1490 ecccntricitatem.
1328 1417 1399 1488 Sed
1417 1419 1556 1505 Venus,
1579 1445 1670 1515 quae
1693 1437 1727 1495 et
1749 1433 1882 1516 corpus'
1899 1432 2070 1517 grandius
2090 1429 2213 1523 babet,

299 1523 370 1596 Sed
388 1520 561 1593 Mercurii
578 1517 832 1607 digressiones,
858 1519 924 1590 etsi
939 1533 1084 1611 propter
1098 1542 1180 1611 par·
1229 1532 1262 1588 et
1286 1519 1485 1614 plerunque
1508 1546 1629 1594 versus
1660 1528 1933 1616 septentrionem
1956 1534 2066 1620 magis
2088 1535 2214 1607 latito.

196 1628 339 1698 vitatem
366 1622 515 1717 epicycli
538 1620 719 1691 breviores
744 1633 849 1700 sunt,
886 1645 994 1714 quam
1016 1619 1182 1705 Veneris,
1228 1620 1313 1693 dine
1336 1642 1399 1691 sua
1429 1623 1599 1708 declinat,
1639 1638 1673 1697 et
1696 1628 1837 1716 longius
1859 1653 1878 1697 a
1898 1630 1981 1701 Sole
2002 1634 2215 1728 digreditur,

195 1726 359 1799 habentis
374 1725 486 1795 multo
502 1722 712 1814 ampliorem
727 1720 941 1816 epicyclum,
966 1735 1086 1792 tamen
1102 1747 1178 1791 ma·
1229 1744 1367 1812 semper
1381 1724 1455 1793 fere
1472 1727 1661 1816 conspicua
1677 1741 1739 1802 est.
1791 1728 1865 1799 lmo
1882 1735 1976 1823 quod
2001 1736 2132 1806 mirum
2147 1753 2215 1823 est,

196 1833 308 1901 iorem
333 1825 517 1897 continent
543 1822 826 1915 inaequalitatem
849 1846 996 1893 arcuum
1017 1823 1057 1892 in
1080 1824 1178 1893 coelo
1228 1823 1508 1915 aliquandonon
1526 1839 1640 1896 totum
1654 1829 1804 1896 biduum
1820 1832 2039 1919 obscuratur,
2065 1843 2213 1928 quando

195 1927 491 2022 respondentium
530 1924 791 1995 semidiametro
823 1925 990 2020 epicycli,
1036 1938 1180 2016 propter
1227 1922 1305 1994 Soli
1321 1927 1550 2014 coniungitur
1565 1922 1700 1997 habens
1718 1929 1942 2000 latitudinem
1960 1958 2135 2024 magnam,
2161 1940 2216 2009 ita

195 2055 360 2122 magnam
384 2027 677 2099 eccentricitatem
693 2023 883 2111 Mercurii,
909 2050 999 2118 qnae
1014 2027 1180 2118 aliquan·
1227 2037 1268 2093 ut
1284 2027 1421 2114 vesperi
1445 2041 1524 2118 post
1551 2053 1712 2098 occasum
1737 2028 1831 2100 Solis
1861 2050 2066 2125 conspecta,
2098 2039 2216 2108 inter·

196 2137 242 2205 do
260 2155 386 2203 novem
403 2142 520 2221 partes
535 2126 762 2214 sexagesimas
781 2126 1033 2198 semidiametri
1057 2149 1177 2196 ecccn·
1229 2126 1326 2193 iectis
1341 2129 1479 2196 duabus
1502 2131 1687 2214 noctibus,
1712 2155 1794 2198 mox
1811 2133 1919 2202 altero
1937 2137 1994 2204 die
2008 2161 2111 2206 manc
2128 2154 2214 2209 ante

197 2231 472 2315 tricicontinet‚
497 2229 709 2322 aliquando,
734 2250 815 2296 cum
833 2228 1070 2320 minimatest,
1099 2241 1180 2297 tan·
1228 2225 1322 2296 Solis
1345 2241 1463 2298 ortum
1487 2243 1662 2303 cernatur.
1731 2230 1979 2320 Quinetiam,
2013 2241 2110 2330 quod
2133 2243 2215 2329 plus

197 2354 272 2408 tam
294 2350 377 2407 tres.
431 2330 599 2400 Variatur
622 2328 718 2398 enim
742 2327 984 2399 eccentricitas
1003 2327 1178 2400 Mercurii
1229 2342 1299 2412 cst,
1341 2329 1379 2398 in
1412 2329 1619 2417 regionibus
1648 2333 1887 2403 serenioribus
1909 2337 1985 2404 ficri
2019 2340 2213 2432 aliquando

196 2451 345 2533 propter
364 2432 600 2506 mobilitatem
618 2428 729 2498 centri
746 2429 941 2500 ecccntrici.
1229 2442 1361 2517 potest,
1394 2431 1545 2498 maxime
1568 2432 1659 2500 circa
1680 2434 1814 2522 primos
1837 2439 1966 2523 gradus
1987 2434 2139 2525 Arietis,
2171 2456 2214 2512 ut
2245 2464 2256 2489 Ι

298 2534 437 2606 Deinde
446 2530 651 2624 ,inaequalia
673 2544 755 2601 sunt
779 2529 896 2622 spacia
920 2530 1178 2622 digressionum
1229 2530 1333 2599 initio
1351 2542 1384 2599 et
1399 2531 1469 2598 fine
1485 2531 1642 2600 eiusdem
1665 2536 1780 2603 noctis
1796 2550 1959 2607 cernatur
1976 2537 2117 2624 Venus,
2144 2537 2212 2612 hoc

197 2637 370 2711 Mercurii
400 2657 475 2705 non
503 2645 642 2703 tantum
668 2645 813 2722 propter
834 2630 1180 2725 secessum,epicycli
1229 2645 1299 2714 est,
1334 2644 1373 2700 ut
1396 2645 1431 2700 et
1456 2634 1592 2724 vesperi
1616 2649 1697 2722 post
1720 2633 1815 2704 Solis
1837 2660 1996 2707 occasum
2022 2642 2212 2731 conspicua

196 2743 239 2812 ad
260 2752 422 2810 centrum
442 2734 568 2804 mundi
589 2746 623 2803 et
646 2755 839 2818 recessum,
871 2735 931 2802 scd
956 2733 1035 2803 ideo
1061 2731 1180 2811 etiam,
1230 2733 1295 2815 sit,
1323 2744 1357 2801 et
1379 2735 1530 2802 eundem
1554 2748 1838 2825 praetercurrens
1864 2761 1968 2807 mane
1991 2755 2073 2812 ante
2094 2742 2210 2832 ipsum

196 2843 293 2934 quod
311 2851 473 2910 centrum
491 2834 638 2928 epicycli
654 2858 728 2903 non
743 2834 792 2904 ita
807 2829 1179 2907 adbaeretlincaevcri
1230 2833 1444 2905 exorientem
1482 2858 1603 2904 rursus
1635 2850 1800 2925 appareat
1837 2861 1942 2929 supra
1981 2836 2213 2917 horizontem.

195 2944 265 3014 loci
285 2940 398 3020 Solis,
425 2950 467 3009 ut
488 2938 527 3006 iu
551 2934 690 3006 Venere
713 2937 787 3005 fere
807 2935 953 3020 accidit,
983 2936 1046 3006 sed
1069 2934 1114 3004 ab
1137 2957 1179 3002 eo
1230 2933 1302 3004 Sed
1318 2934 1368 3004 ibi
1384 2958 1525 3003 neccsse
1548 2951 1600 3007 est
1616 2948 1650 3006 et
1664 2935 1838 3007 Venerem
1857 2963 1930 3009 esse
1947 2940 1984 3009 in
1998 2945 2213 3033 septentrio·

196 3047 293 3118 ultro
309 3042 471 3134 citroque
481 3039 676 3132 aliquando
692 3037 862 3128 plusculis
877 3037 1045 3127 gradibus
1062 3037 1180 3105 abesse
1230 3034 1304 3103 nali
1328 3036 1518 3105 latitudine
1542 3037 1565 3105 6
1583 3060 1635 3127 gr.
1658 3040 1709 3115 20
1725 3039 1810 3106 min.
1833 3035 1986 3111 habente
2011 3042 2213 3130 minimum,

196 3160 333 3240 potest,
360 3143 423 3237 qui
439 3141 569 3232 gradm
585 3140 642 3208 vel
658 3139 825 3223 addendi,
847 3139 906 3206 vel
925 3137 1105 3208 adimendi
1122 3157 1181 3204 ar·
1231 3148 1266 3206 et
1282 3136 1494 3205 celeritatem
1517 3152 1635 3209 motus
1657 3138 1696 3208 in
1720 3140 1874 3233 epicyclo
1898 3145 2081 3229 accedere,
2105 3169 2214 3238 quarn

197 3250 272 3326 cui,
298 3246 363 3339 qui
387 3242 648 3312 semidiametro
672 3239 818 3333 epicycli
839 3240 1048 3327 respondet,
1089 3233 1181 3308 ἀπο·
1231 3232 1338 3307 babet
1353 3235 1476 3306 Venus
1491 3238 1581 3307 circa
1598 3241 1778 3331 perigeum
1803 3243 1950 3334 epicycli
1973 3245 2053 3316 ideo
2076 3247 2214 3337 praeei-

198 3341 524 3426 orcioetrMercur-ii
540 3340 728 3428 insigniter
743 3339 945 3433 inaequales
961 3339 1130 3410 efficiunt.
1231 3362 1318 3428 pue,
1351 3340 1446 3430 quod
1477 3339 1609 3409 diurno
1643 3341 1756 3410 motui
1781 3340 1930 3411 Veneris
1954 3345 1993 3413 in
2019 3347 2089 3416 ima
2112 3361 2214 3438 parte

305 3446 378 3519 Sed
401 3443 623 3515 Ptolemaeus
651 3439 756 3532 ponit
787 3439 979 3510 terminum
1010 3438 1181 3508 minimae
1231 3439 1377 3533 epicycli
1391 3440 1504 3509 multo
1527 3440 1639 3509 mains
1665 3441 1819 3531 spacium
1846 3443 1884 3511 in
1898 3446 1995 3515 coelo
2012 3451 2216 3539 respondet,

198 3540 434 3626 ἀποστάσεως
458 3540 652 3628 Mercurii,
685 3563 776 3635 quae
799 3541 892 3610 circa
907 3561 1079 3631 apogeum
1095 3563 1181 3609 con·
1231 3564 1337 3632 quam
1364 3541 1403 3608 in
1426 3563 1562 3610 summa
1585 3543 1731 3637 epicycli
1753 3534 1882 3633 ap‘side.
1943 3545 2028 3634 Quo
2056 3560 2215 3641 tempore

196 3652 322 3740 tingit,
349 3671 469 3719 arcum
484 3642 630 3714 Zodiaci
644 3643 884 3714 coutinentem
899 3642 1029 3730 gradm
1044 3654 1181 3711 tantum
1231 3641 1336 3709 ctiam
1366 3665 1493 3733 corpus
1517 3642 1628 3731 ipsius
1656 3646 1824 3729 grandius
1855 3646 1996 3719 videtur
2029 3661 2063 3718 et
2092 3649 2215 3721 lumen

200 3753 248 3826 16
277 3765 311 3820 et
342 3747 481 3820 minuta
511 3746 547 3816 8.
611 3741 791 3816 Maximae
829 3754 947 3814 autem
984 3742 1182 3826 distantiae,
1230 3742 1434 3831 fulgentius.
1485 3741 1583 3813 ldcm
1607 3744 1769 3813 deLuna
1793 3746 1945 3832 dicitur,
1969 3751 2065 3841 quod
2090 3753 2214 3822 eodem

197 3878 288 3950 quae
304 3853 343 3923 fit
360 3852 399 3920 in
420 3848 526 3935 locis,
549 3847 616 3918 ubi
637 3846 798 3939 proxime
819 3842 1022 3917 Mercurius
1044 3845 1088 3913 ad
1110 3858 1182 3913 ter·
1231 3844 1288 3912 die
1304 3866 1398 3911 nova
1414 3858 1562 3913 etvetus
1584 3845 1740 3934 conspici
1764 3847 1891 3936 possit,
1919 3852 2215 3922 concurrentibus

197 3981 274 4026 ram
291 3951 438 4037 accedit,
460 3971 582 4019 arcum
597 3948 783 4036 constituit
797 3947 1037 4017 continentem
1053 3945 1183 4034 gradus
1232 3943 1398 4012 omnibns
1424 3943 1557 4028 causis,
1582 3947 1838 4034 apparitionem
1858 3949 1939 4017 'cius
1963 3952 2114 4040 primam
2137 3976 2215 4022 ma-

196 4058 260 4142 27,
278 4056 338 4125 mi.
367 4051 428 4123 37.
454 4049 599 4124 Dictum
615 4062 732 4120 autem
756 4070 862 4137 supra
884 4061 956 4130 est,
990 4045 1183 4138 inquibus
1232 4045 1433 4115 tutantibus
1456 4059 1535 4136 post
1554 4047 1857 4132 coniunctionem,
1888 4052 1933 4119 de
1956 4053 2086 4144 quibus
2109 4064 2227 4146 supra'

197 4159 359 4253 partibus
381 4152 528 4224 Zodiaci
560 4150 738 4245 epicyclus
764 4147 939 4220 Mercurii
974 4148 1021 4217 ad
1049 4160 1181 4218 terram
1231 4145 1444 4220 dictumest.
1990 4196 1993 4201 -

198 4260 358 4356 proxime
376 4256 535 4337 accedat,
561 4265 596 4324 et
617 4251 747 4345 quibus
769 4251 807 4320 id
830 4249 1012 4318 mensibus
1041 4247 1183 4317 contin·
1333 4245 1404 4318 Sed
1421 4245 1480 4317 hic
1495 4248 1599 4317 etiam
1623 4259 1723 4318 ortus
1748 4260 1781 4319 et
1798 4271 1941 4319 occasus
1954 4250 2217 4340 discernuntur,

98 4425 105 4437 .
198 4377 274 4454 gat,
301 4358 484 4442 videlicet,
509 4353 602 4425 circa
623 4353 736 4442 9gra.
758 4357 785 4428 lt
814 4354 849 4423 et
870 4348 897 4423 9
920 4352 1019 4439 grad.
1042 4345 1184 4433 Cancri,
1231 4372 1306 4417 uon
1321 4342 1451 4419 horum
1473 4360 1612 4419 tantum
1628 4346 1855 4419 Planetarum
1878 4373 1998 4430 causa,
2022 4354 2084 4420 scd
2110 4354 2217 4425 etiarn

199 4487 289 4558 quac
312 4462 390 4531 loca
412 4456 589 4550 epicyclus
609 4453 753 4543 attingit
781 4475 902 4524 mense
922 4449 1117 4522 Februario
1149 4463 1184 4520 et
1233 4450 1341 4519 trium
1365 4448 1601 4540 superiorum.
1649 4443 1814 4519 'Primum
1838 4466 1954 4521 autem
1978 4451 2023 4520 de
2041 4457 2218 4527 vocabulo

199 4562 326 4644 lunio,
359 4562 455 4653 quod
469 4559 552 4627 ideo
568 4569 706 4648 repeto,
730 4566 771 4624 ut
787 4555 816 4623 si
832 4555 895 4647 qui
909 4555 1099 4622 observare
1120 4575 1184 4639 ap·
1232 4551 1402 4621 monendi
1417 4562 1502 4621 sunt
1514 4548 1692 4633 iuniores,
1717 4563 1757 4621 ut
1779 4550 1891 4623 sciant
1905 4546 1963 4621 hic
1978 4565 2077 4624 onus
2092 4558 2222 4646 appel-

200 4663 417 4756 paritiouem
430 4657 604 4730 Mercurii
623 4657 769 4740 volunt,
794 4655 858 4748 qui
872 4655 1050 4724 rarissime
1071 4653 1110 4721 in
1127 4646 1184 4720 his
1232 4651 1302 4721 lari
1313 4649 1554 4743 apparitiones
1570 4650 1720 4740 primas,
1744 4675 1805 4721 scu
1829 4675 1939 4722 novas
1955 4675 2075 4724 earum
2093 4657 2217 4728 stella·

200 4764 407 4856 regionibus
426 4759 660 4848 conspicitur,
685 4757 775 4827 scire
799 4755 957 4846 possint,
989 4753 1119 4849 quibus
1144 4753 1183 4820 id
1233 4774 1333 4838 rum,
1357 4776 1447 4846 quac
1460 4750 1669 4844 aliquandiu
1681 4752 1791 4821 radiis
1806 4751 1901 4824 Solis
1915 4753 2122 4827 obscuratae
2135 4757 2220 4829 iue-

199 4864 419 4956 temporibus
442 4863 556 4929 lacere
579 4860 750 4944 debeant,
777 4871 854 4929 tum
878 4855 1063 4937 videlicet,
1103 4877 1184 4924 cum
1232 4865 1328 4941 rant,
1351 4877 1440 4948 quos
1457 4865 1665 4924 ortusnunc
1682 4874 1775 4924 nova
1790 4877 1876 4925 voce
1893 4856 1932 4925 in
1946 4850 2077 4927 scholis
2093 4860 2219 4952 appel.

199 4980 348 5063 propter
365 4959 668 5056 propinquitatem
683 4959 830 5055 epicycli
847 4959 890 5027 ad
907 4970 1036 5028 terram
1053 4967 1088 5024 et
1105 4978 1185 5026 cor·
1232 4955 1309 5026 lant
1331 4949 1498 5026 beliacos.
2249 5029 2251 5034 ,

198 5093 268 5162 pos
281 5063 455 5137 Mercurii
479 5060 594 5132 maius
610 5061 786 5143 cernitur,
820 5074 854 5132 et
872 5057 1050 5149 longiores
1073 5055 1185 5148 ipsius
1336 5055 1396 5127 Sic
1428 5054 1533 5125 etiam
1564 5054 1720 5143 cogitent
1749 5076 1893 5125 occasus
1916 5050 1975 5126 bic
1997 5058 2070 5128 dici
2092 5082 2217 5133 earum

201 5168 320 5244 aSolc
342 5168 433 5236 frunt
457 5160 702 5252 digressiones.
752 5159 844 5233 Nam
867 5173 965 5230 extra
986 5154 1073 5228 baec
1092 5171 1185 5229 tem-
1234 5156 1434 5243 stellarum,
1458 5154 1745 5249 quaealiquanto
1762 5167 1845 5226 ante
1861 5177 1968 5247 supra
1993 5153 2218 5233 horizontem

199 5294 288 5368 pora
317 5267 550 5338 maximarum
572 5260 849 5353 digressionum,
885 5258 1088 5330 Mercurius
1110 5280 1186 5328 non
1233 5281 1339 5329 mane
1354 5258 1412 5328 vel
1427 5255 1799 5349 vesperi'conspicuae
1819 5257 1978 5340 fuerant,
2002 5260 2134 5351 primas
2155 5287 2220 5335 seu

201 5378 250 5447 ita
265 5368 391 5468 procul
412 5363 533 5440 aSole
554 5374 779 5452 umorum,
816 5376 859 5437 ut
880 5360 1082 5455 egrediatur
1103 5358 1186 5431 illos
1234 5382 1347 5432 novas
1361 5357 1649 5451 obscurationes,
1668 5358 1870 5431 evenientes
1890 5359 1940 5430 ob
1961 5357 2138 5433 accessum
2160 5365 2218 5436 vel
