1208 1813
96 254 149 274 1326

150 297 177 316 Ea
185 297 272 315 acerbitas
279 297 317 315 odii
325 297 360 315 iam
368 303 440 321 qnoque
446 301 519 321 apparet
531 297 551 315 iu
562 298 595 316 ad-

96 323 181 342 versariis
194 322 297 345 Evangelii,
309 328 386 346 quorum
397 323 450 340 multi
461 323 514 340 etiam
525 323 545 340 in
555 329 595 346 rpe-

96 349 143 367 ciem
155 348 225 366 honesti
239 348 284 369 viri,
297 351 357 366 tamen
369 348 393 366 ita
407 349 471 366 ardent
478 348 521 366 odio
529 349 594 366 sdver—

96 380 127 393 sna
135 375 183 398 pios,
196 377 216 392 ut
225 377 288 397 optent
294 374 344 391 omni
355 379 419 396 genere
427 374 535 392 crudelitatis
548 373 594 391 affici

96 404 115 418 et
127 399 188 418 necari
200 405 261 417 omnes
273 405 283 416 a
295 399 361 422 quibus
371 399 486 417 dissentiunt.
511 399 552 417 Non
561 405 593 422 pn-

96 429 132 444 tut
139 425 193 448 igitur
203 425 222 442 in
230 424 291 447 impiis
299 425 420 442 misericordia
426 425 532 446 etsedebita,
541 430 593 448 quam

94 451 145 469 Deus
152 450 237 474 requirit,
250 450 291 473 quia
298 456 335 468 non
343 450 403 468 omnia
413 450 482 468 obiecta
491 450 593 473 complecti-

94 480 136 496 tur,
150 482 195 500 quae
202 476 254 493 debet
264 475 362 498 complecti.

148 501 176 519 Ac
183 501 264 519 Psalmue
271 501 365 524 praecipue
372 501 453 519 intuetur
460 501 506 519 illud
514 501 592 524 primum

95 530 115 545 et
126 533 216 545 summurn
227 532 272 549 opus
285 526 397 547 dilectionis,
414 526 481 544 scilicet
492 526 593 544 misericor-

95 553 145 571 diam
156 557 198 575 erga
209 551 315 569 Ecclesiam.
340 550 405 574 Arguit
417 555 434 569 et
444 555 492 569 taxat
504 552 592 569 infinitam

95 578 181 596 duritiem
197 577 283 594 maximae
297 577 352 599 partis
368 575 472 598 hominum,
487 583 533 600 quae
546 575 593 594 nibil

95 603 174 621 afficitur
185 602 314 620 calamitatibus
326 601 420 619 Ecclesiae.
445 602 521 620 Accusat
531 606 594 626 tyran-

95 634 131 647 nos
143 632 161 646 et
175 627 286 651 hypocritas,
303 628 334 650 qui
350 630 440 650 praetextu
457 628 546 649 iustitiae,
562 631 593 645 aut

95 654 220 672 defendendae
228 653 285 676 pacis,
298 659 351 670 omne
362 658 418 676 genus
426 653 536 671 crudelitatis
544 659 593 671 exer—

95 683 147 701 oent,
159 679 204 697 sicut
216 681 234 696 et
245 678 280 696 alio
291 679 331 696 loco
343 679 366 696 de
377 678 501 696 misericordia
510 684 550 701 erga
559 678 593 696 Ec-

96 705 169 723 clesiam
180 704 304 722 concionatur:
320 703 385 722 Beatus
398 704 429 727 qui
444 704 529 727 intelligit
539 710 592 727 super

96 736 173 753 egenum
181 733 198 748 et
205 735 307 753 pauperem.

148 755 194 773 Cum
201 755 256 777 igitur
263 753 292 772 hic
299 754 375 778 requirit
382 754 529 776 misericordiam,
540 755 593 772 intel-

95 782 173 804 ligamus
184 786 223 798 eam
235 780 312 803 requiri,
324 785 370 803 quae
381 780 450 798 obiecta
462 780 530 800 dehita,
544 780 593 798 iuxta

95 807 201 824 mandatum
209 805 244 823 Dei
254 805 383 828 complectitur.
410 805 460 823 Talis
472 806 592 823 misericordia

95 832 194 850 admodum
202 837 242 848 rara
251 834 286 852 est,
298 831 329 848 sed
337 834 406 848 tantum
414 831 434 848 in
443 829 470 848 his
478 834 513 853 est,
526 831 545 848 in
552 831 593 854 qui-

95 858 132 876 hm
139 860 165 875 eat
172 862 214 874 vera
224 856 291 879 agnitio
300 855 340 874 Dei.

147 882 208 900 Tertia
215 881 315 899 differentia
327 884 353 899 est
365 881 385 898 in
394 881 448 899 modo
455 882 520 905 operis.
546 881 591 899 Cum

95 908 219 926 misericordia
230 907 302 930 piorum
313 910 339 924 est
350 907 445 925 coniuncta
456 907 509 927 fides,
519 907 593 928 scilicet,

95 940 142 957 quae
149 933 214 953 credit,
223 938 260 950 nou
269 932 327 950 solum
335 938 368 949 noa
376 932 446 955 placere
450 931 493 954 Deo,
501 933 531 950 sed
539 932 592 950 etiam

95 959 131 983 ipsi
142 964 194 976 curae
205 964 242 975 esse
253 961 308 975 totam
316 958 371 975 vitam
379 961 467 981 nostram,
480 957 591 981 suppeditari

95 984 149 1002 nobis
158 984 226 1007 abipso
237 983 352 1001 necessariam
360 983 482 1001 defensionem
493 987 510 1001 et
521 983 593 1004 victum,

96 1013 113 1028 et
121 1009 163 1033 quia
171 1009 249 1032 postulat
256 1012 276 1026 ut
283 1014 316 1026 nos
325 1009 406 1026 iuvemus
414 1009 467 1030 alios,
480 1015 500 1026 ac
509 1009 592 1032 promisit

96 1035 185 1059 praemia,
204 1034 230 1057 pii
244 1037 316 1057 propter
326 1033 384 1051 Deum
397 1038 487 1056 praestant
501 1034 592 1055 beneficia,

95 1064 113 1078 et
121 1060 198 1078 vicissim
206 1060 241 1077 fide
249 1062 341 1082 expectant
349 1059 435 1077 auxilium
443 1059 483 1078 Dei.

152 1085 186 1103 Hic
207 1085 271 1102 modus
288 1085 346 1107 operis
367 1091 404 1102 non
426 1088 452 1102 est
468 1085 488 1102 in
505 1084 592 1107 Augusto.

95 1111 136 1129 Etsi
144 1111 192 1128 enim
198 1114 224 1128 est
232 1110 341 1131 misericors,
353 1113 412 1128 tamen
425 1116 462 1128 non
474 1111 531 1128 credit
541 1116 591 1128 suam

95 1140 153 1155 totam
165 1137 218 1154 vitam
230 1141 283 1153 curae
294 1141 331 1153 esse
342 1135 390 1157 Deo,
405 1142 438 1153 nec
452 1142 485 1159 pro
497 1136 593 1153 clementer

96 1162 148 1180 factis
159 1165 238 1185 expectat
249 1161 326 1184 vicissim
338 1161 425 1179 auxilium
435 1161 479 1181 Dei,
496 1162 527 1179 sed
537 1162 592 1179 bene-

95 1188 139 1205 facit
152 1187 190 1205 sine
201 1190 280 1209 respectu
290 1186 334 1207 Dei,
350 1186 437 1209 impulsu·
450 1187 528 1210 quodam
540 1190 592 1204 natu-

95 1213 129 1231 rali
138 1214 197 1233 douo,
211 1212 239 1229 vel
247 1215 328 1229 metuens
339 1218 361 1229 ne
370 1218 380 1229 a
390 1212 460 1229 civibus
471 1215 543 1235 propter
555 1218 592 1230 sae-

95 1239 158 1256 vitiam
170 1238 278 1258 excutiatur,
291 1237 337 1255 sicut
349 1241 402 1255 norat
413 1238 493 1260 exempla
506 1241 592 1261 tyranno-

95 1270 146 1285 rum,
158 1264 189 1287 qui
194 1263 217 1281 ab
224 1263 305 1280 honestis
313 1263 381 1280 civibus
390 1263 461 1280 fuerant
469 1263 554 1286 oppressi.

148 1288 225 1306 Econtra
234 1294 276 1306 vero
283 1288 329 1306 lucet
338 1288 356 1305 in
364 1288 455 1306 beneficiis
465 1288 536 1311 piorum
548 1288 592 1306 fides

95 1314 230 1332 intuensDeum
236 1327 241 1335 ‚
255 1320 289 1337 qua
296 1314 432 1337 propter-Deum
440 1317 529 1337 praestant
537 1314 592 1331 bene-

95 1341 145 1361 ficia,
158 1343 175 1357 et
184 1342 276 1362 expectant
284 1339 361 1356 vicissim
370 1339 467 1359 auxilium,
481 1343 499 1357 :t
511 1340 592 1357 sentiunt

95 1371 145 1383 auam
161 1368 215 1382 totam
230 1365 284 1382 vitam
299 1364 338 1382 Deo
355 1371 408 1382 curae
422 1370 465 1383 esse.
492 1364 522 1383 Sic
532 1365 592 1382 David

96 1391 171 1414 ignoscit
185 1391 253 1408 civibus
269 1394 308 1412 post
319 1391 434 1411 seditionem,
451 1391 492 1414 quia
507 1391 540 1408 scit
553 1390 591 1408 Deo

95 1417 164 1440 placere
172 1415 218 1433 hanc
225 1416 365 1433 moderationem
373 1416 392 1433 in
399 1416 483 1437 victoria,
499 1420 515 1434 et
529 1422 547 1433 se
560 1417 592 1433 de-

94 1442 144 1460 fendi
155 1441 247 1459 divinitus.
273 1441 370 1464 Sareptana
379 1441 445 1459 mulier
457 1441 545 1465 quidquid
560 1440 592 1458 ha-

94 1468 125 1486 bet
132 1467 167 1485 eibi
176 1468 206 1484 dat
214 1465 323 1489 Prophetae,
336 1470 353 1484 et
361 1467 418 1484 credit
428 1468 477 1488 sore,
490 1470 510 1484 ut
522 1466 591 1484 divini-

95 1497 123 1512 tus
131 1493 216 1510 offeratur
224 1492 303 1515 aliquid,
316 1492 364 1509 unde
371 1498 389 1509 se
397 1495 414 1510 et
422 1493 478 1510 filium
487 1495 579 1510 sustentet.

147 1517 168 1535 ln
176 1517 203 1535 his
211 1517 296 1540 exemplis
304 1517 352 1535 cerni
361 1521 418 1540 potest
426 1518 528 1535 differentia
537 1517 590 1535 etiam

93 1545 112 1562 in
130 1544 183 1562 modo
198 1543 263 1566 operis.
297 1542 321 1561 Et
337 1541 380 1560 haec
394 1543 490 1566 descriptio
507 1543 590 1564 ostendit,

399 254 431 272 lx.
456 253 639 274 COMMRNTAMI
654 254 680 274 m
695 254 818 274 PSALMos.

1069 255 1118 274 1⁸26

621 299 712 322 quomodo
718 298 821 316 liberalitati
829 298 899 321 piorum
907 298 931 317 fit.
935 298 1030 316 coniuncta
1037 298 1086 319 fides,
1093 298 1116 316 de

621 330 657 347 quo
672 324 720 345 loco,
736 327 797 347 postea
811 323 875 341 iterum
892 323 926 341 erit
937 324 1040 341 dicendum.
1069 323 1115 341 Nam

621 355 661 367 cum
668 349 742 369 dicitur,
756 348 784 366 his
795 349 879 372 operibus
885 349 937 367 fidem
946 349 1042 367 exercenda
1073 354 1115 370 esse,

620 375 721 398 postulatur
728 380 765 392 non
774 375 836 395 modo,
849 377 869 392 nt
877 374 920 392 fiant
927 381 990 397 opera,
1003 375 1033 392 sed
1072 374 1113 391 talia

620 406 673 423 opera
681 400 734 421 fiant,
748 400 767 417 in
776 399 841 423 quibus
852 399 895 417 tides
907 400 964 418 luceat
975 403 993 418 et
1001 400 1114 420 exercitetur,

620 425 703 443 videlicet
719 426 767 449 quod
786 424 815 443 hic
833 425 890 443 tultus
901 425 939 443 Deo
956 425 979 443 sit
992 425 1114 448 praestandus,

620 452 668 475 quod
680 451 747 474 placeat
758 450 796 468 Deo
808 454 880 474 propter
889 449 990 472 Christum,
1006 451 1054 474 quod
1066 450 1114 468 Deus

620 481 668 494 curet
676 480 730 494 tutam
740 477 794 493 vitam
803 479 890 496 nostram,
905 479 922 493 et
932 480 1005 500 propter
1014 475 1047 494 hos
1055 476 1113 493 cultos

606 505 608 509 “
620 502 696 520 vicissim
714 502 732 519 in
747 501 813 519 nostris
830 501 914 526 periculis
928 501 980 519 nohis
996 502 1114 525 opitulaturos

619 528 647 546 sit.

670 557 690 576 Si
704 556 748 575 haec
759 557 803 575 fides
814 559 859 574 esset
871 557 890 574 in
901 557 972 577 multia.
989 556 1045 574 multo
1056 559 1114 574 essent

619 583 705 606 largiores
715 582 848 606 Eleemosynae.
874 582 919 599 Nam
928 582 1028 599 diffidentia
1037 582 1114 599 deterret

619 609 642 626 ab
650 608 677 626 his
685 608 779 631 operibus,
793 608 834 631 quia
843 606 925 625 homines
932 607 1011 630 cogitant
1022 613 1040 624 se
1047 606 1114 629 negligi

619 640 629 651 a
641 633 688 654 Deo,
705 637 722 651 et
735 633 825 651 somniant
836 632 893 650 Deum
908 638 946 650 non
960 636 1063 650 curaturum
1076 638 1113 649 esse

619 659 662 682 ipsi:
670 659 787 677 necessarium
796 658 873 679 victum,
886 658 925 676 ideo
937 657 1008 681 rapiunt
1020 658 1114 675 undecun-

619 691 663 708 que,
676 688 693 702 et
701 688 750 707 parto
757 684 852 705 incubant,
865 690 887 701 ne
896 683 940 707 quid
950 686 1015 706 pereat.

670 714 760 732 Hactenus
777 713 814 731 dixi
830 714 853 731 de
869 713 926 736 prima
944 713 1029 736 particula
1044 718 1112 730 versus:

619 739 685 757 Beatus
697 740 729 763 qui
739 739 838 757 miseretur.
864 738 932 762 Estque
945 739 1040 761 diligenter
1051 738 1112 755 obser-

619 766 698 783 vandum
710 765 806 782 discrimen
818 764 949 782 misericordiae
960 764 1032 787 piorum
1048 767 1064 781 et
1079 763 1113 780 im-

619 791 699 814 piorum,
712 793 732 808 ut
743 790 818 807 sciamus
831 789 900 813 qualern
912 789 1051 807 misericordiam
1062 788 1113 810 flagi-

619 819 649 834 tet.
673 815 746 834 Certum
754 818 779 833 est
787 815 835 833 enim
844 814 934 833 Psalmum
942 814 1045 832 concionari
1053 814 1075 831 d'c
1082 813 1113 830 illa

619 841 748 862 misericordia,
762 846 815 864 quarn
823 840 871 858 Deus
880 840 974 863 praecipit,
988 846 1033 863 quae
1041 842 1114 864 propter

618 867 676 884 Deum
687 869 786 890 praestatur
798 869 815 884 et
827 866 846 883 in
857 866 948 888 agnitione
955 865 989 883 Dei
1001 868 1018 883 et
1029 870 1071 882 vera
1079 864 1114 881 fide

619 895 714 910 exercetur.
740 891 791 909 Talis
799 891 921 909 misericordia
929 894 954 908 est
963 891 1022 908 cultus
1029 889 1113 913 spiritua-

619 918 650 939 lis,
663 917 694 941 qui
701 917 720 935 fit
729 917 830 940 impellente
838 916 906 939 Spiritu
914 919 974 934 sancto
980 930 985 937 ,
998 922 1030 933 nec
1040 919 1065 933 eat
1073 918 1114 932 tan-

619 946 656 961 tum
664 942 716 960 civile
724 942 807 960 officinm.
835 941 861 960 lta
868 942 984 959 iudicandum
991 941 1026 959 erit
1033 944 1050 958 et.
1057 941 1079 958 de
1087 946 1114 957 ae-

619 968 714 992 quentibus
722 967 811 991 operibus.

644 1013 672 1032 El
679 1016 743 1032 mutuo
751 1013 789 1032 dal.

669 1052 748 1071 Miretur
757 1052 822 1075 aliquis
830 1053 935 1071 nominatim
947 1051 1026 1076 praecipi
1039 1051 1061 1069 de
1073 1056 1113 1068 mu-

618 1078 704 1099 macione,
712 1084 752 1096 cum
759 1078 841 1096 videatur
847 1084 884 1095 esse
891 1081 960 1096 tantum
968 1077 1021 1095 civile
1029 1076 1113 1098 officium,

618 1107 636 1121 et
642 1104 690 1127 quod
698 1104 750 1121 facile
759 1106 849 1126 praestant
857 1103 910 1120 etiam
919 1103 976 1126 impii.
1003 1102 1032 1120 Ad
1041 1100 1075 1119 hoc
1084 1107 1113 1119 re-

618 1129 698 1152 spondeo
706 1128 751 1146 sieut
759 1134 822 1151 supra.
836 1128 926 1146 Mutnatio
934 1128 1043 1152 praecipitur
1050 1126 1079 1145 hic
1087 1130 1113 1144 ta-

619 1155 651 1176 lis,
666 1154 736 1177 qualem
747 1154 815 1176 flagitat
824 1154 881 1175 Deus,
896 1154 963 1172 scilicet
973 1160 1018 1178 quae
1029 1153 1059 1171 fiat
1070 1158 1113 1176 pro-

619 1183 657 1203 pter
664 1180 734 1200 Deum,
746 1179 790 1197 etin
798 1179 842 1200 fide,
856 1183 873 1197 et
882 1180 990 1201 liberaliter,
1003 1179 1041 1197 aine
1052 1181 1112 1201 capta-

619 1206 667 1223 tione
676 1208 693 1223 et
700 1205 738 1222 sine
747 1205 826 1223 foenore.

669 1237 761 1255 Differ-unt
771 1239 820 1255 enim
832 1239 920 1256 mutuatio
928 1238 999 1261 piorum
1014 1240 1031 1254 et
1048 1236 1113 1259 impio-

618 1270 668 1284 rum,
685 1263 731 1281 sieut
742 1267 759 1281 et
769 1267 837 1281 caetera
849 1263 902 1281 huius
915 1263 984 1286 generis
995 1262 1059 1280 officia.
1085 1261 1113 1279 Pii

618 1290 662 1307 dant
672 1292 745 1310 mutuo,
759 1292 831 1312 propter
841 1288 909 1310 Deum,
923 1289 964 1312 qnia
977 1288 1035 1305 sciunt
1046 1287 1114 1310 requiri

618 1314 653 1332 hoc
663 1320 708 1337 opus
721 1320 732 1331 a
743 1313 791 1336 Deo,
808 1318 893 1337 tanquam
908 1314 1026 1331 necessarium
1039 1312 1114 1330 cultum.

618 1340 702 1358 Secundo
711 1340 780 1357 addunt
788 1340 851 1360 fidem,
863 1340 938 1357 credunt
946 1338 984 1356 Deo
994 1339 1012 1356 id
1022 1343 1066 1361 opus
1075 1338 1114 1360 pla-

619 1371 666 1385 cere,
674 1369 691 1383 et
698 1371 716 1382 se
724 1363 789 1382 habere
796 1364 854 1382 Deum
862 1365 962 1388 propicium
970 1367 988 1381 et
996 1364 1114 1384 defensorem,

618 1397 638 1408 ac
645 1391 703 1409 Deum
710 1390 787 1408 vicissim
796 1390 839 1413 ipsis
847 1391 1000 1414 suppeditaturum
1008 1395 1045 1407 esse
1053 1395 1114 1406 neces-

618 1417 664 1434 saria
672 1417 725 1434 bona.
752 1416 815 1433 Tertio
823 1416 892 1434 obiecta
904 1416 1047 1438 complectuntur
1057 1420 1067 1432 a
1074 1413 1113 1432 Deo

618 1442 719 1464 proposita,
727 1442 770 1459 dant
778 1445 842 1459 mutuo
850 1448 890 1459 vere
898 1442 991 1464 egentibus
1000 1441 1043 1463 piis.
1051 1444 1068 1458 et
1076 1446 1113 1457 non

618 1471 699 1485 exercent
713 1470 806 1491 quaestum
818 1467 900 1490 pactione
912 1472 1013 1485 usurarum.
1039 1465 1114 1488 Propter

618 1491 650 1510 has
667 1496 702 1510 tres
719 1492 859 1510 circumstantias
876 1492 967 1510 Mutuatio
982 1492 1002 1509 lit
1021 1491 1114 1514 spirituale
1145 1501 1148 1504 ⁴

618 1524 663 1561 xpus
673 1522 690 1536 et
706 1518 765 1536 cultus
777 1517 820 1538 Dei,
837 1518 882 1536 sicut
894 1524 946 1541 supra
958 1518 979 1535 de
992 1516 1114 1534 misericordia

632 1547 685 1561 ictum
696 1547 727 1562 est.
736 1559 737 1562 ,
