4538 5754
188 221 265 306 tu
427 206 638 292 scitura
662 140 740 282 ru
765 202 884 283 uun
907 200 977 279 co
1002 199 1142 279 utsr..
1158 196 1305 278 eaor.
1331 198 1398 295 nr
1423 199 1617 279 runos.
1642 158 1967 282 senercurte
2137 206 2205 291 su

190 398 368 477 melioret.
417 386 530 480 saepe
551 381 658 457 ctiam
676 401 750 451 una
761 373 959 470 propositio
975 372 1179 445 defenditur
1230 373 1413 461 videmur,
1439 389 1497 453 ut:
1510 371 1673 465 ¹Coelum
1697 388 1751 447 est
1767 389 1975 469 perpetuum
1991 389 2027 449 et
2041 374 2209 470 cothpfi·

191 497 342 577 dimi,
375 487 594 571 μήπω,
630 495 689 554 ut:
727 476 863 551 Brutus
893 475 1008 547 voluit
1035 471 1180 546 delendi
1231 476 1323 564 bile,
1348 477 1528 572 quianon
1553 489 1605 549 est
1629 500 1671 547 ex
1691 477 1841 549 materia
1864 493 2012 570 cognata
2027 477 2211 564 elementis,

193 604 372 680 Milonem
388 590 456 665 ltoc
472 589 725 665 tuummento,
750 581 848 676 quod
864 591 1056 673 tyrannum
1071 573 1180 648 eRe·
1232 601 1323 673 qnae
1346 591 1430 651 sunt
1452 577 1608 653 obnoxia
1629 577 1866 672 corruptioni.
1913 576 2008 652 Nam
2030 593 2070 654 et
2091 579 2138 651 de
2156 576 2211 650 hac

193 707 279 802 pub.
301 700 381 774 tolli
402 697 538 766 iustum
560 689 618 764 sit.
663 683 790 760 Cicero
812 680 903 753 vidit
923 674 991 753 hoc
1006 677 1182 749 infirmius
1233 680 1309 774 ipsa
1345 680 1615 754 confirmatione
1646 679 1804 754 dubitari
1836 692 1970 773 potest,
2007 705 2056 756 an
2086 683 2210 754 coelun

195 824 231 882 et
258 801 419 877 odiosius
448 815 541 879 ease,
578 803 613 861 et
640 787 712 858 alio
739 786 974 857 fundamento
1004 801 1088 852 usus
1119 790 1183 864 cst,
1233 781 1280 855 sit
1302 808 1344 853 ex
1364 783 1511 855 materia
1532 795 1682 873 cognata
1704 782 1900 857 elementis.
1959 781 2053 856 Tale
2075 796 2111 859 et
2133 783 2211 856 illud

125 918 128 927 '
196 909 294 1008 quod
315 900 481 975 videlicet
502 891 662 965 defensio
684 902 806 961 contra
827 887 1001 956 latronem
1019 902 1182 952 concessa
1233 884 1517 976 vulgatissimum
1548 898 1616 956 est:
1649 882 1732 956 Non
1762 898 1901 972 errant,
1934 884 1999 980 qni
2027 909 2049 957 a
2074 886 2212 958 mortuis

195 1015 253 1087 sit.
300 1007 366 1080 Sic
388 1003 428 1072 in
446 995 687 1089 disputatione
710 992 756 1062 dc
775 989 890 1059 libero
912 983 1061 1057 arbitrio
1079 981 1183 1052 Valla
1234 985 1367 1058 auxilia
1395 1000 1539 1082 petunt,
1583 984 1669 1083 quia
1696 1009 1822 1078 magna
1851 987 2048 1060 multitudo
2075 986 2115 1060 id
2143 988 2213 1060 tecit

196 1110 351 1188 detraxit
361 1106 561 1199 libertatem
574 1092 751 1168 humanae
764 1088 940 1162 voluntati
954 1082 1021 1158 har
1034 1085 1183 1165 ratione,
1234 1087 1343 1181 longo
1367 1102 1539 1183 tempore.
1599 1087 1691 1160 Nam
1711 1082 1781 1161 hoc
1803 1089 1921 1182 ipsum
1942 1088 2149 1184 quaeritur,
2178 1113 2214 1160 eo

198 1215 283 1311 quia
304 1203 479 1304 praevisio
495 1198 618 1271 divina
634 1196 758 1267 afferat
772 1191 1014 1263 necessitatem
1028 1187 1134 1259 bonis
1149 1197 1184 1255 et
1235 1205 1328 1263 ccccc
1343 1191 1465 1264 fecerit
1478 1192 1541 1262 1113
1555 1190 1761 1266 multitudo,
1811 1189 2059 1286 Hieronymu,
2074 1191 2216 1283 mvii„

196 1315 301 1389 malis
322 1304 537 1390 actionibus,
571 1314 606 1372 et
625 1299 671 1369 ad
689 1291 782 1366 hanc
805 1291 1097 1384 imaginationem
1121 1290 1184 1359 de·
1235 1293 1339 1364 dicit:
1364 1291 1575 1367 Errantium
1595 1291 1809 1380 multitudo,
1832 1317 1908 1364 non
1923 1292 2018 1385 parit
2034 1292 2216 1385 erroripa-

199 1418 304 1491 torsit
332 1410 499 1483 Paulum.
555 1398 634 1473 Etsi
662 1411 757 1469 errat
783 1392 906 1481 Valla,
942 1407 1061 1464 tamen
1091 1387 1185 1460 hanc
1235 1394 1441 1471 trocininm.
1499 1393 1609 1481 ltem,
1640 1388 1876 1491 Pythagorica
1901 1417 1984 1466 vera
2006 1407 2113 1481 sunt,
2144 1395 2217 1490 quia

132 1512 136 1519 ⁸
199 1519 358 1594 Stoicam
387 1504 679 1599 imaginationem
707 1496 812 1570 multi
842 1508 1050 1591 sequuntur.
1108 1491 1185 1564 Alii
1236 1492 1350 1579 αὐιὸς
1369 1495 1457 1596 ἔφα,
1516 1495 1624 1570 Tale,
1645 1495 1930 1570 mnfifmfion„
1954 1520 2030 1567 non
2053 1495 2142 1568 ,ὠ
2156 1480 2218 1575 30,

199 1624 325 1693 dicunt
353 1607 521 1705 impediri
544 1607 744 1677 libertatem
774 1597 1016 1669 imbecillitate
1037 1607 1185 1665 naturae
1237 1611 1318 1671 cent
1341 1601 1563 1673 dubitantem
1586 1599 1627 1670 in
1649 1594 1903 1691 Philosophia,
1936 1599 1997 1668 sed
2020 1611 2065 1671 ut
2085 1597 2218 1670 concio.

200 1721 397 1800 humanae,
428 1728 464 1785 et
489 1711 615 1781 iubent
643 1703 753 1796 aspici
782 1701 956 1793 nosipsos.
1008 1694 1062 1768 lta
1083 1718 1185 1787 saepe
1238 1701 1375 1772 sionem
1404 1716 1499 1775 recte
1521 1701 1716 1802 intelligas,
1746 1714 1783 1770 et
1801 1697 1904 1771 firma
1927 1699 2136 1772 assensione
2154 1724 2219 1770 am·
2255 1736 2257 1743 ·

200 1825 349 1906 accidit,
380 1830 421 1888 ut
447 1814 513 1885 nni
541 1803 780 1904 propositioni
804 1814 1020 1896 quaerantur
1047 1799 1186 1873 diversa
1237 1803 1420 1897 plectaris,
1445 1816 1661 1874 necessecst
1686 1815 2017 1893 argumentarere,
2043 1802 2219 1897 perspicua

200 1929 453 1999 fundamenta,
485 1937 638 2010 quorum
665 1908 735 1980 alia
754 1929 837 1975 vera
861 1916 962 1986 sunt,
995 1902 1064 1972 alia
1086 1901 1186 1980 falsa,
1239 1918 1273 1976 et
1294 1905 1413 1992 firma,
1437 1906 1581 1978 notaio
1605 1902 1711 1990 locis,
1737 1925 1827 1997 quos
1849 1927 1955 1995 supra
1975 1904 2220 1989 recensuimus,
2251 1936 2258 1978 ι

200 2043 264 2102 cut
283 2026 352 2098 alia
372 2020 453 2094 aliis
473 2017 623 2088 rectiora
639 2025 675 2083 et
687 2008 855 2080 firmiora.
901 2004 958 2078 lbi
973 2027 1053 2074 cum
1071 2003 1111 2071 in
1125 2003 1187 2072 dc-
1238 2021 1371 2079 tencre,
1417 2006 1546 2079 vicina
1561 2020 1613 2079 ρει
1626 2004 1791 2099 petitioni
1806 2004 1976 2096 principii
1989 2001 2217 2106 ,ammam
2253 2036 2258 2077 Ι

140 2184 154 2211 .
200 2135 296 2204 lectu
315 2141 376 2198 aut
399 2121 469 2215 ipsi
490 2138 667 2197 erramus,
700 2124 762 2181 aut
783 2122 895 2179 astute
916 2107 1002 2177 falsa
1025 2103 1188 2196 eligimus
1240 2133 1321 2181 cnm
1349 2110 1445 2181 idem
1474 2109 1626 2182 subinde
1650 2106 1821 2198 repetitur
1845 2107 1972 2177 iisdem
1994 2107 2137 2194 verbis,
2171 2120 2218 2180 aut
2251 2118 2258 2182 t

201 2238 249 2308 ad
278 2224 507 2321 decipiendos
524 2220 634 2303 alios,
665 2213 821 2308 pertinet
842 2208 1002 2300 deceptio
1023 2204 1068 2277 ad
1092 2201 1190 2277 hune
1239 2203 1427 2303 'paululum
1451 2210 1612 2283 mutatis:
1648 2206 1767 2300 vulgo
1791 2210 2022 2298 nugafionem
2043 2225 2176 2283 ,mm
2195 2223 2218 2278 εἰ

202 2338 365 2415 titulum,
398 2324 603 2400 Secundum
625 2319 745 2412 plures
766 2311 1026 2414 propositiones
1045 2331 1107 2379 seu
1131 2306 1189 2376 in·
1242 2313 1372 2385 cuculi
1389 2313 1588 2399 canticum,
1613 2334 1674 2382 seu
1690 2301 1896 2398 κοκκύζειν.
1958 2306 2040 2381 Etsi
2054 2324 2175 2383 autem
2190 2311 2217 2380 in

202 2435 470 2524 terrogationes.
528 2422 589 2496 Sic
611 2420 650 2490 in
674 2411 861 2488 rhetoricis
883 2412 1118 2504 praecipitur,
1150 2421 1191 2479 ut
1242 2415 1364 2488 multis
1382 2415 1552 2486 membris
1573 2412 1747 2485 orationis
1763 2414 1906 2503 prodest
1921 2413 2073 2483 candem
2090 2429 2217 2485 conten.

203 2554 325 2617 orator
350 2534 466 2604 videat
489 2525 576 2623 quid
599 2522 640 2591 in
663 2540 766 2591 cama
786 2515 875 2586 b⁰¹¹l
898 2513 963 2599 *ἰὴ
985 2513 1072 2607 quid
1094 2510 1191 2594 mall,
1241 2517 1330 2588 tiam
1343 2517 1480 2609 saepius
1494 2515 1689 2598 inculcare,
1715 2526 1750 2583 et
1764 2514 1978 2605 amplificare
1991 2515 2140 2587 mutatis
2154 2539 2218 2585 ver-

204 2650 301 2717 bona
329 2608 454 2718 brnet,
485 2644 520 2701 et
544 2626 636 2707 malt
660 2618 836 2713 sapienter
857 2629 969 2705 legal,
1003 2627 1039 2684 ²1
1062 2611 1191 2705 ampli·
1242 2618 1315 2703 bis,
1338 2631 1379 2689 ut
1399 2617 1543 2688 auditor
1562 2617 1601 2685 in
1624 2613 1837 2705 cogitatione
1860 2638 1917 2685 res
1933 2614 2154 2687 detineatur:
2177 2632 2218 2689 tt·

203 2741 369 2818 litatione
383 2739 563 2815 bonorum
578 2728 716 2798 obruat.
1242 2741 1326 2790 men
1342 2718 1442 2789 aliud
1456 2717 1651 2813 requiritur
1665 2716 1705 2785 in
1723 2715 1985 2799 confirmando,
2011 2717 2081 2789 ubi
2093 2739 2217 2790 neeesse
2249 2708 2259 2763 ‘-

308 2845 444 2916 Contra
473 2856 539 2906 nos
560 2825 629 2901 hoc
652 2841 809 2918 tempore
830 2820 870 2889 in
891 2814 1192 2911 disputationibus
1244 2833 1296 2891 ert
1319 2843 1394 2891 non
1417 2818 1534 2912 ingeri
1555 2819 1700 2899 cedem,
1734 2818 1793 2888 ced
1818 2818 1974 2890 illustres
1998 2840 2123 2890 caum
2144 2841 2218 2890 con.

206 2943 415 3035 theologicis
437 2935 504 3009 hac
528 2945 603 3004 arte
624 2927 729 2999 multi
751 2935 924 3007 utuntur,
950 2919 1013 3014 qui
1036 2943 1112 2989 non
1135 2917 1192 2988 di·
1244 2921 1415 2994 clusionis
1445 2921 1653 3002 monstrari,
1702 2919 1786 3015 quia
1818 2916 1912 2990 nihil
1940 2918 2039 2992 idem
2068 2916 2218 3015 suiipsius

208 3063 294 3127 cunt
326 3039 558 3118 necessariam
586 3055 660 3103 esse
689 3025 848 3099 veritatis
878 3020 1117 3114 agnitionem,
1159 3030 1195 3089 et
1245 3046 1348 3096 ccccc
1366 3037 1429 3099 ccc,

207 3175 328 3228 veram
348 3147 417 3221 Dei
438 3128 720 3216 invocationem,
752 3142 788 3198 et
810 3127 954 3197 interim
975 3123 1105 3212 tragice
1130 3121 1190 3190 de-

207 3252 410 3332 clamitant,
443 3265 549 3340 quam
571 3231 770 3330 perniciosa
792 3229 838 3299 sit
861 3223 1057 3310 discordia,
1081 3246 1195 3316 quan·
1543 3267 1737 3359 morano
1768 3258 1916 3336 elenchi

104 3409 108 3417 .
207 3377 284 3435 turn
304 3353 441 3427 malum
464 3346 509 3415 sit
531 3334 740 3430 disciplinae
759 3328 904 3401 laxatio.
955 3323 1053 3396 Haec
1072 3347 1195 3394 revera
1917 3313 1928 3333 ⁰

209 3473 295 3534 sunt
306 3453 419 3527 tristia
432 3448 541 3530 mala,
564 3459 718 3536 quornm
732 3431 946 3531 cogitatione
960 3448 1195 3511 moveremur,
1364 3423 1545 3503 Elenchus
1591 3428 1763 3519 significat
1798 3429 1936 3499 firmam
1972 3429 2218 3522 probationem.

208 3556 349 3636 etiamsi
369 3576 444 3625 non
465 3552 751 3642 proponerentur
768 3533 880 3606 atroci
895 3544 930 3602 el
944 3528 1099 3602 iffllblll
1114 3550 1196 3598 ⁰ra·
1248 3533 1337 3607 Nam
1368 3528 1528 3631 ἐλέγχειν
1555 3530 1704 3600 verbum
1728 3529 1868 3601 forense
1892 3544 1961 3616 est,
2001 3544 2037 3604 et
2064 3531 2219 3624 siguificat

209 3666 320 3738 tione.
370 3654 441 3729 Sed
461 3666 581 3724 tamen
605 3665 687 3715 cum
704 3639 789 3709 illae
801 3631 1003 3727 tragoediae
1018 3633 1056 3700 in
1074 3630 1196 3701 oculos
1249 3635 1480 3718 convincere,
1518 3631 1720 3722 hbtttntilttt.
1784 3629 1997 3727 Ubicunque
2026 3632 2138 3725 igitur
2166 3630 2219 3703 cti.

211 3781 246 3838 ct
274 3781 376 3832 aures
405 3755 612 3830 incurrunt,
647 3740 758 3833 magis
786 3737 966 3809 feriuntur
996 3732 1129 3819 animi,
1163 3745 1197 3804 et
1249 3736 1336 3833 quid
1352 3738 1448 3807 deest
1462 3747 1688 3825 argumento,
1707 3756 1779 3827 quo
1795 3732 1915 3804 minus
1929 3730 2218 3807 convincatandi·

210 3864 338 3941 crescit
366 3855 528 3929 intentio.
591 3844 664 3918 Hic
691 3840 848 3914 vicissim
871 3860 938 3909 nos
959 3837 1055 3907 bona
1076 3847 1198 3905 nostra
1250 3854 1382 3924 torem,
1412 3836 1482 3910 tale
1503 3846 1748 3925 argumentum
1774 3834 1819 3903 ad
1839 3828 1936 3906 hunc
1959 3834 2107 3908 titulum
2126 3833 2218 3927 perti·

212 3983 455 4062 opponamus,
492 3949 677 4031 videlicet,
717 3940 949 4015 necessariam
975 3959 1049 4007 este
1078 3959 1198 4005 veram
1250 3953 1329 4020 net,
1356 3939 1420 4032 qui
1442 3951 1495 4009 eat
1514 3937 1612 4007 velut
1631 3958 1819 4006 commune
1835 3936 2061 4007 domicilium
2077 3934 2218 4009 omniun

211 4071 281 4143 Dei
299 4052 592 4136 invocationem:
633 4072 674 4119 ac
704 4045 853 4138 gloriam
888 4037 956 4111 Dei
986 4050 1021 4107 et
1049 4038 1198 4108 salutem
1251 4038 1531 4114 cavillationum.
1588 4031 1668 4108 Etsi
1680 4036 1774 4107 enim
1792 4059 1897 4128 supra
1915 4039 2015 4111 modi
2027 4039 2164 4137 aliquot
2178 4056 2217 4107 st·

212 4186 393 4247 aeternam
407 4151 672 4234 anteferendam
686 4169 760 4219 esse
774 4142 849 4237 paci
863 4155 897 4213 et
911 4138 1080 4211 omnibus
1092 4141 1199 4211 rebus
1251 4141 1433 4237 gacissime
1461 4138 1665 4230 excogitati,
1696 4139 1831 4209 utiliter
1860 4140 1986 4213 traditi
2011 4153 2116 4222 sunt,
2147 4158 2217 4236 qno

69 4293 80 4299 ’·
211 4269 391 4348 humanis.
458 4258 503 4333 ln
521 4252 581 4328 his
605 4248 774 4342 exemplis
799 4242 956 4336 conspici
979 4254 1094 4333 potest
1114 4263 1200 4312 usus
1251 4268 1333 4317 rum
1355 4241 1418 4314 alii
1438 4266 1460 4313 a
1483 4238 1685 4320 vocabulis,
1710 4239 1773 4309 alii
1793 4240 2015 4327 asubieetis,
2041 4238 2141 4313 aliia
2155 4258 2218 4335 pst·

212 4374 322 4449 buius
336 4363 512 4448 fallaciae,
535 4378 626 4455 quac
638 4375 704 4446 pro
718 4345 875 4420 materiis
887 4343 1042 4438 propriis
1054 4341 1201 4415 assumit
1252 4346 1368 4432 tibus,
1393 4343 1457 4415 alii
1480 4341 1655 4427 amosis,
1680 4341 1744 4412 alii
1765 4364 1786 4413 a
1810 4342 1995 4416 vicinitate
2015 4343 2126 4416 sumti
2145 4336 2217 4420 situl.

214 4477 368 4558 vicinas,
393 4482 435 4541 ut
453 4461 591 4537 iaciunt
614 4454 833 4534 adulatores,
865 4448 926 4542 qui
949 4445 1046 4516 vitiis
1069 4445 1202 4516 indunt
1252 4463 1372 4523 tamen
1395 4468 1475 4517 cum
1501 4443 1662 4518 infinitae
1682 4442 1755 4514 sint
1771 4443 2033 4532 cavillationes,
2051 4436 2218 4531 restathlt

216 4578 364 4652 nomina
384 4567 585 4640 vicinarum
600 4558 795 4638 virtutum,
820 4562 884 4624 etc.
936 4545 1007 4620 Sed
1023 4570 1103 4617 eum
1117 4569 1201 4616 vere
1252 4547 1368 4623 titulis
1390 4547 1684 4636 velitcommnne
1700 4545 1921 4618 domicilium
1939 4548 2092 4619 aliarum
2109 4540 2217 4639 capti>

116 4741 123 4752 .
205 4660 305 4751 'alios
338 4677 465 4745 docere
495 4666 679 4746 volumus,
719 4653 921 4751 quaerenda
948 4661 1030 4719 sunt
1057 4648 1202 4742 propria
1255 4675 1366 4738 num,
1390 4662 1448 4721 ut:

216 4760 445 4873 negociorum
465 4766 720 4846 fundamenta,
743 4770 779 4829 et
798 4753 990 4826 dicendum
1003 4751 1101 4821 dere
1118 4772 1202 4843 pro-
1406 4761 1557 4838 coelum
1573 4763 1660 4855 tegit
1674 4763 1809 4844 omnia,

216 4882 331 4977 posita
346 4868 438 4973 πρὸς
453 4862 558 4955 istoc,
582 4878 624 4938 ut
637 4882 739 4956 saepe
754 4858 794 4929 in
808 4868 882 4930 tota
894 4852 1085 4928 Dialectica
1099 4873 1203 4946 pccc-
1407 4860 1504 4961 Ergo
1518 4888 1556 4938 ,e
1569 4889 1713 4961 quoque
1728 4865 1825 4954 tegit.

215 4983 358 5076 ‘ipim‘
465 4994 470 5001 Ι
1357 4999 1427 5072 Hic
1450 5000 1660 5093 particulam
1682 4999 1920 5070 universalem
1947 5000 2223 5097 mtcingtopo

525 5142 667 5216 Peutto
697 5134 892 5229 prinotps‘r‘.
1256 5118 1350 5187 tere,
1373 5103 1509 5175 iudicat
1531 5103 1731 5174 communis
1752 5124 1887 5173 sensus.
1938 5099 2010 5174 Sed
2025 5100 2160 5177 Graeci
2179 5120 2224 5171 so·

319 5283 478 5356 Vocatur
509 5275 634 5370 petitio
661 5267 849 5364 principii,
881 5288 961 5336 cum
986 5262 1121 5334 incerta
1141 5282 1205 5353 per
1256 5200 1454 5381 3333?
1468 5204 1732 5278 ⁰³v¹¹¹⁸⁰⁰¹¹²¹⁰
1746 5198 1994 5302 ll'w‘l‘ll‘lm·
2047 5198 2225 5303 Estqu‘ll‘

216 5417 277 5480 ca,
311 5410 401 5485 quae
429 5381 568 5480 pariter
591 5377 727 5447 incerta
747 5383 849 5452 sunt,
883 5364 1093 5441 confirmare
1113 5362 1205 5467 velle
1268 5442 1278 5462 ο
