4538 5754
100 250 180 327 esa
503 247 551 325 v.
603 222 1730 325 nvemmanuraoruurauoouurur'xarus.
2054 253 2128 328 esa

101 423 246 515 venturi
269 420 443 495 sacrificii.
501 416 674 492 Exhibito
700 414 826 492 antem
847 421 924 512 ipso
947 404 1107 507 Messio,
1140 421 1238 490 misit
1262 417 1359 491 Deus
1384 432 1463 509 post
1486 418 1779 489 resurrectionem
1810 422 1981 516 templum
2005 426 2129 497 multis

101 526 288 614 signorum
303 524 409 593 linem
425 524 521 601 iore,
547 525 654 595 rebus
670 517 836 594 exhibitis
860 524 1003 593 umbras
1019 546 1092 592 ces·
1141 523 1241 594 tetris
1258 522 1427 612 exemplis
1444 515 1673 611 prophanari.

102 640 242 697 saturas
260 649 343 696 esse.
396 622 547 694 Messias
559 624 715 695 incoavit
736 624 912 722 iusticiam
934 637 969 692 et
984 625 1091 693 vitam
1243 634 1290 709 Er
1307 660 1509 732 quanquam
1527 632 1578 726 pii
1603 638 1867 728 intelligebant,
1895 645 2010 717 cultus
2032 646 2127 737 ipsos

102 741 285 798 aeternam
302 730 386 796 dato
404 720 601 815 Evangelio
622 741 656 797 et
673 725 811 815 Spiritu
826 738 956 799 sancto.
996 724 1093 794 1{arec
1140 754 1339 831 pugnantes
1364 736 1442 811 effi„
1470 737 1564 809 Filio
1587 740 1677 820 Dei,
1714 765 1770 811 reg
1802 767 1875 812 esse
1901 748 2127 818 damnatam

100 829 262 918 isssstniifl
288 826 454 898 benifidi
474 850 703 915 ³K¹¹⁰³⁶⁰¹¹¹¹¹⁸
725 826 1004 917 θῑὸίίῖΡῙῆῐΨι,
1029 851 1093 896 ¹¹00
1141 841 1235 929 Deo,
1277 864 1338 912 seu
1370 841 1539 911 sacrificia
1571 864 1714 928 eorurn,
1754 845 1816 936 qui
1851 849 2127 919 adversabantur

102 930 304 1021 spectacula
322 929 603 1035 ceremoniarum
621 944 797 1014 veterum,
824 929 862 996 in
879 923 1093 1021 qr·.nushae
1141 940 1356 1034 Evangelio,
1391 943 1576 1035 displicere
1598 940 1695 1027 Deo,
1719 958 1752 1014 ει
1778 970 1858 1014 vere
1881 970 1952 1017 ωε
1975 948 2068 1018 idola
2093 962 2127 1018 eg

100 1053 160 1101 10⁸
172 1032 404 1100 adumbratae
421 1029 585 1114 fliminis
611 1031 844 1122 “qllirimilb
1140 1039 1402 1145 βδελύγματα,
1429 1045 1512 1138 quia
1528 1045 1627 1114 nulla
1643 1045 1821 1116 invocatio
1838 1048 1951 1137 placet
1965 1045 2041 1118 Deo
2056 1051 2129 1121 nisi

208 1142 275 1216 Est
292 1169 374 1236 ergo
390 1146 593 1218 sententia.
617 1145 661 1215 ln
682 1148 832 1218 dimidio
848 1142 1094 1233 hebdomadis,
1143 1170 1202 1232 ea,
1229 1171 1318 1241 agnae
1333 1148 1371 1218 bt
1387 1146 1427 1215 in
1451 1146 1631 1235 agnitione
1647 1170 1729 1216 vera
1753 1162 1786 1217 et
1804 1147 1930 1219 fiducia
1946 1148 2031 1219 Filii
2054 1175 2127 1221 me·

100 1263 293 1343 postquam
314 1243 477 1319 Christus
501 1270 604 1347 suurn
632 1250 841 1320 sacrificium
863 1250 1005 1335 lecerit,
1038 1276 1093 1320 re·
1142 1248 1309 1334 diatoris,
1337 1247 1476 1317 Tamen
1495 1248 1649 1317 arbitror
1665 1249 1770 1317 etiam
1788 1262 1948 1320 externas
1972 1248 2127 1344 propha-

101 1350 317 1438 surrexerit,
350 1362 383 1419 et
405 1347 545 1418 dederit
567 1346 739 1440 Spiritum
762 1365 943 1433 sanctum,
975 1364 1092 1443 postea
1143 1352 1305 1433 nationes
1326 1350 1508 1419 accessisse
1530 1349 1751 1419 incurrentes
1776 1351 1815 1419 in
1841 1353 1979 1437 oculos,
2004 1369 2044 1425 ut
2067 1378 2128 1424 ve-

100 1452 255 1521 reiectae
299 1451 446 1521 luerunt
485 1452 705 1521 ceremoniae
744 1450 933 1525 Leviticae.
1009 1452 1092 1523 ldeo
1141 1453 1225 1521 xilla
1241 1451 1378 1522 Tiberii
1404 1465 1438 1519 et
1455 1452 1576 1521 caedes
1597 1450 1704 1521 lactas
1721 1452 1758 1521 in
1775 1451 1852 1543 ipso
1869 1454 2021 1545 templo,
2047 1480 2127 1525 carm

99 1565 227 1644 postea
244 1550 421 1644 Apostoli,
445 1553 538 1622 utin
556 1552 655 1623 Actis
670 1568 836 1625 narratur
852 1579 927 1647 cap.
941 1552 997 1625 15.
1013 1579 1093 1648 per·
1143 1552 1263 1622 ludaei
1287 1551 1413 1623 vexilla
1436 1553 1562 1621 eiicere
1583 1569 1814 1638 conarentur,
1840 1570 1875 1626 et
1896 1555 2042 1627 fortasse
2057 1570 2128 1626 sta-

98 1654 228 1751 'spicuo
247 1657 387 1723 decreto
408 1654 623 1742 abrogarunt
640 1652 945 1727 circumcisionem
962 1672 995 1728 et
1009 1657 1092 1726 reli·
1143 1669 1220 1725 tuas
1243 1654 1444 1755 Caligulae,
1471 1656 1534 1722 etsi
1561 1650 1732 1743 Iosephus
1756 1679 1832 1725 eam
1854 1652 2039 1726 historiam
2061 1658 2128 1728 ali·

101 1778 196 1849 quos
221 1750 398 1824 Leviticos
429 1756 529 1828 ritus.
588 1751 635 1826 Et
666 1757 810 1827 dimicat
838 1758 958 1827 eadem
983 1761 1026 1829 de
1056 1782 1094 1828 re
1144 1771 1275 1849 quanto
1305 1756 1408 1825 aliter
1435 1769 1565 1825 narrat.
1626 1754 1748 1825 Fuisse
1778 1756 1871 1826 enim
1898 1759 2016 1852 aliqua
2040 1771 2128 1830 tetra
2183 1813 2191 1821 .

101 1857 286 1947 acerrime¹
305 1856 453 1939 Pardus,
484 1869 701 1941 utconstat.
761 1854 985 1931 Olaservetur
1011 1883 1094 1949 ergo
1143 1858 1240 1946 signa
1257 1858 1474 1927 incurrentia
1499 1858 1536 1926 in
1555 1858 1694 1938 oculos,
1718 1881 1809 1949 quae
1833 1858 1909 1948 pios
1932 1860 2129 1930 admonue-

101 1960 199 2045 apud
223 1954 405 2025 Danielem
428 1952 496 2025 hoc
518 1958 781 2043 testimonium,
807 1961 901 2052 quod
921 1961 1094 2044 adfirmat,
1143 1973 1227 2029 runt
1243 1960 1286 2027 de
1300 1959 1539 2047 praedictione
1556 1956 1717 2029 Danielis
1737 1973 1770 2030 et
1785 1955 1937 2042 Christi,
1964 1974 2000 2032 et
2018 1962 2129 2052 signi-

101 2070 186 2149 post
200 2054 352 2127 Messias
375 2058 671 2147 praedicationem
689 2062 880 2133 cessaturas
897 2083 970 2131 erse
986 2060 1094 2133 Levi·
1143 2062 1292 2131 ficerunt
1307 2061 1438 2130 instare
1457 2074 1595 2153 tempus
1611 2059 1750 2145 excidii,
1772 2077 2046 2145 consentaneum
2066 2080 2128 2137 est.

101 2159 192 2228 ‘3⁶³⁸
210 2159 436 2228 ῑθῑθῐῃθῦἷθθ·
1183 2166 1187 2173 ’
1247 2177 1295 2251 Ut
1317 2194 1413 2249 nunc
1436 2181 1478 2249 ad
1504 2180 1690 2271 opiniones
1713 2204 1836 2269 pravas
1857 2177 2128 2275 Episcoporum,

1142 2280 1406 2354 Canonicorum
1432 2296 1467 2352 et
1482 2275 1741 2351 Monachorum
1768 2285 1938 2354 accedunt
1966 2298 2129 2359 externae

102 2382 154 2451 Er
175 2402 293 2471 saepen
316 2382 421 2451 alans
442 2377 741 2455 abominationes
763 2384 1029 2473 desolationis,
1056 2394 1094 2454 et
1143 2397 1266 2469 notae,
1299 2385 1521 2454 incurrentes
1544 2382 1581 2450 in
1604 2383 1742 2461 oculos,
1777 2410 1866 2478 quae
1887 2388 2127 2468 commonefa-

101 2502 225 2574 usqua
254 2480 306 2552 ad
331 2489 689 2569 consumerentionean
712 2483 911 2581 defiuiiurn
932 2483 1094 2558 stillabit
1143 2510 1220 2556 cere
1244 2485 1438 2555 mediocres
1463 2480 1625 2553 homines
1648 2500 1812 2573 possunt,
1839 2487 1954 2569 cultus
1970 2483 2126 2559 hostiurn

415 2607 531 2677 snper
544 2588 782 2659 vastitatem.
1142 2586 1330 2677 Evangelii
1346 2589 1528 2656 damnatos
1542 2609 1628 2654 esse.
1679 2583 1738 2656 Fit
1753 2611 1943 2671 concursus
1959 2592 2002 2658 ad
2018 2603 2128 2660 certas

985 2678 991 2689 ’
1063 2742 1072 2759 .
1143 2706 1284 2779 statuas,
1312 2689 1444 2779 petitur
1456 2688 1500 2755 ab
1517 2681 1723 2757 hominibus
1740 2689 1889 2761 mortuis
1905 2690 2076 2761 auxilium
2093 2705 2129 2761 et

99 2784 103 2789 -
207 2733 307 2804 Haec
320 2735 445 2804 ultima
468 2757 550 2825 pars
566 2738 724 2804 vaticinii
740 2740 899 2809 continet
922 2765 1004 2809 vere
1028 2756 1093 2811 trr-
1535 2788 1545 2806 .
1657 2785 1693 2857 Η
1780 2790 1791 2857 l
1888 2818 1896 2832 ι

104 2852 195 2908 stem
219 2837 445 2908 sententiam.
507 2835 716 2924 Superiores
745 2861 868 2910 versus
898 2824 955 2910 res
986 2843 1093 2912 laetas
1142 2793 1256 2876 ⁸³¹¹¹⁵‘
1283 2789 1644 2880 pr⁰rs¹¹⁸¹¹t⁰l¹¹⁰³b
1696 2813 1776 2859 πω
1794 2815 1829 2871 ‘⁹
1856 2789 2019 2879 C⁶S²⁰¹⁰2
2044 2790 2128 2863 1³⁰¹·

101 2937 365 3026 promiserunt,
397 2939 603 3007 duraturam
625 2960 699 3008 esse
728 2941 890 3029 politiam
915 2946 1092 3035 usquead

103 3037 261 3107 Messiae
278 3040 489 3127 adventum,
517 3053 706 3108 venturum
725 3062 800 3109 esse
814 3040 1003 3124 Messinm,
1029 3045 1092 3112 da-

103 3153 230 3209 turum
261 3138 430 3219 beneficia
462 3153 606 3208 aeterno
642 3141 784 3210 foedere
817 3147 977 3232 patribus
1008 3169 1093 3236 pro-

102 3240 223 3313 missa.
266 3238 346 3309 Sed
369 3239 490 3308 addita
504 3240 572 3309 init
588 3242 759 3310 sententia
777 3247 821 3312 de
844 3247 980 3314 excidio
1003 3247 1092 3316 civi-

101 3341 199 3413 tatis.
255 3337 323 3411 Est
351 3354 469 3409 autem
497 3340 611 3410 multo
642 3342 800 3431 tristius,
833 3351 928 3441 quod
963 3343 1022 3417 hic
1049 3350 1091 3417 de
1186 3401 1196 3417 .

103 3442 241 3533 templo
256 3441 404 3510 dicitur:
431 3439 509 3512 Hoc
526 3443 642 3532 ipsum
660 3446 842 3537 templum,
856 3449 895 3516 in
914 3473 984 3541 quo
994 3447 1092 3519 Deus

102 3544 193 3615 olim
216 3542 375 3612 invocari
398 3544 529 3628 voluit,
554 3544 618 3613 ubi
636 3547 832 3633 exaudivit,
854 3553 949 3643 qnod
969 3551 1092 3620 deien-

102 3646 169 3725 dit,
197 3645 269 3713 iarn
288 3646 335 3713 ita
353 3644 442 3714 diris
455 3647 736 3717 execrationibus
747 3651 954 3731 damnatur,
981 3664 1020 3721 ut
1037 3654 1093 3721 di-

104 3759 160 3819 sst
174 3746 360 3837 deinceps,
385 3762 465 3837 post
479 3743 615 3818 Christi
634 3752 931 3839 praedicationem
946 3754 1023 3824 iore
1038 3776 1093 3823 re-

103 3852 186 3929 tlcm
203 3847 391 3917 execrandi
404 3847 494 3918 idoli
513 3852 683 3919 vastantis
697 3852 832 3923 cultum
847 3853 929 3924 Dei.

207 3960 287 4034 Etsi
301 3980 415 4034 antem
434 3979 467 4035 et
490 3961 574 4036 huie
596 3956 674 4038 loco
694 3967 856 4041 iudaicae
872 3975 1092 4065 corruptelae

104 4068 270 4139 tenebras
295 4066 490 4148 inducunt,
515 4066 635 4138 ¹tamen
659 4067 752 4138 nihil
776 4072 925 4142 dubium
949 4090 1001 4147 est
1024 4071 1092 4146 hoc

103 4170 222 4238 dicere
237 4166 433 4256 Angelum,
459 4170 497 4236 in
517 4171 649 4260 templo
669 4173 789 4242 sutura
805 4196 879 4242 esse
899 4177 994 4245 idola
1011 4190 1092 4248 exea

102 4272 258 4356 oranda,
280 4272 365 4361 'post
378 4292 468 4358 qaae
481 4282 642 4341 secutura
660 4274 705 4343 sit
721 4288 886 4365 perpetua
903 4278 1044 4349 vastitas
1058 4291 1092 4350 et

103 4372 274 4444 solitudo.
315 4368 376 4440 Sic
392 4370 643 4462 interpretatus
657 4386 709 4444 e'st
725 4371 889 4448 Christus
905 4379 978 4469 ipse
994 4373 1091 4451 hunc

104 4476 259 4545 textum:
283 4462 377 4542 Cani
392 4472 560 4543 videbitis
581 4474 881 4549 abominationem
900 4481 1090 4553 desole*-

101 4574 181 4660 nis,
206 4573 337 4642 dictam
350 4596 415 4663 per
430 4572 615 4644 Danielem
629 4573 861 4669 Prophetam,
886 4595 1035 4653 stantem
1050 4576 1091 4653 ia

101 4675 184 4746 loeo
210 4688 329 4744 sancto
348 4674 430 4766 (qni
452 4675 536 4764 legit
558 4677 769 4777 intelligat),
795 4680 902 4753 Tune
919 4684 979 4777 qni
1008 4698 1090 4757 sunt

100 4777 145 4847 in
167 4774 299 4847 iudaea
320 4776 460 4865 fugiant
481 4793 547 4849 etc.
598 4778 749 4871 Signum
771 4785 897 4853 excidii
915 4784 1091 4880 lerosoly-

99 4882 202 4964 mn'e,
234 4890 268 4948 et
294 4875 460 4948 interitus
491 4882 606 4968 gentis
631 4875 811 4969 Iudaicae,
849 4886 926 4955 sore
956 4886 1091 4982 iuquit,

99 4976 198 5052 com
221 4979 261 5048 in
287 4980 376 5049 loco
395 4980 526 5050 sancto
542 4983 648 5053 stabit
677 4978 833 5071 idolum,
868 4991 962 5080 quod
988 5004 1090 5061 vocat

99 5077 753 5184 Eliniaconsuetudineflde‘ivyna.
797 5087 1010 5184 Quanquam
1026 5114 1089 5163 au·

100 5180 353 5271 tuin-Angelus
367 5195 488 5254 totum
510 5185 647 5257 cultum
666 5189 834 5280 intelligit
855 5192 932 5261 sore
952 5192 1089 5264 idolum

97 5286 363 5369 modom,
409 5284 609 5378 postquam
634 5292 818 5379 pontifices
852 5282 1090 5366 interfecerint

96 5383 294 5468 Messinm,
317 5398 436 5456 tamen
461 5384 503 5458 u't
519 5380 686 5479 conspici
699 5391 751 5464 irs
764 5389 832 5465 Dei
855 5388 984 5487 possit,
1008 5416 1091 5490 per··

151 5491 333 5556 alaram.
362 5493 465 5560 Orsa.
489 5493 572 5559 Vos.
600 5490 694 5587 xlll.

1142 2893 1220 2963 luce
1243 2904 1278 2961 et
1298 2891 1485 2963 similibus.
1537 2887 1676 2961 Coenae
1699 2888 1845 2959 Domini
1869 2895 2057 2986 multiplex
2077 2909 2129 2966 est

1142 3008 1177 3064 et
1192 2993 1375 3063 manifesta
1400 2986 1654 3083 prophanatio,
1678 3006 1719 3062 ut
1741 2993 1831 3061 inira
1848 2994 1975 3064 dicam.
2028 2995 2128 3085 Quid

1142 3108 1278 3175 caetera
1304 3118 1598 3178 commemorem,
1628 3116 1735 3182 vagae
1757 3094 1926 3179 libidines
1950 3098 2128 3167 sacrificu-
2246 3150 2249 3155 ,

1141 3196 1258 3267 lorum
1281 3209 1374 3266 certe
1396 3189 1640 3295 βδελύγματα
1663 3207 1767 3279 sunt,
1799 3210 1833 3266 et
1855 3190 2035 3289 testantur
2051 3195 2127 3275 Deo

1142 3298 1326 3391 displicere
1343 3294 1411 3367 hoc
1427 3320 1536 3387 genus
1552 3295 1841 3390 sacrificulorum,
1868 3303 1961 3392 quod¹
1982 3324 2070 3391 pene
2086 3299 2125 3370 in

1142 3424 1305 3492 epicureo
1326 3414 1507 3472 contemtu
1530 3397 1596 3469 Dei
1621 3399 1719 3473 vivit.
1773 3396 1824 3470 lta
1846 3401 1953 3471 fuisse
1973 3401 2129 3491 insignes

1142 3518 1242 3573 notas
1262 3500 1421 3572 externas
1444 3501 1635 3593 impietatis
1650 3503 1742 3591 apud
1762 3499 2005 3596 ludaeospost
2021 3499 2127 3575 Chri-

1143 3604 1186 3674 sti
1203 3607 1499 3673 resurrectionem
1516 3604 1688 3673 existimo.

1243 3718 1313 3790 Sed
1334 3719 1441 3789 verba
1454 3732 1569 3790 textus
1586 3722 1834 3809 expendamus.
1885 3717 1956 3791 Res
1974 3723 2048 3813 ipsa
2071 3723 2126 3792 lo-

1143 3821 1264 3915 quitur
1288 3820 1436 3891 ludaeos
1458 3834 1602 3911 propter
1622 3822 1797 3899 inscitiam
1819 3826 1992 3916 quaedam
2015 3847 2126 3891 mem-

1145 3927 1205 3995 bra
1220 3918 1277 3993 hic
1295 3923 1527 3993 insulsissime
1542 3922 1778 4012 interpretari.
1832 3922 1879 3995 Ut
1893 3938 2010 4001 autern
2025 3923 2126 3994 ocio-

1142 4049 1217 4094 sam
1252 4024 1489 4115 prolixitatem
1522 4024 1673 4114 fugiam,
1723 4026 1954 4097 deliramenta
1985 4025 2125 4095 ludaica
2228 4040 2231 4045 ’

1143 4129 1322 4208 omittam,
1353 4139 1388 4198 et
1417 4125 1570 4196 breviter
1601 4126 1927 4218 interpretationem
1957 4127 2124 4206 recitabo.

1145 4228 1260 4299 Verba
1276 4222 1363 4299 haec
1379 4229 1518 4303 suntin
1534 4243 1645 4301 textu:
1678 4330 1683 4339 ,

1244 4416 1292 4486 Et
1313 4436 1428 4507 napea·
1458 4416 1563 4489 alana
1589 4424 1701 4497 eram
1724 4410 2023 4495 abominationes

1312 4515 1568 4601 desolationis.

1210 4670 1215 4679 ’
1241 4670 1425 4741 Mirantur
1439 4673 1543 4742 multi
1557 4666 1649 4739 hanc
1663 4671 1822 4760 figuram,
1841 4692 1922 4741 oum
1932 4670 2035 4740 dicit:
2054 4668 2124 4741 Su-

1143 4796 1204 4865 per
1225 4772 1329 4859 alam.
1382 4772 1452 4843 Sed
1479 4775 1665 4863 expedita,
1693 4772 1862 4863 simplex,
1896 4773 2069 4842 concinna
2089 4784 2124 4842 et

1142 4876 1320 4967 perspicua
1338 4887 1389 4944 est
1404 4875 1589 4944 enarratio.
1641 4872 1758 4965 Super
1772 4876 1885 4960 alam,
1910 4874 1946 4943 id
1972 4888 2040 4958 est,
2063 4896 2124 4943 su-

1140 4999 1204 5068 per
1226 4969 1422 5045 Oherubim
1451 4985 1587 5047 stantes¹
1606 4976 1643 5044 in
1665 4977 1786 5047 tabula
1816 4975 2057 5069 propiciatorii
2084 4975 2124 5043 in

1139 5089 1260 5148 sancto
1277 5085 1491 5151 sanctorum.
1989 5124 1992 5130 -

1243 5193 1303 5266 Sic
1316 5191 1480 5267 Christus
1493 5197 1756 5286 interpretatur,
1772 5197 1835 5289 qui
1851 5197 1910 5281 ait,
1927 5191 2124 5292 βδέλυγμα

1142 5290 1378 5391 ἐρημώσεως,
1404 5292 1447 5370 τὸ
1468 5293 1585 5393 ῥηθὲν
1597 5292 1661 5370 daei
1675 5294 1817 5391 Δανιὴλ
1830 5302 1899 5369 τοῦ
1914 5295 2123 5391 Προφήτον

1142 5394 1248 5481 ἑστὸς
1268 5399 1309 5473 ἐν
1329 5399 1434 5497 τόπῳ
1452 5396 1570 5501 ἁγίῳ,
1596 5400 1633 5469 id
1651 5413 1718 5471 est:
1739 5398 1817 5472 Seu
1835 5399 1977 5470 idolum
1996 5417 2128 5462 mano-

1577 5498 1625 5580 bl
