4538 5754
116 244 190 318 aas
292 230 297 239 ·
323 234 328 244 ·
353 226 563 307 scatere
589 227 666 303 en.
692 224 808 303 ner.
833 226 902 302 an
928 228 1056 308 utsr.
1083 227 1227 303 enon
1251 225 1319 305 ur
1347 226 1542 308 aurcos.
1568 190 1888 311 senercurte.
2064 239 2142 314 sse

37 384 40 389 Ι
120 414 271 486 sumunt
298 428 354 475 res
384 404 479 475 ullae
504 399 708 491 cognitione
737 400 864 490 dignae
892 414 954 473 ant
984 401 1105 472 utiles.
1156 426 1257 482 ctam,
1287 401 1388 473 utin
1410 400 1705 493 interrogatione.
1763 407 1847 498 Quo
1872 406 1962 479 mihi
1988 410 2144 493 lectuna,

120 513 220 604 Quid
234 508 329 606 quod
347 505 453 574 etiam
469 504 513 574 de
529 501 666 572 naturis
682 514 716 571 et
731 502 893 571 moribus
916 525 959 571 ex
978 523 1105 591 genere
1155 503 1186 571 si
1208 527 1283 572 non
1300 505 1509 573 conceditur
1528 507 1608 576 uti?
1655 509 1730 580 Nos
1754 512 1855 604 psius
1878 512 2145 581 recensebimus

120 610 294 687 orationis
310 604 461 679 iudicari
482 604 583 674 solet.
633 599 876 674 certissimum
891 603 988 674 enim
1008 603 1102 673 iudi·
1156 619 1295 695 tropos,
1321 628 1411 698 quoe
1427 618 1545 674 tameu
1563 631 1638 678 non
1653 625 1705 682 est
1720 636 1859 683 neeesse
1874 613 2055 683 subtiliter
2069 612 2145 682 dis-

122 718 217 789 eium
242 726 293 782 est
317 721 537 779 monstrosae
557 702 706 788 mentis,
745 706 861 774 oratio
892 717 1103 788 monstrosa,
1155 729 1318 789 cernere,
1345 707 1406 775 sed
1432 702 1660 793 metaphorae
1684 715 1830 787 nornine
1851 737 1955 806 saepe
1974 715 2084 783 etiam
2105 713 2144 782 in

122 840 232 914 qnare
263 812 451 902 diligenter
478 805 687 894 fugiendum
719 818 771 875 est
793 827 904 895 genns
931 804 1105 875 sermonis
1155 806 1236 876 aliis
1251 806 1434 900 speciebus
1450 808 1595 882 utimur.

123 918 342 991 inusitatum.
394 907 488 998 Quis
508 930 593 976 vero
616 920 689 978 tota
712 906 818 976 nobis
838 907 948 977 latina
969 906 1106 997 lingua,

124 1044 221 1092 nunc
248 1038 324 1086 non
350 1036 371 1081 a
394 1008 545 1102 populo,
577 1009 638 1077 sed
661 1030 703 1076 cx
725 1007 828 1077 libris
850 1008 1017 1079 discenda
1042 1020 1107 1092 est,

123 1134 219 1195 certa
232 1130 326 1200 aetas
340 1107 531 1183 authorum
545 1108 706 1200 eligenda
722 1120 785 1194 est,
810 1107 912 1179 cuius
925 1110 1107 1180 imitemur

123 1218 437 1299 consuetudinem,
461 1226 502 1283 ut
517 1223 653 1282 certum
668 1210 840 1280 sermonis
854 1234 982 1302 genus,
1009 1211 1106 1306 quod

126 1346 263 1413 semper
278 1316 432 1405 intelligi
454 1313 583 1404 possit,
608 1312 692 1406 quia
714 1306 822 1383 habet
843 1312 1000 1404 exempla
1022 1324 1107 1383 nota

126 1443 161 1500 et
174 1424 340 1518 probata,
364 1416 470 1486 nobis
485 1436 739 1506 comparemus.
772 1411 861 1486 Cum
877 1427 996 1483 autem
1013 1414 1108 1504 opti-

126 1553 183 1601 ma
206 1541 240 1596 et
254 1521 405 1593 maxime
420 1516 605 1609 perspicua
622 1514 667 1585 sit
682 1516 816 1600 oratio,
841 1540 910 1608 qua
926 1512 1109 1586 Ciceronis

127 1643 221 1703 aetas
247 1646 311 1696 usa
336 1635 406 1706 est,
439 1620 614 1689 discemus
641 1617 800 1713 linguam
823 1617 868 1687 ah
891 1616 967 1686 eius
985 1615 1109 1687 aetatis

127 1727 380 1822 scriptoribus,
405 1733 465 1790 aut
488 1720 552 1812 qui
573 1742 647 1788 non
667 1717 772 1807 longe
794 1730 876 1787 ante
890 1715 1111 1799 Ciceronem,

1495 938 1668 1040 Tpdnos
1694 963 1795 1019 sunt:

1361 1058 1589 1157 Μεταφορᾶ.

1363 1157 1598 1259 Μετάληψις.

1365 1258 1600 1359 §mataxa

1366 1364 1617 1457 Mactovvpdn.

1359 1458 1655 1559 Ἄντωνομασία.

1359 1561 1664 1657 Ὀνοματοποιΐα.

1364 1660 1613 1761 Κατάχρησις.

128 1847 189 1904 ant
214 1842 331 1921 postea
352 1822 561 1900 extiterunt,
593 1833 635 1892 ut
664 1842 686 1887 a
706 1818 895 1903 Terentio,
926 1816 1111 1897 Cicerone,
1262 1777 1477 1877 MmW‘i
1500 1799 1570 1869 ‘⁸²2
1602 1808 1683 1855 ‘¹¹¹⁰
1706 1799 1850 1878 imile?
1876 1785 2147 1862 similitudinem

127 1932 296 2013 Campe,
317 1925 433 1996 Livio·
484 1920 555 1993 sed
572 1921 617 1989 d,
634 1914 701 1988 hae
725 1943 764 1989 m
787 1919 916 1991 imum
940 1921 1112 2003 dicemus,
1135 1964 1139 2031 ἱ
1163 1880 1375 1953 transfertur
1390 1885 1637 1956 vocabuluma
1657 1886 1800 1978 propria
1815 1887 2083 1979 significatione,
2109 1909 2149 1965 ut

128 2059 208 2106 cum
225 2042 382 2104 nostram
398 2028 443 2095 dc
455 2021 873 2092 imitationesententiam
882 2043 1113 2112 exponemus.
1164 1983 1318 2051 semum
1335 1996 1477 2102 P0⁰²¹¹⁸2
1502 2010 1569 2077 9²⁰
1592 1986 1634 2106 ‘f‘
1641 2041 1656 2107 .’
1681 1989 1787 2105 quod
1800 1988 1895 2060 flecti
1921 2004 2002 2107 ³¹}oe
2024 1994 2151 2062 terreri

11 2123 12 2126 ’
424 2124 427 2128 “
1165 2106 1239 2150 non
1254 2096 1380 2175 potest
1430 2081 1554 2157 Cicero
1569 2112 1669 2158 mrrrs
1688 2089 1857 2159 laudibus
1878 2085 1976 2163 vehit
1999 2088 2065 2161 hoc
2088 2117 2150 2183 ge-

505 2174 564 2245 De
588 2168 736 2269 figuris.
1167 2205 1252 2266 nus,
1277 2197 1311 2256 et
1325 2197 1428 2256 vocat
1442 2186 1586 2257 brevem
1600 2189 1883 2259 similitudinem.
1915 2189 2006 2260 Nam
2020 2192 2150 2262 simili-

232 2299 352 2370 Prima
367 2315 449 2365 cura
464 2291 569 2360 debet
583 2312 658 2358 esse
668 2287 807 2381 proprii
823 2286 1017 2372 sermonis,
1043 2310 1114 2379 quo
1167 2284 1292 2354 tudine
1316 2286 1581 2373 declaraturea
1605 2313 1679 2377 res,
1704 2315 1794 2384 qnae
1821 2316 1884 2384 per
1908 2290 2149 2385 metaphoram

113 2399 319 2476 'maximam
335 2393 507 2468 orationis
522 2403 658 2481 partem
675 2402 836 2460 constare
852 2402 1003 2481 oportet.
1055 2387 1116 2456 ln·
1167 2385 1395 2475 significatur.
1447 2386 1552 2460 Valet
1569 2404 1686 2463 autern
1708 2393 1826 2462 omnis
1851 2393 1993 2464 collatio
2017 2397 2062 2464 ad
2085 2421 2150 2468 au-

132 2507 274 2579 terdum
302 2513 421 2569 tamen
447 2506 508 2563 aut
528 2490 746 2561 necessitatis
768 2502 830 2575 aut
852 2491 990 2560 decoris
1011 2510 1115 2559 causa
1167 2488 1318 2580 gandam
1336 2489 1632 2579 perspicuitatem,
1652 2495 1857 2584 praesertim
1873 2495 1903 2564 si
1920 2498 2152 2569 admoveatur

133 2592 648 2698 aspergendaeeruntfigurae.
697 2589 790 2661 Nam
810 2589 874 2661 ubi
890 2592 1019 2662 desunt
1033 2614 1117 2681 pro·
1167 2587 1366 2657 similitudo
1381 2594 1425 2657 ad
1443 2614 1597 2665 sensum.
1649 2593 1834 2682 Quantum
1852 2597 2034 2684 dignitatis
2051 2601 2152 2671 addit

51 2740 55 2747 ·
132 2708 231 2801 pria,
255 2701 349 2791 cogit
368 2697 490 2789 inopia
511 2718 553 2764 es
575 2692 693 2763 vicino
717 2692 804 2762 alias
823 2714 926 2762 voces
948 2690 1117 2774 mutuari,
1167 2687 1293 2779 apibus
1316 2686 1510 2779 Virgilius,
1537 2717 1617 2763 cum
1639 2696 1704 2766 ait:
1741 2695 1841 2787 lpsae
1864 2721 1981 2787 regem
2005 2722 2151 2789 parvos-

133 2808 236 2881 utin
256 2803 389 2874 vitibus
410 2819 583 2889 gemmam
611 2795 742 2875 dicunt
757 2791 898 2878 Latini,
930 2807 965 2864 et
987 2789 1117 2863 Gracci
1166 2814 1235 2883 que
1256 2787 1417 2876 Quirites
1445 2793 1636 2868 sufficiunt.
1696 2793 1894 2868 Nemeum
1917 2799 2023 2870 vellet
2046 2798 2153 2872 seho-

135 2900 351 3007 ὀφθαλμὸν,
371 2897 669 2996 quemadmodum
683 2890 914 2981 ethrmani,
931 2893 1015 2988 quia
1031 2916 1116 2986 pro·
1168 2894 1237 2960 lem
1262 2891 1398 2978 dicere,
1425 2909 1608 2966 mutuatur
1629 2921 1761 2966 nomen
1784 2898 1926 2991 populi,
1952 2902 2151 2995 etquidem

134 3012 253 3107 prium
271 3010 378 3077 deest.
430 2998 520 3071 Nam
539 2998 643 3069 initio
661 2997 847 3067 necessitas
867 2996 1006 3089 peperit
1029 2997 1118 3085 ligu-
1167 2991 1325 3064 Romani
1339 2994 1500 3066 omnium
1515 2998 1672 3088 gentium
1690 3000 1852 3080 victoris,
1880 3015 1918 3071 ut
1941 3001 2152 3092 dignitatem

135 3116 205 3199 ris,
226 3110 292 3182 ubi
308 3102 452 3201 propria
467 3102 624 3171 deerant.
674 3097 780 3169 Tunc
800 3097 908 3167 ctiam
934 3098 1033 3167 aliud
1057 3119 1119 3166 su·
1168 3094 1285 3184 exigui
1301 3094 1426 3168 insecti
1442 3113 1596 3186 augeret.
1622 3100 1831 3197 Similitudo
1844 3116 1960 3172 autem
1977 3118 2038 3190 est,
2055 3107 2153 3197 quod

134 3239 232 3287 mere
262 3213 378 3292 decet,
403 3228 484 3275 curn
516 3200 581 3271 etsi
608 3196 737 3269 habeas
761 3199 966 3291 proprium,
998 3214 1117 3268 tamen
1168 3216 1250 3285 apes
1268 3190 1707 3293 habentsuamquandam
1723 3205 1990 3294 rempublicam.
2015 3202 2063 3275 Et
2075 3204 2155 3278 Ro-

136 3310 391 3407 significantius
413 3317 466 3374 est
488 3304 605 3387 aliud,
637 3298 785 3389 figurate
811 3300 967 3381 dictum,
998 3310 1041 3368 ut
1061 3298 1119 3367 in·
1169 3319 1273 3364 mane
1289 3300 1430 3390 respub.
1445 3303 1607 3371 omnium
1623 3303 1756 3395 optime
1771 3306 1961 3377 constituta
1974 3321 2060 3378 erat.

137 3419 337 3487 flammatus
358 3409 428 3490 ira,
461 3428 526 3495 91⁰
548 3402 660 3484 irato,
689 3395 759 3469 b⁰⁶
788 3400 884 3468 enlm
913 3399 1027 3470 litim
1056 3414 1119 3475 ²⁸1·
1272 3407 1659 3512 Mseoitqptcdicitur,
1684 3423 1748 3491 ubi
1763 3445 1836 3491 non
1852 3424 2064 3495 transfertur
2086 3450 2155 3496 no·

136 3515 319 3588 Invadunt
332 3510 456 3579 urbem
474 3526 599 3574 ⁸⁰¹⁰¹¹⁰
615 3500 770 3595 Vi¹¹⁰tt¹¹e
790 3501 984 3592 ⁸0P¹¹¹l³¹¹¹s
1008 3500 1120 3590 ‘38¹5-
1169 3538 1252 3585 men
1273 3539 1294 3584 a
1315 3515 1444 3603 simili,
1470 3532 1510 3588 ut
1531 3544 1657 3612 supra,
1676 3526 1737 3593 scd
1759 3524 1913 3594 sumitur
1931 3550 1951 3595 a
1970 3549 2073 3597 eausa
2096 3542 2157 3599 aut

136 3616 299 3689 ficantius
323 3623 391 3693 est,
424 3628 529 3700 quarn
554 3604 585 3674 si
604 3601 749 3673 dixisset
773 3603 967 3695 sopitam,
995 3600 1121 3688 Ρθῑῑῡ,
1171 3616 1315 3702 effectu,
1341 3633 1382 3690 ut
1404 3620 1537 3711 pallida
1562 3646 1678 3709 mors,
1703 3626 1786 3717 quia
1812 3627 1897 3696 iacit
1921 3627 2053 3718 pallere
2075 3653 2157 3698 cor*

138 3733 180 3790 ut
201 3714 395 3810 plurimum
418 3707 572 3777 afferunt
592 3703 724 3796 gratiae
746 3702 879 3794 figurae
899 3688 1060 3788 inloto,
1087 3716 1122 3775 et
1172 3742 1270 3810 pora.
1329 3716 1464 3789 Vinum
1487 3721 1662 3809 calidum,
1703 3727 1786 3818 quia
1812 3729 1970 3797 calefacit
1994 3754 2155 3820 corpora.

139 3843 244 3914 parce
264 3824 471 3904 usurpatae,
501 3809 551 3879 ita
580 3806 811 3876 viciotissssimtt
837 3819 871 3875 el
900 3805 1121 3899 ῑηθρῑῖδδῐῐῦᾶ
1171 3819 1378 3890 immoritur
1399 3823 1527 3891 studiis
1550 3836 1585 3894 et
1604 3849 1724 3896 amore
1745 3831 1895 3899 senescit
1915 3824 2092 3912 habendi,
2118 3833 2157 3903 id

140 3920 255 3993 oratio
273 3929 344 4000 est,
369 3913 409 3981 in
427 3932 498 4004 qua
520 3910 610 3978 benc
632 3903 726 3976 nihil
748 3906 957 3999 simpliciter
978 3908 1122 3980 dicitur·
1172 3934 1242 4005 est,
1266 3921 1499 3996 consumitur.
1549 3923 1698 3997 Laetum
1714 3925 1970 4018 Evangelium,
1995 3934 2079 4025 quia
2093 3957 2158 4024 pa-

141 4024 274 4096 Seueca
295 4014 419 4087 scribit
442 4009 623 4088 Fortium,
645 4009 820 4080 illimem
841 4007 987 4092 (Ῑῖῐῖῐθθ,
1013 4007 1121 4078 Suffl-
1173 4023 1220 4092 rit
1234 4021 1422 4094 laeticiam.
1457 4023 1589 4096 Tristis
1604 4027 1673 4109 les,
1699 4030 1782 4120 quia
1799 4045 1906 4103 terret
1922 4047 1956 4103 et
1970 4036 2158 4105 tristiciam

139 4149 236 4195 mam
251 4142 324 4191 esse
337 4111 570 4195 dementiam,
594 4111 805 4202 detorquere
821 4109 1040 4193 orationem,
1065 4109 1122 4179 cui
1174 4121 1298 4194 adfert,
1350 4117 1428 4214 Ego
1446 4131 1750 4209 sum-resurrectio
1769 4146 1803 4202 er
1824 4134 1916 4218 visa,
1943 4136 1979 4203 id
2002 4151 2072 4215 esc,
2099 4161 2158 4208 η.

141 4239 273 4298 rectam
288 4242 361 4292 esse
377 4216 489 4285 liceat.
514 4208 611 4281 Haec
628 4208 884 4299 rossignilicat
904 4223 1124 4305 quantopere
1173 4225 1361 4295 suscitator
1383 4227 1637 4300 etvivifieator.
1688 4228 1850 4303 Fortasse
1865 4237 2086 4323 grammatici
2101 4241 2160 4308 di·

140 4326 371 4398 immodicum
388 4320 581 4409 figurarum
594 4332 699 4382 utum
717 4324 851 4382 velem
865 4312 1019 4382 ῡᾶθῐῑῦῑ·
1174 4328 1290 4397 serint
1303 4323 1390 4395 haee
1406 4351 1480 4399 esse
1495 4331 1744 4425 metonymias,
1766 4337 1827 4403 sed
1845 4359 1918 4405 non
1934 4352 2018 4408 sunt
2033 4362 2159 4430 super-

535 4489 544 4505 .
832 4485 840 4501 .
1113 4502 1118 4513 „
1175 4427 1310 4499 stitiose
1325 4427 1580 4501 discernendae
1601 4433 1743 4523 figurae.
1794 4433 1872 4525 Ego
1893 4440 2040 4509 nomina
2061 4465 2162 4511 sum-

358 4491 418 4562 D⁶
445 4496 564 4579 ’ΜΝ
588 4491 626 4555 ‘t
650 4479 919 4555 mmmm
1018 4574 1024 4587 ι
1177 4544 1234 4621 pta
1257 4554 1278 4599 a
1302 4529 1415 4601 causis
1438 4547 1499 4602 aut
1513 4531 1716 4618 effectibus,
1743 4533 1961 4607 Graecorum
1977 4566 2094 4622 more,
2121 4545 2162 4613 in

246 4608 377 4681 Graeci
400 4618 528 4676 Vticam
548 4594 727 4694 ῐθόπθυθν
747 4622 827 4667 Μ’
851 4623 920 4668 V⁰¹
943 4602 1124 4693 ‘'impii‘’
1177 4627 1242 4700 hac
1262 4631 1374 4721 ligura
1395 4635 1552 4718 colloco,
1585 4659 1625 4706 ac
1647 4637 1761 4707 maius
1787 4640 1967 4731 quoddam
1988 4643 2162 4714 interval-

46 4776 55 4805 .
144 4711 401 4805 ilssnlfifflllffl‘e
416 4707 460 4774 ”d
474 4727 550 4773 “¹⁰
563 4702 715 4817 3ἰωίιωῖ
730 4700 951 4819 Ῠωίοἰηῧω
963 4703 1126 4819 ‘'frum‘’
1177 4732 1251 4800 lum
1270 4745 1304 4801 et
1319 4732 1511 4805 discrimen
1526 4736 1618 4806 facio
1639 4735 1735 4806 inter
1757 4741 1965 4832 metalepsin
1986 4758 2021 4815 et
2045 4760 2162 4817 meto·

143 4832 184 4888 ut
198 4804 456 4885 Demosthene·
479 4805 616 4922 inqut,
648 4798 856 4920 rumpam
879 4803 1126 4890 magnaurae
1177 4833 1353 4927 aymam,
1379 4835 1729 4928 quamuanaum,
1755 4853 1795 4909 ut
1810 4842 1950 4912 saeuius
1968 4848 2113 4937 agnosci
2128 4865 2162 4922 a

146 4923 465 5002 rerumgestarum
494 4907 632 4975 ebrium
655 4925 746 4988 esse,
776 4898 835 4972 luc
857 4917 1020 4994 apparet,
1051 4930 1126 4977 non
1176 4934 1330 5005 difflui
1346 4936 1493 5026 possint,

145 5015 294 5088 retineri
310 5004 793 5111 Pf⁰Pfl⁰m⁸lss⁰ffi⁰³²i⁰¹¹⁸m
811 5004 1001 5076 “briam“
1278 5051 1501 5151 Συνεκδοχὴ
1525 5054 1791 5148 comprehensio
1815 5064 1963 5150 dicitur,
2000 5091 2083 5138 cum
2107 5075 2162 5142 vel

555 5143 598 5210 Σ
597 5142 654 5231 χῆ
660 5162 733 5228 μα·
930 5228 933 5237 ,
1179 5170 1293 5227 totum
1307 5170 1405 5247 parte
1419 5154 1772 5249 comprehendimus,
1797 5179 1837 5235 ut
1853 5190 2057 5239 mueronem
2073 5174 2162 5241 dici-

250 5257 436 5359 Σχήματα
457 5270 585 5329 vocant
610 5255 709 5348 quasi
732 5269 848 5346 gestus
873 5254 1064 5341 orationis,
1088 5257 1128 5327 in
1180 5280 1261 5360 mus
1275 5280 1339 5350 pro
1355 5258 1487 5348 gladio.
1539 5258 1708 5335 Animam
1725 5290 1790 5356 pro
1810 5268 1990 5339 animante
2009 5294 2074 5343 seu
2093 5268 2162 5344 ho·

148 5371 281 5467 quibus
295 5377 435 5439 nonest
448 5380 587 5433 necesse
603 5368 741 5428 mutare
756 5356 1049 5449 significationem
1064 5383 1128 5431 vo·
1182 5360 1301 5444 mine,
1331 5372 1372 5433 ut
1394 5356 1527 5439 Omnis
1550 5364 1667 5437 anima
1687 5366 1832 5439 subdita
1850 5369 1898 5441 sit
1919 5376 2162 5464 potestatibus,
