4538 5754
158 239 238 317 ms
364 231 575 310 scatent
600 231 677 304 ru.
704 229 824 306 uu.
848 227 916 304 au
941 227 1070 305 u1sr.
1095 227 1242 310 eaor.
1271 229 1338 308 ar
1364 229 1555 312 eureos.
1582 175 1978 310 secessurus
2110 240 2186 313 sss

114 428 123 449 ⁸
163 409 253 484 Eius
274 407 431 479 exercitii
457 407 674 476 consuetudo
697 406 827 476 motus
848 427 993 494 magnas
1011 402 1166 507 utiliter·
1200 409 1305 500 dere,
1331 432 1422 503 quse
1436 408 1542 480 etism
1558 410 1635 479 sine
1648 409 1762 481 literis
1775 393 1861 480 nota
1874 409 1947 481 sint
1960 412 2189 484 mediocriter

165 513 344 585 tesaffert.
395 508 556 578 Primum
574 509 715 577 enimsi
731 531 786 577 res
801 510 997 598 prudenter
1019 505 1148 574 electae
1200 511 1404 602 ingeniosis.
1456 509 1559 581 Hanc
1581 513 1676 581 enim
1691 508 2005 603 reprehensionem
2019 505 2098 585 'non
2116 510 2189 585 esse

165 625 411 712 proponamus
430 611 626 691 luvesslulis
653 610 760 679 Simul
775 612 950 678 formatur
974 607 1145 676 iuditium
1201 638 1320 683 veram
1343 637 1398 682 res
1421 610 1496 704 ipsa
1519 615 1685 687 ostendit.
1739 613 1900 686 Multum
1924 616 2019 685 enirn
2042 617 2189 688 interest

62 750 66 759 ·
166 723 210 789 de
241 716 361 786 mullis
394 713 643 782 communibus
673 711 960 804 quaesllosslbuss
997 730 1147 800 quatum
1200 715 1293 786 iuter
1308 716 1403 808 ipsos
1419 715 1637 805 ingeniosos,
1664 741 1817 810 quorum
1834 716 1897 786 alii
1913 731 2089 808 reguntur
2102 733 2188 804 arte,

167 819 321 910 cognitio
336 816 429 886 vilae
442 814 543 885 ullll⁸
558 829 620 899 ⁰⁵1,
637 815 757 906 qual&
774 827 858 883 ⁸⁰⁰1
872 811 1039 881 malerlae
1055 805 1146 902 phy·
1199 817 1261 885 alii
1276 841 1349 886 non
1371 831 1542 906 reguntur
1555 831 1641 892 arte.
1693 817 1743 887 Hi
1764 819 1827 912 qui
1853 833 1947 888 recte
1972 820 2188 906 didicerunt,

165 924 255 991 sicae
278 932 313 990 et
330 913 484 999 ethicae,
509 917 593 986 item
619 912 834 1005 theologicae
857 916 1005 984 idoneae
1030 909 1147 988 aetati,
1200 919 1322 989 vident
1344 931 1475 1004 metas,
1499 919 1592 990 iutra
1613 943 1700 1013 quas
1723 935 1797 990 tum
1820 920 1858 988 in
1885 922 2090 991 definiendo
2113 937 2189 993 tum

164 1038 219 1095 ul:
248 1019 533 1091 Virtuseslfinis
552 1014 724 1096 hominis,
752 1041 826 1088 non
844 1017 1015 1107 voluptas.
1058 1011 1146 1105 Cyr—
1200 1020 1238 1089 in
1254 1022 1532 1111 argumentando
1557 1023 1690 1091 versari
1713 1034 1862 1112 oportet.
1914 1023 1991 1092 Alii
2013 1039 2190 1114 vagantur

165 1127 251 1196 silus
265 1126 354 1194 dans
372 1117 601 1190 inhonestum
623 1120 828 1204 consilium,
855 1119 944 1188 iuste
970 1117 1147 1206 lapidatus
1198 1137 1239 1193 ut
1256 1123 1360 1207 libet,
1384 1135 1418 1193 et
1431 1145 1532 1214 saepe
1545 1122 1661 1192 aliena
1678 1147 1698 1194 a
1713 1123 1895 1214 proposito
1910 1125 2053 1209 dicunt,
2077 1139 2113 1194 et
2128 1151 2190 1194 ne-

165 1241 227 1298 est·
276 1220 489 1295 Christianis
512 1245 713 1291 concessum
740 1235 790 1291 est
813 1243 932 1310 gerere
963 1218 1147 1306 magistra·

164 1347 241 1413 tus,
266 1328 438 1410 militare,
466 1325 597 1394 iudicia
612 1347 789 1407 exercere,
815 1336 935 1393 tenere
952 1320 1146 1411 proprium,

164 1428 323 1522 repetere
349 1451 405 1497 res
430 1427 469 1495 in
494 1426 637 1495 iudiciis
663 1441 727 1498 etc.
784 1422 859 1494 Cur
890 1447 965 1492 non
997 1419 1147 1509 singulis

164 1532 347 1602 mensibus
360 1532 447 1600 fiant
462 1528 626 1619 eclipses,
651 1526 710 1597 An
727 1526 867 1616 eclipsis
880 1524 975 1596 Solis
998 1543 1147 1611 conspe-

165 1647 240 1718 cta,
267 1657 347 1705 cum
362 1630 477 1701 Filius
492 1626 560 1700 Dei
579 1632 746 1720 penderet
761 1629 799 1696 in
817 1652 935 1705 cruce,
961 1626 1069 1695 suerit
1082 1646 1147 1690 na-

164 1736 302 1824 turalis.
354 1732 475 1822 Quare
498 1732 650 1802 ebrietas
674 1732 818 1800 cerebro
844 1739 986 1811 noceat,
1020 1741 1055 1797 et
1079 1726 1146 1793 im-

87 1847 88 1850 ’
164 1837 260 1930 pleat
272 1858 400 1926 corpus
416 1824 536 1904 crudis'
554 1829 777 1905 humoribus.
818 1829 958 1901 Deinde
973 1826 1145 1899 iudicium

165 1942 209 2008 de
225 1937 420 2029 praeceptis
434 1936 626 2005 dialecticis
643 1936 792 2016 acuitur,
817 1955 897 2002 cum
908 1933 1146 2001 connexiones

164 2055 302 2111 nostras
327 2040 373 2108 ad
399 2061 438 2108 ea
465 2036 696 2107 conferimus:
733 2035 922 2106 Formatur
961 2047 995 2103 et
1021 2053 1147 2112 sermo,

164 2143 249 2237 quia
263 2165 335 2211 una
349 2139 524 2211 sententia
540 2163 644 2231 saepe
659 2140 755 2208 varie
781 2137 959 2207 efferenda
982 2149 1053 2217 est,
1078 2135 1147 2202 do-

163 2268 228 2314 nec
245 2243 388 2313 inventa
412 2243 516 2312 fuerit
541 2242 694 2311 formula
717 2238 979 2333 propriissime,
1009 2236 1146 2305 mollis·

164 2346 250 2415 sima
268 2358 302 2414 et
324 2344 475 2413 maxime
498 2343 692 2434 perspicua.
752 2339 918 2430 Denique
941 2335 1027 2409 haec
1048 2360 1147 2407 exer·

45 2462 49 2468 ·
163 2447 283 2517 citatio
299 2469 373 2516 non
390 2445 505 2513 solum
521 2444 619 2514 utilis
645 2458 713 2527 est,
737 2443 930 2512 sedetiam
954 2440 1147 2530 ingeniosis

163 2549 270 2618 ludus
293 2560 343 2616 est
366 2570 441 2615 non
465 2546 633 2615 insuavis.
684 2543 840 2615 Facilius
864 2557 979 2612 autern
1003 2544 1147 2633 gignent

164 2664 392 2739 argumenta,
426 2670 506 2718 cum
528 2644 666 2718 discent
687 2646 888 2740 quaerenda
909 2667 984 2714 esse
1007 2667 1147 2734 genera,

165 2751 407 2832 definitiones,
439 2765 584 2834 causas,
604 2750 768 2829 effectus,
794 2760 835 2818 ut
855 2760 975 2839 postea
998 2748 1037 2816 in
1060 2746 1147 2815 locis

164 2853 319 2936 dicetur,
345 2865 379 2921 et
394 2852 464 2919 iam
481 2851 584 2921 toties
599 2852 732 2922 dietum
749 2865 799 2922 est
818 2850 857 2918 iu
879 2848 993 2919 causis
1016 2850 1145 2938 figura-

163 2980 261 3039 rum,
286 2956 382 3022 unde
396 2976 581 3044 processus
596 2954 841 3025 instituantur.
880 2948 930 3022 Et
950 2963 1147 3022 monstrent

164 3059 321 3128 iuniores
337 3056 643 3147 praeceptoribus,
669 3070 730 3126 aut
751 3055 831 3124 aliis
848 3050 1102 3138 monitoribus,
1127 3077 1147 3121 a

163 3160 295 3254 quibus
308 3159 470 3227 adiuvari
487 3170 653 3249 possum,
681 3157 894 3245 excogitatos
915 3156 1148 3250 syllogismos,

163 3278 203 3332 ut
219 3261 388 3341 audiant.
413 3280 503 3351 quae
519 3261 678 3329 membra
693 3272 786 3328 recte
803 3270 1044 3346 coagmentata
1066 3256 1148 3341 sint,

164 3384 254 3455 quae
267 3384 341 3430 non
358 3360 430 3430 sint
445 3374 538 3429 recte
557 3373 815 3449 coagmentata,
841 3372 876 3427 et
890 3361 1051 3429 ostendat
1070 3383 1148 3426 mo-

164 3464 279 3534 nitor:
307 3462 369 3530 ubi
384 3474 419 3528 et
436 3484 500 3531 cur
521 3475 675 3531 erratum
700 3460 774 3543 sit,·
789 3473 823 3529 et
845 3474 1007 3529 contexat
1028 3460 1147 3530 aliter:

166 3564 350 3634 luterdum
366 3573 401 3632 et
417 3561 614 3655 squalidius
630 3563 723 3633 dicta
746 3562 857 3651 magis
877 3562 1020 3652 proprie
1042 3575 1076 3632 et
1100 3562 1148 3630 si-

165 3664 374 3757 gnificanter
389 3662 535 3752 reddat,
561 3677 594 3734 et
610 3663 815 3735 assuefaciat
830 3661 1003 3734 discentes
1019 3666 1064 3734 ad
1087 3688 1148 3732 ve-

165 3769 279 3840 ritatis
293 3788 449 3837 amorem
460 3766 504 3836 'in
520 3767 678 3837 materiis
694 3761 870 3850 honestis,
895 3789 1046 3859 quarum
1062 3786 1148 3835 usus

166 3872 270 3940 estin
286 3867 467 3939 communi
493 3871 576 3940 rita.
628 3866 701 3940 Nec
722 3869 939 3940 Dialecticen
965 3867 1148 3938 transferri

165 3975 260 4043 sinat
273 3984 410 4041 tantum
421 3972 464 4040 ad
483 3971 606 4040 inanes
624 3984 658 4042 et
673 3973 840 4042 ridiculas
853 3970 1044 4060 captiones,
1061 3993 1149 4061 qua-

163 4078 215 4146 les
241 4086 340 4144 sunt:
368 4071 498 4144 Nullus
523 4085 558 4144 et
584 4077 690 4143 nemu
716 4076 882 4143 mordent
906 4094 943 4141 se
968 4072 1006 4140 in
1037 4094 1148 4155 sacco,

164 4197 255 4272 quae
269 4188 352 4246 ante
369 4169 454 4244 haec
467 4189 626 4267 tempora
643 4177 921 4246 obscuraverunt
937 4196 1040 4244 usum
1058 4172 1149 4242 Dia·

165 4283 321 4364 lectices,
348 4289 383 4347 et
397 4291 516 4367 postea
531 4277 751 4369 corruptelae
766 4278 910 4347 fuerunt
924 4276 1075 4347 aliarum
1091 4298 1148 4344 ar-

166 4384 255 4454 tium
272 4397 305 4452 et
320 4381 504 4450 doctrinae
528 4379 722 4470 religionis.
772 4377 970 4450 Sumuntur
990 4378 1148 4468 exempla

166 4509 207 4555 ex
224 4485 317 4553 veris
334 4495 368 4554 et
383 4483 531 4554 utilibus
544 4483 678 4567 causis,
705 4495 740 4555 et
754 4494 952 4570 congruant
968 4470 1150 4550 communi

166 4600 258 4657 recte
273 4585 496 4678 loquentium
518 4585 686 4659 sermoni.
738 4583 781 4654 ln
803 4583 933 4653 talibus
956 4580 1150 4672 conspicie-

1200 1249 1377 1318 quaquam
1394 1219 1617 1295 cohaerentia
1639 1239 1842 1297 contexunt.
1893 1223 1933 1294 Si
1956 1227 2018 1317 qui
2043 1228 2189 1296 subtili·

1199 1340 1306 1397 tatem
1325 1339 1464 1409 amant,
1489 1326 1528 1394 in
1549 1328 1640 1396 veris
1664 1325 1858 1417 praeceptis
1880 1326 2188 1415 praedicamento-

1199 1453 1279 1499 rum
1295 1442 1329 1498 et
1342 1428 1628 1521 syllogismorum
1650 1429 1835 1497 invenient
1850 1428 1981 1513 multa,
2006 1452 2098 1522 quae
2114 1455 2188 1499 non

1199 1544 1282 1601 sunt
1297 1529 1458 1620 agrestia,
1484 1546 1520 1600 et
1534 1542 1686 1601 attentos
1702 1532 1747 1599 ad
1765 1551 1973 1618 magnarum
1992 1546 2026 1599 et
2042 1532 2188 1602 utilium

1199 1656 1317 1703 rerum
1335 1631 1654 1702 considerationem
1670 1634 1865 1701 deducunt.
1916 1628 1988 1700 Nec
2003 1632 2083 1703 laus
2101 1634 2187 1703 sub-

1199 1735 1335 1807 tilitatis
1351 1746 1411 1803 aut
1424 1734 1597 1804 acuminis
1619 1736 1796 1805 tribuatur
1825 1731 2022 1822 praestigiis
2045 1750 2109 1806 aut
2131 1760 2188 1805 ca-

1200 1836 1466 1920 villationibus,
1500 1836 1629 1937 quibus
1654 1837 1775 1907 nullae
1798 1857 1852 1903 res
1879 1833 1991 1901 bonae
2021 1837 2187 1921 subsunt,

1200 1952 1235 2010 et
1250 1961 1402 2031 quarum
1418 1938 1519 2007 nulla
1534 1937 1573 2005 in
1590 1938 1661 2007 vita
1677 1951 1729 2008 est
1743 1937 1889 2006 utilitas.
1942 1931 2021 2005 Hoc
2037 1949 2090 2007 est
2111 1960 2186 2008 ma-

1199 2064 1308 2132 gnum
1324 2039 1457 2128 ingenii
1475 2042 1597 2124 decus,
1623 2041 1661 2108 in
1677 2039 1910 2129 explicatione
1925 2059 2045 2107 rerum
2067 2041 2183 2111 hona-

1199 2167 1279 2213 rum
1293 2155 1328 2211 et
1344 2142 1486 2212 utilium
1504 2136 1676 2210 adhibere
1690 2155 1822 2221 artem,
1844 2150 1885 2206 ut
1907 2140 2083 2210 certitudo
2109 2167 2202 2212 ma·.

1199 2258 1281 2315 neat
1296 2245 1341 2313 de
1359 2245 1452 2312 veris
1466 2243 1661 2327 sententiis,
1687 2267 1768 2313 cum
1784 2238 1997 2309 Dialecticae
2014 2243 2118 2313 metis
2130 2246 2185 2313 in-

1199 2349 1316 2417 clusae
1336 2359 1440 2432 suut,
1462 2358 1497 2414 et
1518 2345 1664 2414 refutari
1685 2345 1794 2414 falsae
1811 2354 1906 2410 certo
1926 2342 2084 2432 possint,
2106 2370 2185 2416 curn

1200 2448 1416 2532 ostenditur,
1441 2471 1531 2540 quae
1549 2447 1709 2516 membra
1732 2468 1796 2514 cur
1810 2466 1884 2510 non
1903 2436 2083 2516 haereant.
2140 2445 2183 2518 Ut

1199 2551 1289 2621 aliae
1304 2564 1417 2636 artes,
1441 2549 1489 2618 ita
1503 2548 1695 2622 Dialectica
1710 2544 1933 2618 certitudinis
1947 2569 2051 2617 causa
2065 2546 2185 2641 inqui·

1199 2654 1264 2724 sita
1280 2664 1314 2721 et
1329 2650 1518 2722 constituta
1535 2662 1596 2719 est.
1647 2650 1765 2720 Multa
1782 2647 1877 2717 enim
1896 2641 2061 2718 homiues
2084 2649 2181 2741 inge·

1200 2753 1293 2824 niosi
1312 2752 1441 2822 similia
1457 2751 1629 2821 artificum
1645 2753 1758 2822 facere
1774 2759 1932 2840 possunt.
1979 2749 2052 2820 Sed
2065 2774 2183 2821 causas

1200 2860 1382 2946 ignorant,
1410 2877 1473 2923 cur
1488 2853 1538 2922 sic
1551 2854 1716 2923 fabricari
1733 2852 1863 2921 artium
1883 2874 1989 2943 opera
2013 2867 2182 2943 oporteat.

1199 2955 1349 3029 Etcum
1373 2956 1547 3027 certitudo
1572 2956 1683 3039 absit,
1710 2952 1846 3043 ncipsi
1870 2951 2015 3043 quidem
2042 2957 2182 3047 acquie-

1199 3074 1303 3132 scunt
1318 3058 1458 3139 animis,
1478 3059 1537 3126 sed
1554 3057 1721 3145 languide
1738 3054 1977 3125 assentiuntur
1993 3055 2089 3122 veris
2106 3079 2182 3126 sen-

1200 3162 1335 3249 tentiis,
1362 3173 1530 3252 tauquam
1557 3159 1698 3248 longius
1719 3180 1781 3259 per
1805 3153 1990 3244 caliginem
2014 3180 2071 3226 eas
2093 3160 2182 3249 aspi-

1200 3266 1340 3336 cientes.
1401 3260 1469 3331 Sed
1501 3261 1625 3328 artilex
1656 3261 1694 3327 in
1727 3258 1904 3340 docendo,
1936 3258 2181 3329 confirmando

1200 3381 1235 3439 et
1251 3364 1437 3436 refutando
1453 3362 1582 3431 certior
1598 3375 1666 3445 est,
1692 3373 1727 3430 rt
1744 3360 1841 3429 videt
1865 3382 2015 3441 suorum,
2036 3383 2182 3450 operum

1200 3491 1339 3551 causas,
1364 3479 1398 3535 et
1413 3465 1656 3556 acquiescens,
1679 3462 1780 3530 firma
1807 3483 1865 3527 eas
1886 3460 2091 3530 assensione
2113 3488 2185 3533 am·

1200 3569 1384 3663 plectitur,
1420 3577 1453 3633 et
1476 3563 1553 3634 Deo
1584 3564 1714 3655 gratias
1738 3563 1809 3652 agit
1831 3585 1895 3650 pro
1921 3586 1960 3630 ea
1987 3561 2089 3647 luce,
2116 3591 2183 3656 ¹nec

1202 3696 1300 3742 more
1316 3661 1599 3763 Pyrrhoniorum
1615 3666 1821 3757 praestigias
1835 3663 2005 3753 excogitat
2024 3665 2070 3732 ad
2088 3667 2184 3738 labe·

1200 3773 1399 3844 sectandam
1415 3768 1610 3841 veritatem.

1303 3870 1405 3942 Hanc
1422 3869 1652 3938 necessariam
1668 3865 1948 3938 admonitionem
1966 3860 2025 3935 hic
2042 3867 2186 3954 inserui,

1201 3989 1241 4048 ut
1265 3976 1439 4044 discentes
1463 3971 1638 4060 cogitent,
1666 3971 1710 4038 ad
1728 3994 1833 4062 quem
1850 3967 1955 4035 finem
1973 3965 2186 4042 Dialecticae

1202 4079 1358 4148 studium
1377 4073 1603 4144 referendum
1618 4073 1683 4157 sit,
1707 4086 1742 4142 et
1757 4068 1921 4140 exercitia
1945 4070 2032 4141 artis
2054 4073 2184 4144 indicio

1201 4182 1409 4272 gubernent:
1472 4194 1479 4212 ¹

1488 4391 1557 4473 De
1584 4387 1912 4495 Entbynemale.

1305 4570 1517 4645 Accedimus
1535 4572 1577 4640 ad
1594 4572 1748 4665 reliquas
1762 4572 1893 4663 species
1908 4575 2186 4660 argumentatio-

131 4705 225 4761 -tur
251 4709 336 4759 usus
361 4687 459 4755 artis.
511 4684 552 4756 ld
580 4688 769 4758 consilium
795 4686 881 4755 dum
908 4683 984 4774 ipse
1009 4704 1149 4776 sequor,
1202 4679 1279 4761 nis,
1311 4701 1463 4770 quarum
1485 4674 1550 4744 etsi
1574 4696 1722 4763 magnus
1745 4697 1830 4744 usus
1853 4687 1903 4742 est
1927 4674 1964 4742 in
1989 4677 2089 4745 omni
2114 4702 2186 4748 ser-

166 4789 324 4885 praecidi
342 4788 471 4859 multas
487 4791 644 4878 regulas,
671 4802 707 4861 et
726 4786 837 4859 multa
858 4784 1009 4855 ridicula
1032 4807 1150 4855 exem·
1202 4802 1326 4865 mone,
1350 4791 1471 4848 tamen
1487 4775 1680 4870 syllogismi
1697 4775 1735 4842 in
1762 4774 2130 4849 demonstrationibus
2154 4791 2188 4850 et

168 4895 245 4986 pla,
271 4914 360 4985 quae
376 4891 489 4961 miror
505 4887 820 4967 hominibussanis
845 4887 885 4956 iu
908 4898 1062 4956 mentem
1087 4908 1149 4953 ve-
1202 4882 1240 4950 in
1256 4879 1472 4972 gravissimis
1487 4877 1600 4947 causis
1613 4876 1856 4961 dominantur,
1879 4902 1944 4946 nec
1958 4893 2030 4948 tam
2047 4880 2188 4972 fragiles

167 4998 245 5066 nire
270 4993 442 5085 potuisse,
472 5000 626 5086 quorum
649 4991 835 5085 explicatio
862 4989 928 5060 etsi
957 4987 1150 5078 ingeniosis
1201 4998 1314 5070 sunt,
1333 4995 1373 5051 ut
1396 4993 1551 5050 caeterae
1572 4976 1704 5078 species
1728 4979 2056 5068 argumentationis.
2118 4980 2187 5054 Sed

167 5098 280 5169 facilis
301 5109 372 5182 est,
396 5108 515 5166 tamen
537 5109 736 5167 remoratur
750 5108 907 5167 teneram
923 5104 1089 5169 aetatem,
1116 5102 1149 5159 et
1202 5081 1329 5154 harum
1348 5096 1466 5153 tamen
1481 5082 1612 5150 formas
1625 5092 1659 5150 et
1672 5104 1777 5149 usum
1792 5082 1896 5149 etiarn
1914 5083 2105 5152 monstrari
2126 5109 2189 5154 ne-

86 5255 90 5263 .
167 5199 312 5273 abducit
339 5223 358 5268 a
389 5209 578 5288 conspectu
607 5220 711 5268 verae
733 5198 838 5281 artis,
865 5207 901 5265 ct
930 5193 1149 5263 consuetudo
1201 5209 1295 5256 cesse
1305 5198 1367 5265 est,
1382 5208 1463 5255 cum
1477 5182 1682 5273 praesertim
1699 5177 1958 5274 enthymemata
1969 5186 2189 5259 creberrima

167 5301 358 5376 cavillandi
382 5299 580 5391 perniciosa
610 5311 672 5372 est.
737 5300 810 5370 Nec
838 5291 1149 5388 reprehensionem
1201 5289 1326 5361 sintin
1343 5284 1638 5369 omnisermoue,
1665 5282 1889 5375 plurimaque
1908 5284 1948 5352 in
1970 5287 2191 5360 brevissimis

168 5418 291 5477 eorum
304 5415 444 5485 metuo,
470 5400 533 5496 qui
547 5399 672 5473 dicunt
686 5423 744 5474 me
758 5411 898 5473 tautum
911 5398 1151 5490 agrestis-tra-
1200 5388 1434 5465 concionibus
1448 5379 1664 5482 propheticis
1677 5397 1712 5457 et
1726 5385 1928 5478 apostolicis
1942 5387 2119 5478 legantur.
2184 5414 2191 5425 ·
