4538 5754
65 234 146 313 Ν
318 286 323 299 -
647 228 716 314 tlt.
761 222 927 311 tNtrtA
949 219 1245 313 DOOERINAE
1270 228 1527 313 entstcatl.
1806 281 1810 289 ·
2024 236 2105 318 204

60 406 205 480 tim
217 402 334 480 motui
347 403 498 502 proprio
512 401 610 480 Solis
623 404 775 499 singulis
786 405 926 498 diebus,
945 422 1063 505 quru-
1112 402 1252 501 inquit,
1275 403 1454 498 principes
1469 401 1590 477 Sole'su
1613 404 1744 480 imitari
1766 402 1913 497 debere,
1938 407 2002 506 qui
2019 430 2103 484 curn

61 523 147 582 m
173 508 342 583 dmm
1112 506 1152 578 io
1173 507 1254 578 loco
1269 506 1415 577 boreali
1447 508 1493 579 ad
1522 530 1701 580 summurn
1729 506 1910 602 fastigium
1931 513 2102 597 emotis,

171 605 256 683 Eoi
271 609 693 706 igiturmotusproprlus
706 609 802 685 Solis
824 610 864 682 in
880 634 946 684 soo
962 612 1061 684 deie-
1111 606 1313 681 tardissime
1330 623 1512 694 moretur,
1537 622 1577 682 ut
1599 610 1821 684 securitatem
1845 613 2003 685 loomin
2024 615 2102 686 elfi-

60 711 344 807 renterequrlis
357 724 429 799 cst,
453 725 795 786 consentaneumert
816 715 914 785 enim
932 735 1062 805 corpus
1110 709 1202 785 ciat:
1248 706 1300 781 lta
1323 710 1421 801 vult,
1452 709 1629 804 principes
1655 711 1695 782 iu
1721 736 1862 786 summo
1891 709 2033 806 fastigio
2063 728 2102 789 et

59 813 223 905 simplex
241 813 451 905 regulariter
464 815 617 901 moveri,
638 828 758 887 tamen
774 815 906 887 relatus
928 817 974 888 ad
988 813 1062 886 Zo-
1110 809 1274 883 menimis
1299 811 1517 882 metensibus
1541 813 1772 885 modestiores
1795 829 1832 888 et
1860 817 2118 890 contentiores

63 914 217 986 discum
239 913 441 1011 iusequslia
467 917 587 1009 spacia
615 915 763 989 Zodiaci
790 916 951 1012 quotidie
979 939 1062 1011 per·
1110 932 1204 993 este,
1226 935 1273 981 ne
1288 911 1698 1002 elatiiortunael'avore,
1722 916 1839 989 etsibi
1854 918 2102 1009 praefidentes,

66 1029 191 1106 agnat,
222 1018 323 1110 qnod
337 1029 379 1089 ot
400 1018 540 1091 ostendi
563 1019 693 1112 possit,
724 1018 941 1091 eccentricus
962 1018 1062 1089 orbis
1110 1014 1356 1105 obtemperent
1369 1014 1488 1107 pravis
1504 1015 1719 1103 adfectibus,
1742 1032 1805 1091 aut
1824 1019 1960 1092 iucrnti
1980 1033 2101 1107 ruant,

64 1116 194 1190 &tem
215 1118 380 1190 deferens
401 1140 508 1213 suprr
539 1132 701 1192 centrum
724 1121 854 1191 mundi
874 1119 1060 1196 attollitur.
1110 1127 1144 1186 et
1157 1128 1325 1187 moveant
1339 1137 1396 1185 res
1413 1139 1489 1185 non
1501 1118 1731 1204 accurarier,
1756 1133 1792 1193 et
1804 1120 1875 1190 sibi
1887 1134 1923 1194 et
1937 1120 2099 1214 imperiis

63 1215 146 1290 Iam
170 1240 245 1312 qus
269 1232 372 1312 peste
400 1220 616 1293 eccentricns
643 1220 790 1314 propior
818 1235 873 1293 est
893 1221 1061 1307 Zodirco,
1110 1229 1217 1288 tetras
1233 1215 1483 1288 conversiones
1497 1233 1690 1304 accermn,
1712 1235 1753 1293 ut
1766 1223 1927 1294 fecerunt
1941 1220 2097 1315 Pompe·

60 1319 188 1392 msius
215 1320 377 1414 spacium
400 1321 587 1394 eccentrici
608 1322 673 1394 uni
701 1323 802 1413 signo
825 1322 973 1394 Zodiaci
1001 1345 1060 1394 re·
1109 1317 1185 1403 ios,
1209 1313 1402 1391 Antonius
1454 1316 1573 1390 Verba
1591 1316 1775 1392 Plutarchi
1795 1318 1883 1393 brec
1907 1336 2008 1394 sont:
2033 1347 2098 1417 pu·-

62 1420 235 1513 spundet.
287 1419 337 1495 Ut
353 1421 384 1492 si
401 1422 521 1514 plures
541 1423 694 1495 circulor
708 1424 834 1516 pingue
849 1422 888 1495 in
908 1449 982 1497 uno
998 1448 1060 1495 ex·
1106 1415 1300 1513 mopsien
1311 1414 1380 1493 τὸν
1392 1415 1498 1513 ἥλιον
1510 1425 1580 1494 τοῦ
1594 1419 1794 1517 ἄρχοντος,
1819 1420 1861 1506 ὃς
1879 1419 1973 1499 ὅταν
1986 1420 2097 1522 ὅροι·

63 1534 187 1593 tremo
200 1522 359 1608 circulo,
382 1525 530 1616 propior
542 1539 698 1596 extremo
717 1526 835 1598 maior
856 1539 927 1613 est,
949 1550 1059 1621 quam
1105 1536 1175 1615 μα,
1189 1513 1288 1616 λάβῃ
1298 1517 1489 1620 μέγιστον,
1508 1519 1677 1616 ἐξαρθεὶς
1691 1523 1732 1598 ἐν
1746 1527 1825 1609 τοῖς
1836 1521 1999 1622 βορείοις
2012 1518 2097 1598 ltd-

60 1623 273 1697 tertiursut
286 1635 446 1718 quartus.
485 1623 689 1696 Maioribus
706 1639 825 1698 eutem
833 1627 966 1720 spaciis
977 1628 1059 1722 plus
1102 1645 1194 1715 χισα
1221 1624 1393 1710 κινεῖται,
1419 1626 1475 1720 τῷ
1501 1619 1748 1722 σχολαιοτέρῳ
1775 1623 1844 1701 τὸν
1871 1620 2017 1722 δρόμον
2045 1627 2097 1709 sle

62 1723 244 1817 temporis
263 1737 460 1817 competet,
483 1750 565 1797 corn
581 1741 787 1819 peragrator
805 1728 845 1822 in
863 1752 926 1800 soa
940 1729 1058 1801 orbits
1107 1717 1271 1819 ἀσφαλὲς
1284 1719 1572 1818 καθιστάμενος.
1617 1724 1856 1820 Inaequalitas
1871 1741 1990 1801 autern
2006 1752 2097 1823 qus-

52 1819 217 1896 'rebitur
236 1826 442 1919 aequaliter
491 1820 650 1900 Econtra
673 1852 780 1915 vero,
804 1830 868 1901 ubi
884 1827 956 1901 sot.
971 1852 1058 1924 pro-
1107 1824 1150 1896 lis
1166 1824 1231 1911 sit,
1256 1838 1376 1916 postea
1395 1825 1435 1894 in
1450 1826 1583 1898 tabulis
1601 1831 1843 1920 cognoscitur,
1867 1829 1933 1902 ubi
1948 1833 2097 1924 adparet

61 1926 149 2018 pior
173 1940 227 1998 cst
246 1940 368 1997 centro
390 1926 538 2013 mundi,
561 1928 615 1998 ibi
634 1929 755 2001 suiuus
774 1932 931 2023 spacium
945 1930 985 2001 in
1000 1955 1058 2002 ec-
1106 1925 1197 1998 circa
1227 1925 1427 2017 fastigium,
1457 1924 1577 1999 Solem
1606 1943 1707 2000 motu
1732 1931 1878 2025 proprio
1910 1955 2095 2023 peragrare

62 2025 226 2098 centricu
243 2029 434 2119 respondet
448 2027 512 2122 oni
528 2029 629 2119 signo
644 2029 803 2107 Zodiaci.
841 2029 1056 2124 Angustiora
1105 2026 1243 2097 minuta
1258 2022 1320 2097 57.
1345 2025 1447 2099 Atio
1462 2028 1625 2121 opposito
1643 2030 1721 2103 loco
1735 2036 1886 2124 gradum
1904 2034 2095 2125 integrum,

61 2153 148 2201 reso
181 2127 291 2200 citius
321 2143 565 2221 peragrantur.
628 2128 726 2205 Haec
757 2131 910 2205 rudibus
940 2156 1056 2208 crasse
1105 2140 1141 2202 et
1156 2128 1302 2222 insuper
1317 2127 1496 2201 minutum
1513 2153 1647 2214 onum,
1672 2148 1708 2208 ct
1722 2134 1859 2230 aliquot
1876 2138 2042 2215 secunda.
2198 2162 2207 2169 ·

58 2228 167 2325 pingi
191 2243 358 2325 possunt.

1106 2372 1176 2456 (tot
1198 2376 1326 2442 motus
1359 2364 1535 2468 efficient
1558 2368 1664 2460 dies,
1703 2380 1746 2446 et
1770 2377 1834 2469 pus·
1863 2383 1990 2449 notos
2013 2395 2092 2451 sne·

1443 2475 1568 2546 tiotsr
1593 2495 1749 2549 onmes.

1127 2618 1133 2623 '
1207 2601 1313 2678 Dicat
1334 2617 1452 2677 autem
1475 2607 1626 2702 aliquis,
1661 2608 1748 2705 qnid
1771 2612 1915 2703 prodest
1936 2611 2093 2705 arpicere

1107 2701 1172 2778 hos
1186 2708 1357 2790 circulor,
1380 2708 1512 2796 lineas,
1537 2723 1739 2782 ceutronum
1761 2727 1912 2804 puncta,
1937 2713 2092 2786 circurn-

1105 2808 1316 2897 giratiouem
1336 2806 1450 2903 Solis,
1484 2832 1593 2906 quarn
1614 2807 1701 2884 baec
1724 2814 1877 2907 aspectio
1899 2813 2092 2889 utilitatem

1016 2945 1018 2949 ·
1105 2905 1235 2980 habet?

1207 3009 1432 3101 Respondeo.
1481 3008 1579 3085 Haec
1601 3029 1653 3087 est
1674 3014 1827 3103 utiliter,
1851 3031 1892 3088 ut
1913 3017 2091 3091 discamus

1105 3110 1189 3181 inde
1204 3133 1335 3196 causas,
1357 3136 1511 3205 quorum
1528 3128 1689 3187 motuum
1704 3117 1831 3189 ordine
1842 3119 1918 3188 dies
1933 3120 2091 3189 effician-

1105 3226 1174 3296 tur,
1197 3234 1265 3305 qua
1279 3211 1318 3280 in
1333 3236 1371 3282 re
1386 3229 1543 3287 nontam
1560 3217 1658 3290 iuvat
1674 3220 1802 3290 bonam
1817 3233 1969 3290 mentem
1984 3242 2090 3293 nosse

1105 3336 1244 3384 causam
1261 3313 1352 3400 diei,
1379 3339 1486 3407 quam
1501 3321 1599 3410 quod
1615 3335 1686 3391 tarn
1700 3321 1887 3393 artificiose
1907 3320 2091 3413 copulavit

1104 3411 1304 3486 Deorduor
1318 3429 1445 3488 motus.
1498 3415 1659 3490 Primum
1683 3421 1785 3491 illuso
1801 3424 1847 3494 ab
1862 3436 1944 3495 ortu
1966 3423 2007 3493 io
2028 3447 2103 3513 oc-‚

1103 3520 1241 3600 casum,
1268 3527 1304 3585 et
1325 3516 1475 3588 alterurn
1501 3522 1687 3613 prppriurn
1708 3520 1822 3609 Solis,
1852 3524 1937 3621 quia
1958 3521 2089 3597 horum

156 3647 200 3723 εἰ
228 3646 321 3717 dm
352 3647 464 3720 pium
487 3671 530 3720 ex
558 3673 632 3720 uno
660 3661 783 3722 cmm
803 3649 950 3734 edum,
982 3669 1055 3741 quo
1102 3614 1280 3708 copulatio
1295 3616 1403 3689 elficit
1414 3619 1554 3690 dierum
1569 3621 1788 3699 discrimina.

58 3751 200 3845 mg„
213 3750 345 3830 dum,
371 3773 414 3821 ρο
435 3750 547 3842 Μὴ
561 3751 759 3826 dipgbung
809 3748 969 3842 Longius
989 3770 1055 3818 au.
1121 3811 1124 3817 ,
1183 3727 1257 3810 ,Ut
1273 3745 1390 3804 autem
1405 3748 1518 3807 melre
1533 3752 1737 3829 teneantur,
1761 3766 1902 3815 necesse
1917 3757 1969 3817 ert
1983 3766 2088 3818 nosse

58 3868 125 3927 ,a
138 3852 211 3926 3⁰1
237 3848 411 3921 medi„
432 3863 556 3924 stum
577 3852 723 3938 mundi,
748 3853 892 3946 qmdo
911 3843 1055 3920 „him
1102 3830 1256 3924 pueriles
1269 3833 1523 3927 descriptiones
1537 3838 1771 3931 circulorum,
1796 3869 1886 3939 quae
1906 3846 1946 3915 in
1960 3845 2087 3919 libello

59 3954 97 4024 ia
108 3953 223 4046 signis
240 3950 403 4036 aestivis,
428 3954 575 4046 propior
590 3978 675 4025 vero
695 3967 747 4027 eet
770 3966 892 4025 centro
914 3949 1053 4036 mundi,
1102 3929 1286 4027 sphaerico
1301 3937 1505 4012 traduntur.
1530 3937 1720 4037 Proprium
1735 3944 1803 4018 iter
1817 3945 1913 4021 Solis
1925 3962 1977 4020 est
1992 3949 2088 4020 linea

62 4067 210 4127 mm
226 4051 267 4123 g„
283 4045 582 4141 ,pgnpgffibemgg
632 4053 720 4126 lde„
735 4038 1052 4126 ,eggregffixefflng
1100 4035 1218 4107 media
1240 4035 1407 4124 Zodiaci,
1439 4063 1530 4134 quae
1555 4057 1702 4118 vocatur
1724 4043 1918 4141 Ecliptica,
1949 4074 1990 4122 ex
2016 4044 2087 4122 bac

59 4157 255 4228 impotem
272 4166 495 4224 „nmmum
509 4154 604 4226 δορί,
618 4156 658 4227 g„
674 4154 785 4246 333„ss
800 4154 954 4236 mum,
968 4153 1052 4248 qui,
1100 4160 1286 4231 nunquam
1301 4136 1365 4210 Sol
1379 4139 1590 4232 digreditur,
1603 4162 1643 4220 ut
1656 4151 1782 4220 caeteri
1793 4148 1972 4225 Planetae.
1998 4148 2085 4223 Ideo
2138 4177 2144 4187 ·

60 4256 109 4328 ibi
127 4258 270 4329 miore
293 4255 409 4344 spacia
430 4258 650 4348 peragranda
677 4269 773 4329 runt.
824 4252 869 4326 ln
889 4249 1050 4326 hibernie
1099 4244 1180 4311 cum
1202 4237 1297 4310 Solis
1321 4239 1390 4313 iter
1412 4243 1646 4346 certissimum
1674 4249 1741 4337 sit,
1767 4265 1802 4323 et
1824 4249 1889 4323 sot
1911 4265 2086 4347 tanquam

60 4383 139 4431 m
162 4354 282 4449 ⁸33„ss
311 4368 449 4426 mogum
471 4355 566 4427 3011,
596 4382 669 4429 me
699 4355 933 4444 velociorem,
965 4356 1050 4452 qui,
1097 4341 1171 4412 dux
1193 4338 1240 4412 sit
1253 4340 1475 4437 reliquorum
1491 4344 1738 4438 Plauetarom,
1761 4350 1902 4441 cognito
1926 4352 2003 4424 eius
2024 4353 2086 4425 iti-

61 4456 268 4532 pgpmgnon
288 4455 404 4547 ,9352
418 4473 661 4550 pel-,mmm
1097 4465 1200 4529 nere,
1231 4442 1372 4515 facilius
1394 4448 1553 4541 conspici
1576 4451 1706 4521 deiude
1733 4463 1868 4542 potest,
1900 4457 2083 4548 quomodo

135 4558 245 4633 ΗΜ
258 4557 471 4629 taujaima
486 4558 693 4651 imaginario
709 4558 815 4631 nobi,
828 4554 889 4630 hic
901 4556 941 4631 in
956 4553 1049 4657 phy.
1096 4557 1197 4629 ante,
1221 4557 1284 4617 aut
1296 4559 1377 4636 post
1392 4569 1494 4634 eum,
1516 4552 1631 4623 autin
1647 4552 1818 4623 lateribus
1839 4554 2008 4629 incedant
2023 4580 2083 4629 re-

17 4664 22 4674 '
60 4658 318 4735 sicirrufficiat.
354 4648 434 4730 noe
455 4659 551 4730 enirn
574 4664 730 4753 agimus,
749 4672 791 4732 ot
803 4661 967 4733 rudiores
981 4656 1049 4732 bac
1096 4645 1187 4740 li‘1¹¹3
1210 4645 1409 4739 “flmm-

56 4758 363 4846 commeratione,
384 4771 419 4832 et
433 4761 536 4854 qussi
548 4762 686 4855 pictura
700 4772 883 4856 utcunque
896 4761 1049 4850 excitati,
1186 4760 1332 4837 Etcum
1347 4789 1405 4836 res
1417 4769 1580 4838 ostendat
1593 4767 1713 4843 Solem
1721 4772 1875 4867 'proprio
1888 4786 1989 4848 snotu
2006 4799 2083 4849 oon

57 4880 174 4957 pastea
189 4859 338 4936 avidius
354 4875 523 4952 appetant
534 4865 717 4937 doctrinae
729 4864 857 4950 tontes,
881 4876 918 4936 et
931 4862 1047 4936 subti-
1095 4886 1201 4956 super
1214 4864 1308 4962 polis
1329 4867 1456 4938 mundi
1472 4868 1653 4957 incedere,
1679 4874 1941 4959 consideretur,
1964 4879 2084 4973 qualis

54 4966 160 5040 liores
189 4962 537 5051 demonstrationes,
577 4992 668 5060 quae
693 4965 734 5036 in
759 4961 966 5050 Theoricir,
1004 4989 1046 5038 ae
1092 4966 1139 5038 rit
1153 4965 1307 5039 circulus
1321 4966 1509 5052 Zodiacus,
1531 4971 1594 5042 ubi
1607 4973 1680 5045 sint
1695 4975 1772 5048 eins
1788 4977 1878 5068 poli,
1899 4992 1934 5050 et
1948 4994 2082 5074 quanta

52 5070 180 5141 deiude
195 5067 243 5137 in
255 5059 459 5135 Ptolemaeo
474 5067 677 5142 traduntur.
1092 5067 1176 5141 rita
1197 5066 1292 5165 polis
1311 5069 1441 5141 mundi
1461 5070 1642 5150 distantia.
1691 5070 1739 5150 Et
1755 5079 1926 5173 quoniam
1941 5104 2084 5155 necesse

144 5168 270 5261 saepe
289 5179 409 5236 rotem
430 5166 528 5238 docti
549 5163 714 5242 homines
737 5165 898 5258 exempla
918 5165 967 5239 ab
985 5162 1045 5239 his
1091 5183 1144 5242 est
1158 5169 1348 5246 intervallr
1361 5170 1510 5245 zodiaci
1525 5175 1699 5266 discerni,
1722 5179 1805 5273 q'oia
1829 5180 1869 5250 iu
1885 5181 1964 5253 aliis
1988 5202 2083 5276 puna

53 5268 200 5343 dirersis
231 5265 391 5339 motibus
421 5283 589 5360 sumunt,
620 5296 712 5368 qnae
738 5266 892 5359 intelligi
920 5267 1043 5364 aliquo
1090 5270 1156 5343 ctis
1176 5269 1323 5344 zodiaci
1345 5272 1438 5345 liunt
1464 5277 1706 5372 aequinoctir,
1738 5281 1779 5351 iu
1805 5283 1888 5355 aliis
1914 5284 2082 5369 solsticia,

10 5436 12 5447 .
53 5373 155 5447 noda
174 5370 257 5446 sine
276 5359 337 5440 bis
354 5366 473 5445 initiis
487 5391 565 5444 non
586 5385 753 5470 possunt,
777 5365 1043 5447 otPtutrrcbur
1087 5371 1247 5469 picturae
1259 5372 1390 5450 crrculr
1400 5376 1684 5475 aequinoctialis,
1698 5382 1929 5476 tropicorum,
1943 5382 2082 5456 etalio·
