4538 5754
57 259 134 333 ooa
187 320 196 337 s
470 336 481 358 ,
692 255 739 333 ν.
778 251 1101 334 annuariam
1130 251 1464 328 nnuacnons
1767 227 1771 234 ’
1941 225 1944 244 “
2010 257 2086 333 o1o

56 455 119 503 roc
184 425 497 506 SectaMahometi
508 452 584 502 non
597 428 823 522 amplectitur
837 431 949 502 libros
959 431 1048 502 Pro·
1098 441 1180 499 cant
1199 423 1459 519 Expositorios.
1517 420 1610 497 Cum
1637 425 1748 516 igitur
1773 426 2000 500 manifestum
2028 429 2085 515 sit,
2126 473 2131 481 ·

262 529 424 628 photicos
441 546 476 604 et
492 528 739 626 Apostolicos,
1098 529 1216 602 valere
1237 529 1462 623 syllogismos
1486 527 1737 618 expositoriae,
1769 551 1910 600 necesse
1937 542 1990 601 est
2010 541 2083 601 ter·

56 665 78 710 ο
184 633 281 730 Ergo
304 636 536 707 certissimum
571 647 639 719 εει,
675 645 802 705 sectam
829 629 1047 704 Mahometi·
1097 633 1184 704 tiam
1200 632 1348 722 figuram
1366 629 1603 720 comprobari.
1652 623 1718 699 Est
1733 643 1768 701 et
1789 631 1852 701 illa
1876 652 1980 702 causa
2000 632 2084 704 satis

136 771 138 774 ·
263 763 339 809 cam
356 761 431 808 non
447 759 520 807 esse
533 734 729 808 Ecclesiam
743 736 823 811 Dei.
1096 737 1213 804 firma:
1242 732 1360 804 Posita
1375 733 1510 824 specie,
1538 753 1678 803 necesse
1693 746 1745 811 est
1759 755 1870 822 genus
1884 732 1985 827 poni

161 840 279 933 Supra
294 838 387 921 dixi,
411 839 602 932 particulas
615 838 810 909 exclusivas
826 831 959 907 hahere
974 835 1046 905 vim
1569 905 1579 923 ο
1689 905 1698 921 ⁸

57 942 333 1016 universalium.
387 938 472 1011 ldeo
488 956 688 1035 assequens
710 939 937 1035 syllogismus
959 962 1045 1008 con·
1230 908 1337 991 9⁸⁴⁰*
1360 910 1451 976 ‘ium
1474 898 1577 976 '¹¹⁰5‘
1604 909 1747 975 imme
1768 898 1935 1001 fiilui‘ae?

58 1044 379 1135 grnitadmodum
393 1039 608 1114 Camcstrcs:
1008 1106 1025 1120 ,
1197 1037 1267 1110 Sea
1283 1039 1381 1109 modi
1396 1037 1607 1109 recitantur:
1634 1036 1796 1129 Darapti,
1816 1037 2001 1132 Felaptou,
2017 1036 2083 1111 Dis

20 1221 29 1231 ,
166 1144 324 1216 Tantum
347 1145 385 1212 in
413 1158 514 1214 coetu
539 1157 744 1215 vocatorum
768 1141 983 1228 suntelecti,
1008 1140 1046 1210 id
1096 1142 1223 1226 samis,
1246 1139 1380 1226 Datisi,
1405 1138 1589 1226 Bocardo,
1615 1138 1777 1210 Ferison.

59 1259 128 1332 est,
155 1240 295 1316 Omnes
318 1246 380 1339 qui
405 1245 507 1314 electi
529 1259 630 1331 suut,
653 1268 794 1316 necesse
818 1246 925 1319 estin
944 1256 1046 1314 coetu
1483 1273 1672 1368 Datami

58 1361 269 1418 vocatorum
291 1369 384 1431 esse,
409 1346 540 1432 idest,
566 1348 824 1439 baptizatorum
848 1361 882 1418 et
909 1347 1045 1437 ample·
1096 1393 1151 1468 Da
1673 1326 1684 1351 ⁰

59 1449 233 1520 cientium
255 1445 506 1538 Evangelium.
557 1445 654 1518 Hinc
685 1449 859 1520 extruitur
883 1449 1045 1545 syllogis-

59 1575 150 1631 mus,
169 1549 233 1643 qui
247 1551 446 1620 doctrinam
462 1563 497 1621 et
512 1548 789 1620 consolationem
807 1549 1046 1622 dulcissimam

58 1653 234 1725 continet.

58 1751 146 1823 Cam
189 1751 348 1823 Tantum
369 1752 409 1821 iu
425 1763 529 1824 coetu
543 1765 747 1823 vocatorum
764 1767 849 1827 suut
864 1753 984 1839 electi,
1008 1764 1048 1827 nt

266 1854 398 1925 Paulus
412 1854 547 1949 inquit:
574 1852 675 1943 Quos
689 1856 811 1946 elegit,
838 1851 903 1926 hos
926 1870 961 1927 ει
983 1879 1048 1926 vo·

271 1956 382 2035 cavil,
466 2005 470 2010 ·
686 1952 690 1959 ¹

61 2082 97 2130 cs
186 2052 1049 2144 NulliMahometistacsuntincoetnvocatorum,

60 2173 133 2231 tres
185 2156 282 2250 Ergo
313 2158 406 2226 nulli
440 2173 622 2231 manentes
657 2162 751 2234 inter
777 2157 1049 2234 Mahometistas

266 2274 351 2331 sunt
370 2259 484 2334 electi.

1218 1393 1356 1468 Omnes
1381 1391 1538 1493 στοργαὶ
1560 1393 1725 1465 conditae
1745 1417 1766 1463 a
1790 1389 1867 1464 Deo
1895 1392 1934 1460 in
1957 1407 2084 1465 natura

1300 1493 1478 1582 hominis,
1504 1510 1587 1568 sunt
1602 1518 1659 1566 res
1674 1519 1739 1566 suo
1754 1517 1884 1586 genere
1898 1495 2023 1582 bonae,

1098 1625 1161 1693 rap
1220 1595 1359 1671 Omnes
1379 1595 1535 1699 στοργαὶ
1547 1613 1632 1671 sunt
1648 1597 1814 1682 affectus,

1097 1704 1126 1774 ti
1219 1699 1317 1800 Ergo
1340 1701 1486 1795 quidem
1511 1702 1657 1775 affectus
1683 1711 1768 1769 sunt
1790 1720 1845 1769 res
1866 1721 1931 1773 suo
1956 1721 2084 1790 genere

1305 1806 1433 1874 honae.
1736 1823 1739 1828 ·

1200 1922 1334 1995 Sensus
1357 1918 1558 1992 communis
1577 1917 1711 1990 indicat
1732 1912 1827 1989 hanc
1851 1920 2085 2011 compositio·

1099 2050 1180 2096 uem
1198 2049 1275 2095 uon
1292 2048 1366 2095 esse
1382 2019 1566 2092 horridam
1582 2035 1617 2092 ct
1635 2019 1890 2110 confragosam.
1942 2019 1991 2095 Et
2014 2018 2085 2094 hoc

1099 2131 1175 2222 ipso
1193 2141 1402 2218 argsrmento
1419 2122 1531 2197 Stoici
1546 2135 1581 2192 ει
1597 2117 1851 2213 Anabaptistae
1873 2125 2085 2210 refutantur,

1099 2246 1178 2302 cnm
1194 2253 1318 2300 omnes
1332 2229 1477 2299 allectus
1493 2225 1718 2296 contendunt
1739 2247 1803 2295 sno
1827 2248 1956 2316 genere
1978 2226 2086 2299 vitio·

1017 2390 1021 2395 .
1098 2357 1154 2406 sos
1169 2355 1253 2406 csse.

305 2445 403 2533 Quid
427 2454 485 2518 est
509 2452 625 2520 tertio
647 2445 802 2548 pipam
1471 2399 1710 2536 I'elapton.

164 2561 290 2635 Tertia
315 2564 426 2654 figura
453 2577 506 2635 est
530 2566 611 2636 talis
641 2569 730 2636 ordo
762 2565 1048 2657 propositionum
1099 2571 1148 2644 Fe
1225 2568 1374 2640 Nullum
1390 2565 1523 2635 iustum
1539 2563 1732 2657 imperium
1747 2578 1800 2635 cst
1821 2565 2084 2647 excutiendum,

61 2667 280 2763 syllogismi,
305 2682 346 2736 ut
368 2666 507 2736 medius
526 2669 701 2740 terminus
723 2670 768 2740 sit
788 2668 987 2739 subiectum
1009 2669 1048 2736 in
1098 2675 1157 2767 lap
1224 2669 1358 2742 Omnia
1381 2667 1487 2737 etiam
1512 2667 1609 2738 iusta>
1630 2665 1781 2757 imperia
1806 2662 1939 2739 habent
1966 2668 2084 2761 aliqua

61 2771 199 2841 maiore
213 2781 248 2837 et
265 2767 304 2835 in
320 2768 478 2850 minore,
504 2771 601 2839 uude
621 2772 801 2842 conclusio
823 2770 1049 2861 particularis
1303 2793 1410 2841 onera
1424 2766 1593 2860 duriora,
1620 2779 1655 2837 et
1669 2767 1787 2862 aliqua
1803 2783 1931 2855 errata,

61 2871 261 2941 necessario
284 2869 455 2962 seqnitur.
487 2868 537 2942 Ut
554 2872 650 2941 enim
676 2875 789 2962 prima
815 2872 926 2962 figura
948 2895 967 2940 a
988 2894 1048 2961 gc-
1097 2891 1161 2950 ton
1223 2870 1321 2965 Ergo
1335 2872 1454 2965 aliqua
1467 2892 1575 2941 onera
1590 2865 1756 2954 duriora,
1781 2882 1817 2941 ει
1834 2871 1954 2964 aliqua
1970 2884 2084 2963 errata

61 2996 149 3043 nere
165 2974 210 3042 ad
225 2970 376 3062 speciem
393 2973 572 3062 procedit,
596 2988 636 3044 ut
651 2970 737 3059 dixi,
762 2975 810 3044 ita
831 2969 952 3042 hocca
970 2996 1048 3063 spe-
1303 2998 1377 3045 non
1393 2985 1476 3044 sunt
1491 2971 1713 3045 excutienda.

61 3077 115 3144 cie
136 3076 316 3163 adgenus
335 3074 513 3163 procedit,
544 3077 698 3161 sedita,
731 3088 771 3145 ut
796 3076 977 3146 conclusio
1002 3075 1048 3147 sit
1489 3102 1697 3179 mmm
1767 3146 1768 3149 ,

60 3175 302 3267 particularis.
358 3170 406 3247 Et
442 3176 533 3244 ratio
558 3175 830 3270 consequentiae
863 3177 1047 3247 manifesta

61 3292 136 3362 εει,
167 3277 250 3371 quia
276 3276 388 3367 posita
413 3277 547 3368 specie,
580 3303 719 3349 necesse
740 3291 792 3349 εει
810 3300 921 3368 genus
950 3278 1048 3368 poni,

60 3380 124 3448 scd
140 3377 417 3469 particulariter,
443 3391 498 3447 ut:

216 3475 341 3549 Lunae
367 3493 467 3550 motu
489 3494 523 3551 et
543 3479 680 3550 lumine
693 3480 784 3550 effici
800 3481 915 3551 varias
931 3494 1046 3551 muta·

1098 3233 1166 3304 Dis
1224 3227 1285 3301 lus
1308 3224 1471 3296 naturale
1492 3223 1656 3296 concedit
1686 3220 1932 3293 defensionem
1961 3239 2085 3296 contra

1303 3330 1482 3411 latrones,

1096 3460 1118 3511 a
1219 3433 1280 3505 Ins
1295 3428 1457 3501 naturale
1474 3438 1527 3497 εει
1542 3425 1597 3494 ins
1613 3422 1799 3506 divinum,

1096 3542 1163 3611 mis
1221 3534 1317 3627 Ergo
1358 3534 1414 3602 ius
1447 3529 1614 3599 divinum
1645 3525 1809 3597 concedit
1842 3527 2082 3601 defensionem

268 3583 384 3652 tiones
399 3579 590 3651 humorum
606 3584 644 3650 iu
658 3583 867 3674 corporibus
882 3583 1046 3652 animan·
1299 3648 1422 3705 mum
1439 3632 1609 3703 huone„

267 3685 357 3754 tium
374 3697 407 3753 et
423 3685 574 3752 aliarum
589 3709 708 3754 rerum
725 3682 956 3759 humidarnm
970 3709 1064 3755 ma-.
1593 3762 1603 3779 ·
1639 3762 1648 3778 ·

266 3786 525 3871 nifestumest,
1361 3800 1372 3815 ⁸
1498 3764 1661 3836 Dalm·

214 3881 311 3978 Ergo
329 3886 449 3961 stellae
466 3889 603 3981 aliquas
626 3873 758 3961 habent
781 3889 984 3960 effectiones
1007 3889 1046 3956 in
1095 3891 1150 3967 Da
1219 3884 1353 3960 Omnis
1393 3880 1548 3970 cognitio
1591 3878 1765 3948 virtutum
1798 3881 1994 3950 necessaria
2032 3896 2084 3951 est

267 3991 476 4078 corporibus
491 3992 741 4066 animantium.
828 3998 832 4006 '
1301 3983 1470 4064 Oratori,

163 4081 244 4157 Etsi
258 4104 376 4161 autem
391 4088 495 4161 Valla
512 4092 628 4163 reiicit
644 4106 677 4163 et
694 4087 1046 4181 deridethaucfigu·
1096 4097 1141 4167 tis
1217 4090 1384 4183 Cognitio
1402 4087 1574 4177 virtutum
1592 4096 1644 4154 cst
1659 4075 1913 4174 Philosophia,

60 4214 161 4274 ram,
185 4203 228 4260 ut
250 4215 354 4284 saepe
375 4192 469 4261 rixas
491 4207 610 4263 movet
632 4194 849 4274 tinemuta,
876 4196 1046 4286 quemad·
1095 4200 1108 4267 i
1224 4191 1320 4283 Ergo
1336 4180 1568 4280 Philosophia
1586 4201 1637 4257 εει
1650 4185 1842 4255 necessaria
1861 4177 2022 4251 Orato'ri.

58 4294 210 4363 modum
231 4295 380 4365 hiliosae
402 4308 550 4366 naturae
572 4296 705 4367 solent:
740 4310 859 4376 tanuen
892 4318 948 4365 res
970 4296 1045 4386 ipsa
1236 4377 1239 4383 ι
1482 4321 1699 4391 Bourdo,

59 4394 237 4482 ostendit,
257 4391 325 4467 hoc
340 4397 408 4468 iter
422 4396 461 4466 in
478 4397 690 4489 experientia
714 4399 883 4469 usitatum
907 4420 1046 4481 essc,a
1094 4445 1126 4515 Β
1221 4441 1249 4513 p
1317 4441 1430 4511 nmio
1458 4443 1503 4510 ad
1529 4441 1543 4508 i
1570 4439 1684 4508 dicem
1715 4456 1789 4504 non
1822 4445 1874 4501 est
1924 4426 2081 4506 mhibm

58 4497 301 4589 singularibus
317 4500 485 4590 progredi
500 4502 544 4568 ad
561 4500 723 4590 speciem,
750 4499 1045 4589 deindeaspecie
1128 4471 1169 4516 ⁰⁰
1252 4465 1569 4627 ¹⁰}3hrifflanis,⁰
1898 4454 1922 4524 p
1990 4548 1994 4558 .

57 4600 101 4717 'ad
116 4621 248 4690 ‘enm’
274 4615 315 4672 m
329 4623 410 4697 mm
425 4601 527 4690 pueri
541 4602 649 4671 semel
672 4603 717 4670 ab
739 4603 821 4692 igne
842 4601 929 4671 ¹⁸⁸5
949 4616 1043 4687 ‘um'
1095 4674 1134 4720 ar
1158 4610 1162 4618 ι
1221 4641 1353 4717 Omnis
1376 4643 1582 4740 provocatio
1608 4651 1660 4709 est
1684 4638 1806 4708 venire
1834 4617 1873 4706 iu
1896 4616 2080 4724 iudicium,

56 4701 142 4771 mdc
156 4717 287 4798 natura
301 4705 390 4772 duce
405 4703 456 4772 sic
470 4702 744 4774 ratiocinantur:
1221 4711 1226 4719 ·
1286 4724 1289 4731 ·

352 4804 360 4820 .
1293 4773 1355 4818 seu
1370 4763 1503 4818 certare
1521 4747 1560 4812 in
1575 4740 1710 4810 iudicio
1728 4765 1808 4810 cum
1827 4739 2043 4825 adversario,

212 4801 427 4975 {heum’ss
481 4906 490 4922 .
1094 4855 1140 4925 do
1225 4845 1322 4941 Ergo
1343 4863 1475 4920 certare
1490 4847 1529 4916 in
1546 4843 1680 4916 iudicio
1697 4867 1772 4913 non
1788 4857 1841 4915 est
1857 4829 2078 4935 prohibitum
2188 4825 2197 4845 ⁸

250 4920 262 4976 t
274 4899 341 4974 hoc
355 4918 520 4996 cstrgms,
534 4943 541 4956 ι

210 5003 307 5096 Ergo
323 5007 417 5096 iguis
432 5010 516 5081 urit.
559 5038 566 5048 ·
1299 4946 1526 5021 chr¹⁵²¹³¹¹¹⁸·
1568 5082 1578 5098 ο

157 5106 403 5202 Consqucntia
415 5107 617 5179 firmissima
634 5121 686 5178 εει
700 5133 720 5179 a
736 5109 881 5180 delinito
896 5111 940 5181 ad
957 5109 1044 5178 defi·
1477 5082 1634 5154 F⁸1¹³0
1644 5106 1680 5150 1¹·

56 5212 245 5282 nitioncm.
306 5209 398 5279 Nam
422 5210 593 5303 particula
623 5212 918 5297 demonstrativa,
952 5209 1043 5299 Hoc,
1093 5206 1144 5278 Fe
1220 5204 1329 5275 Nulla
1342 5202 1514 5273 Habenns
1534 5213 1584 5271 cst
1601 5201 1699 5283 alhs,

55 5316 260 5405 significans
273 5335 349 5380 rem
363 5325 608 5396 monstratam,
633 5326 685 5383 est
699 5314 894 5387 delinitum.
921 5313 975 5382 Ac
990 5325 1042 5383 ta·
1096 5311 1145 5380 ris
1217 5306 1389 5378 Hebenus
1402 5317 1454 5376 est
1467 5305 1605 5394 lignum
1620 5298 1843 5382 causiacum,

53 5419 105 5489 les
124 5413 370 5510 syllogismos,
402 5413 684 5503 asingularibus
704 5418 955 5507 procedentes,
979 5438 1044 5485 vo-
1097 5437 1145 5483 on
1218 5406 1315 5500 Ergo
1330 5408 1469 5500 liguum
1483 5403 1683 5478 Guaiacnm
1697 5423 1775 5473 non
1788 5398 1999 5470 ostalhum.
2099 5436 2104 5442 -

103 5520 286 5588 Mnaseas.
315 5520 420 5586 Ocra.
447 5520 531 5585 Vos.
551 5517 647 5587 XIII.
932 5585 935 5589 ,
1563 5506 1618 5580 hh
