4538 5754
58 259 136 339 sto
675 260 721 335 v.
780 198 1104 349 aroannam
1140 245 1480 333 nttnrortcns.
2025 256 2103 339 sm
2180 319 2185 328 .

58 447 135 517 cto,
176 433 238 503 sed
278 453 411 517 messa,
452 430 619 507 stdsttcst
657 455 846 524 conspersa
886 431 1059 523 sanguine
1111 426 1313 497 dicemento
1337 420 1539 511 Qualitatis.
1590 417 1730 497 Horum
1753 427 1931 499 melorum
1952 455 2097 525 proteus

58 530 197 606 Christi
230 548 265 605 et
288 532 428 627 Spiritu
463 546 596 607 sancto.
649 531 788 620 Massa,
819 536 870 604 id·
881 547 952 619 est,
986 556 1058 617 cor,
1110 520 1536 605 nibilluitinblioDei,
1558 545 1634 609 non
1656 550 1766 617 prava
1787 529 1995 618 inclinatio,
2021 558 2096 607 non

58 635 336 707 fundamentum
367 648 439 723 est,
484 635 524 705 in
555 659 627 728 quo
658 636 696 704 fit
727 631 813 706 baec
841 635 1057 732 conspersio.
1109 623 1253 701 babitus
1275 625 1413 710 vitiosi,
1444 650 1522 699 nnn
1547 625 1642 701 ullae
1663 628 1812 705 vitiosae
1834 633 2009 707 actiones:
2034 639 2096 709 sid

58 739 99 812 2.
114 733 281 808 Corinth.
297 736 334 811 6.
361 734 455 806 Eum
474 737 628 830 quinon
645 738 746 807 novit
763 753 970 828 peccatum,
992 760 1056 828 pro
1108 730 1208 802 fulsit
1224 729 1263 801 in
1279 752 1320 799 eo
1336 727 1474 818 agnitio
1489 727 1690 800 firmissima
1707 734 1841 806 aeterni
1859 736 1987 825 patris,
2011 738 2096 811 arsit

58 837 169 909 nobis
183 852 367 929 peccatum
384 837 489 917 fecit,
515 851 555 908 ut
570 861 636 907 nos
652 839 815 910 fieremus
835 838 973 909 iusticia
989 835 1058 906 Dei
1107 833 1147 901 in
1171 853 1397 903 cosummus
1426 851 1529 904 amor
1556 831 1692 902 aeterni
1722 834 1850 922 patris,
1882 850 1918 909 et
1941 853 2097 911 caeteras

59 942 99 1009 in
119 935 190 1036 eo.]
244 939 288 1008 ln
302 935 368 1008 bac
386 939 593 1027 gravissima
609 940 781 1009 concione
808 941 847 1009 fit
870 934 1057 1009 antithesis
1108 931 1344 1023 pulcerrimae
1372 931 1548 1002 virtutes·
1585 931 1675 1007 cum
1702 933 1815 1022 igitur
1841 950 1960 1028 postea
1990 941 2095 1015 dicit:

61 1046 217 1112 duarum
237 1039 473 1107 maximarum
491 1062 632 1121 rerum,
658 1062 810 1129 quarum
826 1042 936 1109 altera
960 1062 1057 1109 sum·
1107 1032 1215 1104 Hunc
1232 1035 1313 1104 fecit
1327 1048 1527 1126 peccatum,
1550 982 1611 1102 lric
1629 1057 1769 1105 necesse
1794 1049 1845 1106 est
1866 1039 1969 1109 aliter
1988 1020 2097 1111 inlel-

60 1167 160 1212 mum
189 1142 297 1210 decus
321 1153 373 1212 eat
405 1139 444 1207 in
473 1139 589 1217 coelo,
631 1139 763 1208 scilicet
807 1140 944 1210 iusticia
978 1140 1057 1224 Dei,
1108 1136 1171 1224 ligi
1198 1158 1318 1205 vocem
1342 1147 1504 1226 peccate,
1536 1148 1789 1305 qluamantee.
1841 1137 1956 1230 Vulgo
1977 1157 2095 1213 autern

60 1243 174 1313 altera
196 1237 462 1311 horribilitera
486 1238 563 1309 Deo
588 1241 744 1324 abiecta,
776 1241 910 1313 scilicet
935 1265 1057 1332 pecca-
1108 1238 1157 1306 sic
1175 1236 1316 1306 dicunt:
1345 1237 1531 1307 Peccatum
1574 1237 1606 1305 ic
1621 1236 1803 1327 significat
1828 1240 2006 1315 victimam
2031 1269 2095 1336 pro

60 1359 153 1415 tum.
205 1340 346 1412 Deinde
378 1336 506 1410 barum
537 1343 689 1411 duarum
720 1366 839 1411 rerum
871 1368 932 1428 ea,
965 1367 1056 1429 quae
1107 1351 1273 1429 peccato,
1298 1337 1406 1430 idque
1426 1361 1508 1407 vere
1523 1339 1571 1408 ita
1588 1337 1732 1415 dicitur.
1783 1339 1854 1412 Sed
1871 1368 1935 1414 cur
1951 1345 2095 1425 victime

60 1445 264 1518 tristissima
282 1456 352 1526 est,
374 1443 586 1512 transfertur
608 1467 627 1511 a
650 1443 754 1512 nobis
776 1443 814 1512 in
839 1445 952 1515 filium
976 1442 1058 1529 Dei,
1108 1453 1255 1510 vocatur
1272 1439 1481 1534 peccatum?
1512 1434 1747 1525 Mactation'es
1762 1456 1898 1514 veteres
1914 1440 2011 1517 baud
2027 1450 2095 1523 du-

62 1560 98 1619 et
113 1559 271 1631 econtra,
287 1545 382 1638 quod
398 1556 449 1612 est
464 1567 643 1614 summum
659 1547 776 1629 decus,
798 1545 838 1613 in
858 1560 1057 1617 nostrans-
1108 1542 1166 1611 bie
1195 1541 1366 1631 imagines
1396 1541 1542 1611 fuerunt
1574 1541 1681 1611 unius
1719 1558 1889 1615 venturae
1923 1549 2097 1638 victimae,

62 1651 190 1719 sertam.
243 1643 401 1719 Etrecte
422 1645 612 1715 intellectis
627 1647 830 1732 vocabulis,
854 1649 1052 1720 doctrinam
1106 1643 1240 1714 scilicet
1269 1643 1335 1712 lilii
1356 1640 1435 1718 Dei.
1498 1639 1547 1713 Et
1568 1636 1635 1713 bae
1651 1638 1746 1736 ipsse
1771 1649 1990 1720 vocabantur
2015 1676 2097 1742 pec·

62 1748 331 1840 gravissimam,
370 1760 403 1819 et
434 1746 713 1818 consolationem
748 1749 987 1819 dulcissimam
1013 1772 1054 1818 ex
1108 1758 1203 1830 cata,
1233 1746 1330 1838 quod
1360 1757 1498 1814 reatum
1524 1759 1557 1815 et
1589 1743 1740 1838 poenam
1768 1749 2000 1823 sustinerent:
2033 1755 2095 1825 sed

63 1847 137 1922 bo'c
156 1851 253 1921 dicto
277 1871 417 1919 sumere
439 1871 638 1941 possumus.
690 1847 765 1918 Nos
786 1874 907 1921 sumus
929 1875 1053 1922 revera
1107 1860 1276 1940 tanquam
1309 1846 1481 1941 imagines
1509 1846 1747 1936 significantes
1783 1864 1969 1921 venturam
1992 1853 2095 1925 victi·

63 1952 195 2046 polluti
219 1952 389 2044 peccatis,
415 1963 451 2021 et
478 1962 663 2042 propterea
687 1952 740 2019 rei
763 1975 881 2022 coram
897 1953 993 2038 Deo,
1020 1967 1054 2022 et
1109 1972 1221 2033 mam,
1246 1971 1336 2041 quac
1352 1970 1434 2017 vere
1450 1971 1517 2038 pro
1542 1949 1647 2019 nobis
1672 1972 1804 2039 poenas
1826 1954 1989 2025 subitura
2010 1969 2094 2025 erat.

65 2053 168 2144 digrd
190 2055 360 2123 omnibus
381 2052 561 2122 aerumnis
581 2068 627 2125 et
657 2053 937 2140 calamitatibus,
969 2056 1052 2148 quia
1110 2047 1159 2119 lta
1183 2075 1263 2119 cum
1285 2050 1432 2120 dicitur:
1460 2049 1574 2118 Filius
1597 2051 1669 2120 Dei
1691 2054 1803 2120 factus
1829 2067 1881 2125 est
1903 2069 2095 2147 peccatum,

64 2155 161 2228 Deus
178 2179 262 2225 vere
280 2169 314 2225 et
331 2150 552 2224 horribiliter
568 2154 732 2222 irascitur
750 2157 910 2245 peccatis.
947 2155 1054 2226 Tales
1107 2152 1283 2221 terminus
1320 2151 1558 2242 significatur,
1608 2174 1683 2220 non
1721 2151 2013 2238 fundamentum,
2056 2152 2093 2228 id

66 2282 147 2328 cum
171 2258 306 2344 simus,
332 2271 450 2326 tamen
474 2255 571 2326 Deus
593 2256 746 2326 effundit
768 2257 858 2326 iram
876 2259 914 2326 in
930 2257 1054 2343 filium,
1108 2267 1170 2338 est,
1185 2253 1355 2346 quiddam
1367 2275 1466 2323 rcum
1482 2265 1517 2323 et
1531 2253 1707 2324 abiectum
1724 2253 1761 2322 in
1779 2257 1995 2328 tristissimas
2010 2284 2094 2351 poe-

67 2361 128 2454 qui
143 2383 211 2452 pro
228 2359 333 2428 nobis
349 2359 387 2430 lit
404 2357 550 2450 supplex
571 2371 607 2427 et
628 2358 783 2433 victima.
833 2357 973 2430 Deinde
996 2384 1052 2430 re-

68 2462 157 2555 cepti
174 2462 330 2532 dicimur
352 2460 491 2530 iustieis
509 2457 597 2544 Dei,
625 2459 660 2528 id
678 2474 748 2540 est,
775 2460 950 2551 placentes
964 2459 1055 2547 Deo,

67 2565 167 2660 quasi
183 2586 337 2633 essemus
351 2562 428 2630 sine
445 2562 535 2632 labe.
589 2559 659 2631 Sed
675 2563 836 2632 additum
852 2577 920 2633 est:
948 2562 1054 2633 lusti·

67 2668 118 2736 cia
132 2666 209 2737 Dei
223 2667 263 2734 in
279 2688 340 2749 eo,
365 2687 427 2734 seu
441 2686 504 2757 per
520 2686 611 2743 eum,
635 2664 672 2732 id
689 2677 751 2743 est,
777 2665 956 2755 placemus
971 2690 1054 2755 pro-

66 2781 144 2859 pter
166 2764 416 2838 Mediatorem.
469 2760 516 2834 Et
541 2764 647 2833 simul
669 2766 712 2851 fit
734 2763 917 2838 inchoatio
941 2790 1056 2836 novae

67 2868 232 2959 puritatis
264 2870 303 2936 in
335 2867 451 2936 nobis.
502 2862 572 2935 Sed
606 2878 726 2936 tamen
751 2866 904 2950 interea,
938 2893 1053 2961 quan-

68 2995 173 3064 quam
195 2965 284 3040 baee
305 2970 440 3061 puritas
469 2991 692 3061 nequaquam
721 2969 857 3059 integra
887 2983 956 3055 est,
987 2967 1053 3039 bae

68 3073 203 3163 ingenti
225 3072 337 3163 gloria
361 3093 550 3149 ornamur,
577 3083 618 3140 nt
639 3071 869 3140 nominemur
890 3071 995 3155 iusti,
1020 3085 1054 3142 ει

69 3177 214 3267 quidem
245 3174 383 3243 iusticia
406 3173 497 3256 Dei,
530 3165 598 3238 hoc
628 3185 699 3256 est,
732 3170 850 3242 aDeo
881 3173 1051 3265 imputata

69 3291 212 3368 propter
226 3276 359 3355 lilium,
386 3275 475 3343 etin
492 3271 596 3341 nobis
614 3268 791 3346 inchoata.
841 3271 920 3344 Etsi
942 3276 1051 3365 igitur

71 3379 222 3458 infirmi,
255 3390 290 3447 et
312 3377 434 3445 multis
465 3375 632 3444 sordibus
662 3376 891 3446 contaminati
920 3400 1055 3462 sumus,

72 3495 103 3551 et
123 3502 259 3572 poenas
281 3479 319 3545 in
342 3478 427 3567 ipsis
448 3478 658 3568 corporibus
680 3479 810 3547 nostris
832 3480 1053 3549 circumferi·

71 3606 168 3667 mus,
191 3595 234 3652 ut
247 3578 362 3650 David
380 3579 542 3663 exulans,
569 3593 688 3648 tamen
712 3602 777 3648 nos
800 3575 866 3648 bac
890 3582 1053 3652 dulcissi-

1108 2378 1183 2427 nas.
1219 2354 1312 2425 lacet
1327 2354 1421 2425 filius
1435 2353 1502 2424 Dei
1518 2368 1715 2445 prostratus
1732 2380 1850 2426 coram
1866 2375 1983 2450 patre,
2012 2384 2093 2431 sen·
2122 2369 2130 2379 ‘

1108 2457 1199 2527 tiens
1215 2457 1304 2526 iram
1321 2458 1397 2527 eius
1412 2457 1580 2526 adversus
1597 2471 1718 2527 nostra
1737 2475 1876 2549 peccata
1891 2463 2037 2532 effusam
2054 2465 2094 2533 in

1107 2560 1241 2649 ipsum,
1263 2560 1412 2651 perinde
1432 2583 1471 2628 ac
1486 2560 1515 2628 si
1532 2559 1717 2650 polluisset
1732 2584 1768 2629 se
1785 2561 1860 2652 ipse
1881 2565 1986 2649 meis,
2012 2565 2095 2652 tuis,

1107 2676 1142 2731 et
1156 2661 1316 2731 omnium
1335 2661 1433 2733 tetris
1451 2661 1652 2736 sceleribus.
1703 2658 1811 2732 Hune
1827 2678 1965 2736 tantum
1990 2668 2094 2738 dolo·

1107 2785 1200 2847 rem,
1225 2776 1258 2832 et
1283 2759 1375 2834 hanc
1400 2763 1599 2832 mirandam
1622 2760 1992 2860 ταπεινοφροσύνην,
2023 2795 2092 2863 qua

1107 2888 1180 2933 sese
1195 2864 1289 2934 filius
1305 2863 1372 2934 Dei
1388 2865 1480 2937 iufra
1497 2888 1563 2933 nos
1580 2865 1728 2950 abiecit,
1753 2879 1788 2936 et
1803 2890 1887 2936 vere
1901 2871 1994 2939 servi
2017 2874 2093 2940 sor·

1106 2991 1200 3036 mam
1215 2967 1346 3038 induit.
1379 2963 1545 3059 Denique
1561 2961 1657 3035 hunc
1672 2991 1753 3057 erga
1771 2992 1836 3037 nos
1852 2995 2008 3041 amorem
2026 2975 2091 3042 etsi
2181 3057 2182 3062 ἵ

1107 3092 1280 3159 exponere
1297 3069 1457 3141 oratione
1471 3092 1576 3137 nemo
1593 3068 1678 3139 satis
1701 3083 1836 3160 potest,
1863 3073 2016 3161 cogitare
2037 3088 2091 3144 ta-

1106 3194 1189 3239 rnen
1206 3184 1387 3265 utcunque
1402 3193 1467 3239 nos
1481 3182 1638 3262 oportet,
1664 3184 1698 3241 et
1717 3171 1840 3264 aliquo
1861 3176 1970 3243 modo
1992 3199 2092 3253 cnm-
2203 3170 2206 3175 ’

1106 3297 1322 3358 memorare,
1347 3288 1386 3345 ut
1402 3272 1572 3344 beneficia
1589 3284 1622 3341 et
1635 3272 1756 3343 laudes
1771 3272 1836 3343 lilii
1851 3270 1919 3345 Dei
1932 3277 2092 3357 celebre-

1106 3399 1203 3461 mus,
1228 3389 1269 3446 ut
1289 3377 1398 3446 simus
1424 3398 1505 3468 pars
1526 3373 1627 3444 illius
1649 3374 1820 3464 agminis,
1842 3377 1886 3447 de
1909 3402 1981 3471 quo
2002 3374 2090 3455 scri-

1104 3492 1205 3568 ptum
1222 3491 1288 3548 est:
1312 3474 1368 3549 Ex
1384 3502 1445 3547 ore
1462 3476 1654 3548 infantium
1671 3491 1705 3547 et
1720 3477 1926 3553 lactentium
1942 3482 2092 3571 perfeci-

1105 3580 1150 3649 sti
1173 3580 1328 3650 laudem.
1380 3576 1427 3650 Et
1450 3579 1488 3648 in
1512 3579 1578 3648 hac
1603 3579 1815 3670 cogitatione
1838 3581 2022 3674 nosipsos
2045 3587 2091 3661 de
2132 3656 2134 3660 Α

70 3709 122 3754 ma
143 3682 388 3754 consolatione
410 3694 666 3766 sustentemus,
692 3707 772 3751 cum
798 3685 964 3753 audimus
986 3707 1053 3752 nos
1104 3695 1225 3751 nostra
1239 3681 1462 3766 infirmitate,
1488 3684 1531 3750 de
1555 3682 1686 3750 nostris
1709 3681 1860 3750 miseriis
1883 3707 2089 3757 commone-

69 3786 190 3855 ornari
212 3779 280 3854 bac
300 3783 432 3871 gloria,
458 3797 498 3856 ut
520 3784 683 3852 dicamur
705 3784 844 3854 iusticia
869 3783 955 3869 Dei,
981 3799 1053 3855 sta·
1103 3783 1290 3867 faciamus,
1323 3797 1357 3852 ει
1376 3783 1575 3873 superbiam
1601 3782 1828 3864 abiiciamus,
1854 3797 1890 3853 et
1909 3785 2091 3870 frenemus

70 3903 289 3958 tuamusnos
312 3909 392 3954 vere
415 3886 550 3976 placere
569 3882 662 3969 Deo,
689 3910 772 3954 vere
790 3901 948 3980 receptos
970 3910 1054 3973 esse,
1104 3886 1354 3957 immoderatas
1380 3884 1601 3977 cupiditates.
1659 3881 1844 3956 Postremo
1868 3886 2002 3980 inquit:
2041 3887 2089 3965 Ut

69 4014 149 4060 vere
172 3989 296 4077 diligi,
322 4011 403 4055 vere
429 3987 462 4055 ei
484 4009 589 4055 curae
611 4009 693 4058 esse.
746 3986 816 4058 Sed
843 3985 949 4060 huius
971 4014 1051 4059 sen·
1104 4010 1169 4056 nos
1192 3987 1317 4057 fiamus
1342 3987 1480 4058 iusticia
1505 3984 1571 4054 Dei
1595 3985 1634 4055 in
1652 4008 1705 4057 eo.
1757 3985 1853 4057 Satis
1866 4003 2012 4080 apparet
2030 3985 2091 4061 bic

69 4091 198 4162 tentiae
224 4089 496 4182 amplitudinem
520 4112 585 4156 nec
600 4087 822 4178 Angelorum
846 4115 911 4162 nec
933 4087 1051 4161 bomi-
1104 4113 1177 4157 non
1195 4089 1347 4177 intelligi
1364 4091 1539 4159 iusticiam
1554 4086 1643 4171 Dei,
1670 4110 1760 4182 quae
1786 4089 1926 4180 inipso
1951 4106 2021 4177 est,
2048 4107 2088 4162 ut

68 4219 151 4290 num
173 4190 378 4284 eloquentia
394 4191 477 4260 satis
495 4213 670 4281 exponere
686 4204 811 4280 potest.
845 4189 899 4261 De
914 4216 1060 4262 summa
1103 4216 1183 4260 cum
1198 4192 1347 4260 dicitur:
1371 4189 1513 4264 lusticia
1525 4188 1590 4259 Dei
1606 4189 1747 4281 punivit
1755 4187 1988 4264 Pharaonem.
2015 4192 2086 4264 Sed

67 4311 247 4389 utcunque
273 4292 525 4363 commonefeci
548 4291 724 4371 iuniores,
758 4308 798 4363 ut
821 4288 890 4363 hoc
916 4296 1051 4364 dictum
1103 4293 1301 4384 metalepsis
1327 4309 1394 4374 est,
1420 4307 1460 4364 ut
1483 4292 1607 4387 fiamus
1633 4290 1789 4373 iusticia,
1822 4291 1860 4358 id
1886 4303 1958 4372 est,
1991 4293 2088 4382 iusti,

69 4399 294 4470 considerare
309 4409 343 4466 et
359 4415 478 4465 amare
493 4394 649 4476 discant.
676 4394 805 4464 deinde
830 4410 872 4467 ut
893 4422 973 4466 cum
996 4397 1051 4464 vi·
1102 4394 1234 4485 accepti
1251 4392 1346 4479 Deo,
1373 4396 1563 4490 etquidem
1580 4417 1655 4462 non
1673 4391 1842 4479 dignitate
1858 4406 1998 4480 nostra,
2024 4400 2085 4467 sed

69 4502 204 4572 debunt
218 4497 392 4566 vocabula
414 4495 492 4565 beri
514 4496 730 4581 illustriora,
752 4512 845 4567 recte
869 4502 911 4568 ad
928 4497 1051 4566 Diale·
1102 4497 1242 4568 iusticia
1257 4493 1336 4576 Dei,
1353 4497 1389 4566 id
1406 4512 1468 4582 est,
1485 4519 1504 4569 a
1519 4492 1595 4565 Deo
1612 4494 1783 4585 imputata
1800 4507 1946 4586 propter
1959 4494 2086 4588 filium,

69 4604 178 4673 cticen
204 4601 487 4681 accommodata,
512 4598 625 4686 magis
649 4613 767 4668 arnent
791 4594 878 4669 haec
901 4601 1051 4691 puerilia
1103 4615 1136 4670 ει
1151 4592 1315 4669 inchoata
1332 4600 1369 4667 in
1386 4600 1490 4669 nobis
1506 4621 1599 4666 nova
1617 4609 1650 4664 et
1672 4606 1813 4665 aeterna
1837 4596 1996 4684 iusticia,
2021 4614 2084 4672 etc.

68 4704 181 4785 studia
193 4703 346 4775 artium.
396 4697 460 4785 Bis
481 4700 638 4790 positum
660 4713 713 4771 est
743 4724 875 4770 nomen
908 4703 1052 4793 peccati,
1103 4701 1213 4773 Vides
1231 4724 1362 4771 nomen
1378 4702 1536 4772 iusticiae
1551 4697 1637 4766 alias
1651 4720 1716 4786 pro
1729 4695 1964 4790 imputatione
1981 4701 2084 4773 iusti-

15 4860 17 4864 .
67 4806 189 4890 initio,
217 4825 298 4873 cum
314 4801 380 4871 ait:
403 4797 519 4884 Eum,
548 4801 609 4894 qui
633 4825 706 4872 non
733 4803 835 4871 novit
859 4820 1051 4895 peccatum,
1102 4806 1175 4875 ciae
1190 4805 1227 4873 in
1245 4805 1408 4873 doctrina
1424 4799 1621 4884 Ecclesiae,
1649 4798 1734 4868 alias
1759 4823 1824 4890 pro
1843 4801 2012 4895 qualitate
2028 4831 2086 4876 ac-

67 4901 228 4978 hocloco
245 4917 428 4994 peccatum
447 4902 620 4991 significat
640 4905 911 4974 fundamentum
936 4921 972 4977 et
994 4931 1051 4976 re·
1101 4909 1183 5000 cipi.
1800 4918 1803 4923 '

67 5008 255 5090 lationem,
295 5006 334 5073 id
366 5018 435 5089 est,
475 5028 622 5095 pravam
653 5006 972 5095 concupiscentiam
1017 5023 1052 5079 et
1203 5006 1416 5080 Videndum,
1435 5018 1487 5075 est
1507 5004 1633 5094 etiam,
1665 5002 1729 5072 ubi
1758 5004 1933 5094 vocabula
1962 5010 2086 5095 active,

68 5130 295 5202 quascunque
310 5108 465 5176 actiones
483 5121 680 5195 pugnantes
693 5132 773 5177 cum
789 5108 953 5197 legeDei,
966 5135 1050 5202 pro-
1102 5111 1166 5178 ubi
1195 5096 1573 5199 passive²significenb
1623 5102 1715 5176 Cum
1743 5104 1839 5174 dico:
1872 5100 2005 5197 Magna
2036 5125 2088 5180 est

69 5228 143 5300 pter
169 5233 261 5305 quas
284 5222 320 5278 et
341 5209 469 5300 polluti
492 5209 730 5293 damnantur,
761 5225 797 5281 et
819 5234 838 5279 a
857 5210 937 5281 Deo
958 5213 1052 5282 abii-
1104 5209 1324 5305 Thrasybuli
1347 5211 1482 5298 gloria,
1510 5209 1605 5302 quod
1635 5206 1738 5275 vietis
1762 5208 1900 5277 civibus
1922 5213 2088 5301 pepercit.

70 5315 222 5386 ciuntur.
288 5308 345 5383 -Ac
374 5310 668 5395 fundamentum,
708 5312 842 5383 scilicet
880 5315 1051 5406 concupi·
1103 5311 1172 5383 Hic
1191 5313 1303 5401 gloria
1321 5309 1540 5406 Thrasybuli
1554 5309 1690 5402 passive
1714 5307 1945 5399 intelligitur,
1970 5314 2006 5380 id
2025 5327 2087 5397 est,
2209 5314 2213 5321 ’

70 5416 221 5500 uentis,
240 5425 278 5493 ct
289 5412 391 5505 praei
405 5407 549 5487 habitus
564 5411 770 5499 voluntatis,
794 5417 933 5486 suntin
948 5439 1052 5508 prae-
1102 5417 1148 5484 de
1166 5411 1396 5508 Thrasybulo
1411 5405 1738 5592 praedicatugbbpec
1756 5412 1976 5481 moderatio.
2018 5412 2106 5478 Seu
