4538 5754
119 264 195 356 ‘599
324 282 328 287 ·
363 255 573 338 SCRIPTA
601 253 677 325 PH.
702 244 823 323 Mat.
847 245 916 319 AD
942 244 1070 324 lllST.
1095 245 1241 326 PROF.
1266 247 1333 322 ΕΤ
1360 247 1551 326 PHlLOS.
1576 249 1905 328 articulatus.
2039 257 2145 330 -400

124 440 345 520 virtualiter,
375 451 451 500 non
472 422 679 495 formaliter.
732 413 786 488 Ac
804 416 962 487 iudicant
987 415 1109 486 erudi-

125 552 234 622 tiores
258 539 309 608 sic
335 531 465 604 sentire
493 523 720 593 Aristotelem
755 533 790 588 et
819 515 1015 600 Galenum,
1046 515 1109 609 qui

126 638 339 720 nominatim
362 621 590 721 reprehendit
611 618 863 711 Empedoclem
887 619 1110 696 scribentem,

126 752 236 821 mista
254 751 390 812 tantum
409 728 604 800 secundum
627 742 754 814 parvas
776 732 892 811 partes
917 720 1110 786 elemento-

126 872 207 922 rum
225 849 386 914 concreta
411 853 503 911 esse,
528 823 776 919 quodfalsum
800 833 861 890 cst.
909 817 992 888 Non
1014 817 1109 887 enim

126 967 198 1023 una
216 958 252 1015 et
266 951 360 1010 certa
385 943 474 1001 esset
495 939 622 996 natura
644 922 766 1006 mixti,
791 922 853 989 sed
869 918 1017 989 materia
1035 917 1109 985 siu-

127 1051 291 1142 gulorum
307 1059 371 1129 per
385 1051 509 1101 omnes
522 1021 636 1119 pirtes
651 1024 762 1094 mista
779 1035 814 1091 et
830 1019 1033 1090 continuata
1049 1034 1111 1103 εει,

126 1167 161 1222 et
185 1142 371 1241 qualitates
394 1130 558 1202 remissae
584 1127 678 1197 inter
700 1146 737 1195 se
765 1144 829 1213 per
848 1142 971 1191 omnes
997 1135 1111 1211 partes

126 1251 275 1326 diffusae
286 1249 380 1310 sunt.

169 1448 377 1526 Possumne
406 1432 623 1506 contrariae
651 1426 855 1518 qualitates
882 1426 923 1493 iss
946 1418 1072 1492 eodem

470 1530 633 1606 subiecto
657 1521 766 1597 esse?

230 1679 388 1766 Litigant
409 1667 502 1737 etde
524 1658 591 1731 hac
605 1656 831 1752 quaestione,
855 1657 917 1725 sed
940 1651 1113 1744 graviori-

129 1795 196 1861 bus
219 1773 450 1868 scriptoribus
465 1763 599 1857 placuit
615 1755 700 1828 haec
715 1757 905 1839 sententia,
930 1779 1036 1848 quam
1053 1778 1112 1820 vc-

129 1913 206 1963 ram
221 1897 255 1952 et
270 1873 465 1965 simplicem
481 1885 553 1934 esse
570 1860 673 1930 facile
689 1858 838 1948 intelligi
856 1870 987 1948 potest,
1013 1855 1113 1923 vide-

130 1994 225 2072 licet,
249 1971 454 2053 Contrarias
468 1964 653 2059 qualitates
669 1961 707 2028 in
723 1963 846 2029 eodem
865 1957 1022 2041 subiecto
1039 1977 1114 2023 esse

131 2111 253 2186 posse,
278 2082 316 2149 in
332 2071 502 2165 gradibus
520 2061 686 2134 remissis.
736 2059 832 2129 Mira
858 2071 907 2125 εει
929 2058 1022 2125 enim
1047 2079 1113 2123 na·

131 2211 229 2265 turae
246 2173 445 2255 harmonia,
470 2190 576 2261 quam
593 2187 634 2232 ex
649 2184 769 2230 rerum
785 2157 1031 2239 dissimilium,
1053 2168 1114 2224 aut

114 2297 235 2364 'etiam
253 2273 486 2376 pugnantium
502 2275 780 2352 temperamento
797 2260 837 2328 lit
853 2283 923 2326 uua
941 2257 1111 2348 quaedam

132 2408 275 2468 natura,
299 2383 391 2449 sicut
410 2396 449 2440 er
474 2364 706 2436 dissimilibus
729 2359 825 2428 sonis
846 2381 917 2426 una
941 2360 1112 2448 quaedam

133 2491 305 2563 concinna
329 2469 536 2548 harmonia,
561 2488 601 2532 ac
623 2461 778 2530 mirabili
803 2458 951 2528 consilio
968 2474 1115 2525 naturae

132 2591 250 2685 opifex
265 2583 420 2652 diversas
435 2567 622 2663 qualitates
638 2559 837 2651 copulavit,
860 2581 1009 2650 quarum
1025 2557 1115 2624 aliae

12 2734 18 2743 ·
51 2682 58 2689 ’
133 2694 219 2765 alias
249 2683 383 2754 babent
404 2667 605 2742 effectiones
634 2665 673 2730 in
699 2659 1054 2748 mixti'generatione
1083 2668 1117 2723 et

134 2782 411 2866 conservatione.
460 2767 508 2839 Et
524 2767 703 2859 quomodo
718 2762 808 2831 aliae
822 2761 909 2829 alias
928 2761 1117 2827 moderen-

134 2913 213 2976 tur,
233 2890 305 2957 iam
320 2872 545 2950 recitabimus
559 2867 595 2934 in
612 2864 771 2933 doctrina
788 2865 832 2931 de
849 2859 1083 2950 generatione.

234 3003 339 3073 Tunc
367 3005 482 3064 autem
513 2982 709 3054 contrariae
738 2978 925 3071 qualitates
956 2977 1051 3047 inter
1081 2996 1118 3043 se

133 3122 309 3208 pugnant,
336 3094 480 3192 quaudo
504 3083 652 3155 intensis
672 3082 840 3169 gradibus
863 3079 1007 3147 alterius
1024 3076 1115 3144 actio

132 3218 220 3285 adeo
237 3204 339 3276 fortis
352 3200 410 3285 fis,
437 3205 478 3261 ut
498 3188 644 3257 alteram
662 3183 836 3271 expellere
851 3178 1007 3270 incipiat.

455 3393 516 3462 De
541 3384 797 3483 peroratione.

236 3537 321 3608 ldeo
340 3521 512 3615 simplicis
529 3534 697 3607 corpora,
725 3510 760 3576 id
777 3519 848 3585 est,
873 3507 1045 3576 elementa
1061 3505 1121 3573 iu-

159 3641 265 3716 uisita
286 3643 380 3714 sunt,
407 3638 441 3694 et
456 3618 666 3714 qualitatum
683 3611 834 3679 varietas
850 3621 1055 3692 monstrata,
1080 3621 1120 3676 ut

115 3675 257 3843 'gustes
288 3740 411 3804 causae
440 3718 691 3793 alterationem
722 3726 756 3780 ει
786 3710 1053 3799 generationum
1079 3709 1118 3776 in

136 3844 255 3920 mixtis
269 3829 408 3908 ostendi
423 3834 577 3918 possent.
628 3814 798 3885 Nondum
815 3824 932 3881 autem
947 3813 992 3879 de
1014 3832 1118 3897 gene.

136 3936 273 4020 ratione
296 3946 469 4005 certarum
495 3920 709 4012 specierum,
742 3926 783 3982 ut
804 3913 1025 4025 plantarum,
1058 3923 1145 3979 aur¹

136 4039 373 4123 animantium
412 4026 559 4104 dicitur,
602 4019 661 4090 sed
702 4036 904 4084 communia
945 4012 1117 4102 quaedam

137 4147 304 4222 omuibus
319 4123 608 4226 generationibus
625 4116 828 4187 recitantur.

238 4259 287 4333 Ut
304 4244 558 4327 animantium,
583 4237 632 4307 ita
650 4231 811 4303 omnium
827 4229 978 4321 perfecte
991 4227 1120 4296 mixto-

51 4348 61 4363 ’
137 4395 215 4443 ιιιιιι
233 4381 351 4433 semen
375 4345 553 4444 quoddam
570 4351 641 4415 est,
667 4330 735 4404 hoc
757 4345 827 4415 est,
853 4327 1039 4400 humidum
1064 4351 1119 4398 se.

51 4482 52 4486 ’
119 4460 288 4543 'minate,
313 4472 354 4527 ut
370 4461 535 4542 vocant.¹
562 4434 662 4510 Nihil
685 4448 801 4504 autem
818 4455 859 4500 er
875 4427 1118 4548 solo-humore

138 4570 333 4665 generatur.
356 4561 358 4564 ’
386 4551 455 4622 Sed
479 4541 629 4615 humore
644 4557 732 4626 opus
748 4548 816 4611 εει,
842 4545 882 4602 ut
894 4532 968 4648 fieri
991 4553 1116 4648 roaga.

137 4662 213 4746 lum
230 4661 360 4757 possit,
385 4666 418 4720 et
435 4647 550 4740 partes
567 4639 726 4731 partibus
744 4635 967 4750 continuari,
990 4633 1118 4749 deinde

140 4769 278 4847 siccitas
294 4753 472 4829 terminat.
504 4744 611 4816 Calor
626 4762 710 4808 vero
727 4736 817 4804 illud
834 4748 982 4848 muttum
998 4727 1118 4799 branis-

98 4932 103 4942 .
138 4871 224 4947 dum
238 4858 385 4950 digerit,
410 4851 500 4920 etad
523 4841 760 4912 maturitatem
777 4837 937 4934 adducat,
964 4848 996 4901 ct
1012 4846 1120 4902 attra-
1138 4893 1141 4897 .

137 4973 192 5047 hit
208 4963 479 5038 nutrimentum.
530 4940 720 5032 frigiditas
737 4960 820 5005 vero
843 4939 1046 5003 moderatur
1062 4957 1119 5001 ca-

140 5081 269 5153 larem,
296 5077 330 5132 ct
346 5054 452 5128 eflicit
464 5043 743 5133 coagulationem
765 5038 803 5105 in
826 5032 985 5105 humido.
1039 5033 1119 5103 Me-

132 5167 312 5247 morabile
335 5171 385 5228 est
406 5163 521 5223 autem
544 5144 641 5235 quod
656 5138 864 5208 Aristoteles
885 5136 970 5205 dicit
994 5136 1037 5204 dc
1059 5159 1118 5205 ca·

1163 422 1277 516 loyor
1305 421 1447 492 coelesti
1478 423 1606 507 calori,
1645 423 1707 515 qui
1741 425 1900 498 vivificus
1930 443 1994 501 est.
2052 426 2144 498 Nam

1160 519 1283 609 igneus
1303 523 1570 613 consumptivus
1585 537 1647 594 est.

1375 717 1440 793 Da
1458 722 1651 815 speciebus
1669 728 1926 799 alterationis.

1265 868 1339 939 'ros
1370 871 1502 960 species
1535 872 1751 944 alterationis
1779 876 1959 944 numerari
1987 854 2147 967 possunt,

1161 983 1248 1067 quot
1264 984 1347 1040 sunt
1367 971 1551 1063 qualitates
1572 974 1707 1063 primae
1729 989 1764 1045 ει
1785 979 1975 1062 secundae,
1999 990 2041 1047 ut
2057 978 2148 1047 cale·

1160 1072 1286 1156 factio,
1318 1072 1531 1162 frigefactio,
1564 1068 1796 1157 humectatio,
1829 1078 2035 1157 desiccatio,
2062 1103 2149 1148 con-

1163 1172 1342 1259 densatio,
1367 1173 1572 1257 rarefactio,
1597 1175 1809 1263 coagulatio,
1841 1178 2065 1269 liquefactio,
2090 1181 2148 1247 in-

1162 1273 1324 1354 duratio,
1364 1274 1594 1345 mellificatio.
1661 1273 1738 1344 Hae
1768 1278 1899 1368 species
1932 1292 1968 1348 et
1998 1279 2148 1363 similes,

1162 1373 1312 1464 cognitis
1332 1375 1587 1444 clementorum
1609 1377 1764 1460 naturis,
1796 1392 1976 1471 utcunque
1997 1380 2148 1450 iudicari

1163 1487 1321 1567 possunt.
1378 1471 1426 1544 Et
1455 1476 1597 1567 quidem
1629 1476 1854 1548 alterationes
1884 1480 1980 1551 iuxta
2015 1481 2149 1571 primas

1164 1574 1348 1669 qualitates
1361 1575 1464 1645 facile
1478 1576 1621 1664 agnosci
1638 1592 1804 1666 possunt,
1828 1593 1962 1650 utrum
1978 1603 2070 1673 aqua
2090 1605 2150 1649 ca-

1165 1676 1236 1745 lefit
1258 1677 1302 1745 ab
1328 1674 1420 1764 igni,
1445 1676 1484 1745 lit
1506 1676 1683 1761 alteratio,
1708 1677 1840 1748 scilicet
1862 1681 2063 1764 calefactio,
2086 1705 2149 1749 ex·

1166 1777 1264 1867 pulsa
1280 1798 1321 1845 ex
1335 1799 1424 1868 aqua
1441 1775 1645 1865 frigiditate,
1669 1790 1702 1847 et
1717 1779 1921 1850 introducto
1934 1781 2003 1848 iarn
2020 1781 2149 1859 calore,

1164 1890 1197 1948 et
1214 1878 1300 1969 quid
1319 1875 1365 1946 sit
1379 1876 1487 1960 calor,
1514 1900 1617 1946 sensu
1632 1878 1818 1953 iudicatur.
1868 1875 1934 1950 Est
1948 1879 2042 1948 cni'm
2058 1906 2149 1973 qua-

1164 1972 1245 2046 litas
1280 1977 1355 2065 igni
1388 1990 1555 2066 cognata,
1595 2001 1809 2067 congregans
1843 1977 2080 2069 homogenea,
2116 1997 2150 2051 ει

1164 2079 1366 2166 disgregaus
1383 2073 1610 2174 e‘rspoye'rsu,
1635 2093 1676 2148 ut
1691 2082 1940 2169 supradictum
1957 2094 2020 2149 est.

1266 2193 1337 2265 Sed
1363 2194 1400 2261 in
1423 2194 1541 2262 mixtis
1562 2194 1759 2289 plerunque
1782 2196 1888 2266 simul
1907 2196 1999 2266 bunt
2022 2198 2152 2267 altera·

1167 2296 1281 2365 tiones
1306 2297 1499 2362 secundum
1523 2295 1641 2383 plures
1656 2295 1858 2388 qualitates,
1884 2295 1941 2364 vel
1962 2320 2151 2366 conserva·

1165 2395 1255 2464 tioni
1271 2394 1372 2462 mixti
1389 2393 1650 2479 convenientes,
1668 2397 1723 2464 vel
1738 2398 1934 2466 adferentes
1949 2397 2147 2487 corruptio·

1166 2521 1258 2564 nem.
1312 2493 1537 2565 Conveniens
1569 2497 1826 2568 conservationi
1857 2497 1988 2565 elicitur
2017 2498 2151 2581 coctio,

1166 2597 1226 2666 sed
1241 2593 1401 2664 alteratio
1415 2596 1576 2663 adferens
1592 2597 1854 2686 corruptionem
1868 2609 2013 2667 vocatur
2028 2610 2150 2686 putre-

1165 2694 1281 2765 factio.
1333 2690 1387 2763 Ac
1411 2694 1513 2763 valde
1537 2697 1700 2785 prodest,
1733 2697 1919 2788 utriusque
1941 2698 2152 2789 descriptio-

1169 2818 1249 2880 nes,
1282 2817 1343 2864 seu
1367 2794 1514 2878 itinera,
1545 2808 1587 2865 ut
1614 2795 1663 2866 ita
1689 2796 1822 2882 dicam,
1854 2799 1894 2865 in
1916 2811 2043 2867 natura
2067 2822 2153 2868 con·

1168 2897 1334 2969 siderare.

1268 3010 1411 3096 Coctia,
1437 3036 1526 3105 quae
1549 3034 1671 3101 graece
1690 3009 1798 3107 πέψις
1818 3014 1965 3099 dicitur,
1992 3029 2043 3086 est
2065 3016 2153 3086 alte-

1169 3114 1281 3198 ratio,
1307 3136 1398 3206 quac
1417 3114 1489 3183 lita
1505 3114 1621 3183 calore
1642 3114 1797 3184 naturali
1813 3136 1874 3183 seu
1891 3115 2057 3207 proprio,
2084 3111 2153 3186 bu-

1170 3215 1308 3282 midum
1333 3226 1368 3283 et
1391 3215 1520 3282 siccum
1536 3216 1579 3283 ad
1600 3214 1814 3284 conveniens
1838 3229 2153 3303 temperamentum

1169 3316 1369 3383 reducente.
1421 3311 1588 3383 Mirando
1607 3314 1702 3382 enim
1726 3315 1874 3384 consilio
1889 3311 1985 3385 lleus
2006 3331 2154 3386 naturae

1169 3415 1334 3485 conditor
1350 3413 1456 3483 mixta
1473 3412 1523 3482 sic
1546 3415 1724 3499 condidit,
1752 3429 1791 3486 ut
1812 3417 1936 3486 foedus
1953 3416 1998 3487 sit
2016 3429 2051 3486 et
2070 3417 2153 3486 vin-

1170 3516 1289 3584 culum
1305 3528 1457 3607 quatuor
1471 3515 1684 3606 qualitatum
1701 3515 1738 3583 in
1755 3517 1923 3605 gradibus
1937 3517 2155 3589 convenien-

1169 3615 1287 3698 tibus,
1311 3614 1393 3708 quia
1415 3614 1634 3702 singularum
1657 3617 1866 3707 qualitatum
1888 3617 2156 3708 propriae.sunt

1168 3716 1356 3795 utilitates,
1383 3715 1480 3782 calor
1494 3716 1718 3795 dominatur,
1746 3731 1781 3786 et
1798 3732 1850 3787 est
1867 3716 2007 3807 efficax,
2032 3713 2155 3788 humi·

1171 3818 1262 3886 ditas
1276 3828 1328 3885 εει
1345 3814 1514 3905 pabulum
1532 3816 1659 3885 caloris
1674 3816 1712 3884 in
1728 3819 1897 3905 gradibus
1911 3818 2157 3889 convenienti-

1168 3918 1246 3986 bus.
1297 3914 1443 3986 Siccitas
1465 3915 1631 3985 terminat
1647 3911 1857 4002 humidum,
1882 3918 2057 4007 frigiditas
2070 3942 2156 3988 vero

1169 4018 1376 4086 moderatur
1394 4016 1555 4111 calorem.
1614 4014 1687 4086 Nec
1712 4019 1847 4108 priores
1872 4042 1994 4088 causae
2014 4022 2155 4091 ostendi

1169 4130 1337 4209 possunt,
1362 4140 1426 4186 cur
1445 4116 1524 4184 talis
1540 4115 1584 4187 sit
1601 4130 1748 4200 natura,
1776 4121 1834 4187 sed
1852 4140 2080 4206 agnoscamus
2102 4133 2156 4190 ta-

1170 4219 1239 4287 lem
1258 4240 1349 4296 esse,
1376 4231 1411 4288 et
1427 4219 1598 4286 miremur
1614 4217 1802 4287 consilium
1821 4219 1974 4308 opificis,
1998 4220 2061 4312 qui
2077 4243 2155 4289 ma·

1170 4319 1279 4389 toriae
1310 4318 1520 4399 mixtorum,
1550 4342 1640 4410 quae
1668 4318 1820 4388 maxime
1853 4322 2060 4406 vagabunda
2091 4336 2155 4403 est,

1170 4414 1234 4487 has
1252 4419 1350 4512 quasi
1366 4429 1476 4486 metas
1490 4418 1721 4489 circundedit.
1761 4417 1834 4488 Nec
1850 4420 1998 4491 dubium
2015 4435 2078 4505 εει,
2098 4446 2155 4491 sr-

1170 4542 1275 4589 canas
1288 4518 1562 4607 significationes
1579 4520 1617 4587 in
1635 4514 1689 4588 bis
1705 4536 1857 4611 quatuor
1871 4521 1971 4590 metis
1988 4544 2049 4590 seu
2067 4548 2156 4615 qua-

1171 4620 1331 4691 litatibus
1351 4618 1539 4693 contineri.
1590 4617 1634 4687 ln
1656 4621 1823 4689 omnibus
1840 4621 1944 4689 relius
1967 4635 2018 4692 est
2035 4623 2154 4714 aliqua

1170 4744 1271 4789 causa
1300 4720 1516 4788 dominatrix
1544 4733 1578 4789 et
1600 4719 1748 4788 maxime
1775 4723 1911 4805 elbcar,
1936 4738 1976 4792 ιιι
1990 4723 2028 4790 iu
2044 4725 2155 4793 mixto

1170 4823 1283 4900 calor,
1318 4820 1446 4888 deinde
1476 4819 1683 4888 alimentum
1717 4821 1883 4914 aliquod,
1916 4825 2017 4891 utin
2043 4825 2155 4893 mixto

1172 4916 1379 5004 bumidum,
1404 4919 1533 4988 deinde
1551 4913 1676 4986 harum
1694 4922 1843 4990 ‹luarum
1866 4924 1973 4991 veluti
1995 4928 2157 4993 custodes

1170 5035 1204 5091 ct
1218 5019 1485 5104 moderatrices,
1511 5033 1550 5090 ut
1564 5021 1694 5088 siccum
1712 5036 1746 5093 ct
1762 5022 1939 5110 frigidum.

1272 5136 1314 5207 lu
1342 5133 1488 5206 homine
1512 5138 1678 5222 est'vita‚
1706 5141 1801 5209 velut
1833 5140 1924 5227 ignis
1955 5163 2016 5209 seu
2047 5143 2158 5213 calor.

132 5275 215 5350 qoge
237 5271 276 5338 ῑῃ
299 5259 453 5336 semine,
484 5244 580 5316 bunc
603 5243 753 5311 calorem
775 5263 848 5308 ιιοιι
870 5260 944 5306 esse
966 5237 1120 5324 igneum,
1169 5237 1261 5308 Nam
1284 5256 1319 5308 et
1335 5236 1480 5327 spiritus
1502 5237 1621 5307 vitalis
1645 5253 1695 5309 est
1715 5241 1874 5323 flamma,
1906 5255 1943 5308 ut
1967 5242 2014 5310 ita
2031 5245 2159 5329 dicam,

141 5364 199 5449 ted
216 5372 403 5457 cognatum
418 5348 577 5429 coelesti,
602 5365 663 5411 seu
679 5354 719 5409 ut
733 5340 807 5429 ipse
830 5339 1001 5431 loquitur,
1027 5331 1118 5410 airal-

1171 5340 1321 5427 volitans
1339 5341 1401 5428 per
1417 5350 1532 5409 totum
1547 5362 1683 5431 corpus.
1727 5339 1845 5411 Ηιιίιιε
1862 5356 1977 5412 autem
1994 5342 2159 5413 flammae
