4538 5754
59 280 111 354 77
799 274 848 355 11.
896 268 1047 349 LIBER
1072 268 1140 344 DE
1165 266 1343 349 ANIMA.
1370 298 1373 303 ⁴
2032 274 2083 350 78

56 450 158 525 nervi
173 474 195 524 a
212 451 362 524 cerebro
374 464 435 524 eta
450 449 580 544 spinuli
594 448 750 519 medulla
768 447 870 544 quasi
888 462 1047 519 transve-
1099 441 1337 541 angustiores,
1371 455 1407 515 et
1428 438 1565 515 vehunt
1586 442 1732 537 spiritus
1754 446 1895 534 vitales,
1920 473 2000 520 cum
2024 447 2077 517 ri-

57 552 151 627 hnut
165 554 244 625 vim
256 552 465 627 sensitivam
485 566 520 625 et
540 550 711 624 motivam
731 551 776 622 ad
797 549 956 621 membra
977 546 1047 617 im·
1098 544 1183 616 vulo
1200 543 1399 615 tenuissimi
1412 544 1607 638 sanguinis.
1658 541 1773 641 Origo
1788 561 1903 619 autem
1915 550 1955 618 in
1969 550 2078 620 corde

57 656 160 751 pulsa
182 654 331 747 spiritu.

160 786 347 865 oriuntur
362 805 481 866 autem
496 815 516 861 a
533 790 679 862 cerebro
695 801 828 881 septem
850 785 948 878 paria
963 808 1046 856 ner·

59 915 205 977 somn,
232 889 327 985 (luae
353 894 483 985 partim
507 894 551 961 ad
574 914 742 962 sensuum
765 911 897 978 organa
921 911 1046 981 perve-

61 995 185 1078 niunt,
207 993 346 1085 partim
361 1008 577 1085 sparguntur
591 992 630 1063 in
652 991 722 1061 alia
747 991 926 1072 membra,
944 1001 985 1060 ut
1006 987 1044 1057 in

60 1094 313 1181 mtrimlm
336 1096 431 1217 pund
448 1119 491 1178 eo
505 1093 769 1165 observandum
786 1104 849 1172 est,
876 1103 916 1161 ut
932 1112 1045 1158 mem-

57 1198 205 1268 brorum
220 1195 443 1288 συμπαθεια
457 1196 569 1287 magis
585 1195 837 1269 consideretur.
879 1189 1044 1285 Suntque

55 1296 242 1369 molliores
253 1297 358 1367 nervi
374 1321 416 1368 ex
429 1298 573 1368 cerebro
586 1296 667 1368 orti.

153 1408 236 1485 Atii
260 1428 345 1485 sunt
372 1415 553 1500 duriores,
593 1413 655 1507 qni
678 1434 699 1482 a
723 1410 853 1503 spinali
887 1406 1043 1478 medulla

55 1514 239 1588 oriuntur·
286 1512 532 1587 Conveniebat
546 1515 642 1584 enim
656 1513 818 1583 duriores
839 1532 931 1594 esse,
957 1529 1042 1600 quia

54 1641 129 1687 non
144 1616 267 1689 solum
282 1637 430 1710 sensus,
456 1621 517 1687 sed
534 1616 639 1686 etiam
665 1626 782 1684 motus
807 1613 1042 1682 instrumenta

53 1730 153 1789 suna
204 1712 395 1787 Caeterum
411 1741 519 1809 supra
534 1716 667 1788 dictum
686 1728 754 1799 est,
779 1712 952 1805 spinalem
966 1732 1042 1777 me·

51 1819 193 1889 duliam
214 1830 400 1907 cognatam
424 1843 497 1911 csse
520 1817 687 1902 cerebro,
712 1828 748 1886 et
766 1813 913 1909 quidem
936 1811 983 1881 ab
999 1832 1040 1879 eo

26 1976 32 1993 .
52 1920 155 1993 oriri.

150 2033 228 2107 Hic
251 2047 485 2107 numerantur
505 2033 651 2125 triginta
674 2031 775 2125 paria
806 2050 996 2101 nervorum
1019 2047 1041 2097 a

53 2137 183 2233 spirali
204 2136 368 2208 medulla
387 2134 599 2221 orientium,
623 2134 686 2228 qui
709 2132 839 2229 passim
863 2131 903 2200 in
925 2140 1041 2201 totum

54 2249 427 2333 eorpussparguntur.

149 2369 383 2467 Etymologia
412 2367 569 2443 nominis
599 2379 694 2439 extat
723 2366 816 2457 apud
847 2362 1041 2451 Galenum,

53 2477 187 2569 νεῦρον
209 2496 231 2542 a
255 2472 369 2542 verbo
389 2464 506 2560 νεύω,
539 2470 635 2562 quod
661 2480 713 2539 est
733 2491 863 2552 nuere,
896 2466 1040 2555 agitare,

54 2578 133 2672 qnia
148 2573 257 2645 nervi
275 2586 363 2643 sunt
386 2572 621 2642 instrumenta
639 2568 834 2640 voluntarii
849 2580 977 2637 motus.

149 2706 200 2781 Et
215 2708 300 2802 quia
313 2708 473 2777 factaest
489 2703 624 2773 mentio
641 2703 827 2786 villorum,
853 2701 970 2771 obiter
982 2699 1040 2770 di-

54 2814 203 2886 cendum
227 2822 302 2893 est,
326 2808 432 2876 villos
454 2804 634 2882 nominari
657 2802 888 2874 subtilissima
911 2802 969 2872 fila
988 2813 1039 2871 te-
1111 2864 1120 2882 ‚

56 2914 151 2986 naria
169 2925 205 2982 et
219 2910 358 2993 solida,
383 2905 513 2978 Graeci
536 2904 717 2996 adpellant
731 2897 827 2984 ἶνας.
877 2899 1039 2994 Cumque

55 3014 230 3086 iumultis
252 3007 424 3079 membris
440 3006 607 3078 dicantur
627 3028 701 3075 esse
722 3005 820 3085 villi,
854 3004 1038 3074 sciendum

54 3130 113 3200 est,
136 3139 214 3185 non
232 3135 352 3182 uuum
370 3132 444 3180 esse
462 3130 574 3209 genus
589 3106 770 3178 villorum.
821 3102 891 3177 Sed
909 3126 1038 3172 nervo·

52 3242 126 3288 rom
141 3215 224 3284 villi
240 3209 336 3282 nihil
353 3224 449 3294 sunt,
463 3208 534 3278 nisi
549 3206 774 3279 tenuissimae
792 3219 907 3297 partes
923 3228 1037 3274 nerva.

52 3315 97 3390 Et
110 3315 170 3389 his
191 3314 276 3384 villi
299 3314 340 3381 in
360 3309 562 3402 panniculis
595 3304 734 3394 cognati
758 3321 853 3378 sunt.
903 3302 1036 3374 Verum

53 3418 213 3490 incorde
228 3414 334 3485 nulla
348 3409 578 3500 esteognatio
603 3407 772 3477 villorum
798 3430 878 3476 cum
903 3404 1034 3475 nervis.

53 3520 105 3593 lli
116 3518 218 3589 enim
233 3514 319 3584 villi
334 3526 417 3585 sunt
431 3536 472 3580 ex
490 3508 687 3580 substantia
703 3506 832 3590 cordis,
857 3528 949 3598 quae
962 3517 1035 3574 tota

52 3634 196 3693 estem
210 3629 366 3687 naturae
395 3612 578 3683 cniusdam
597 3607 796 3699 peculiaris.
846 3605 1036 3678 Coeterum

52 3718 313 3794 utvoluntario
327 3713 442 3785 motui
462 3710 623 3782 serviunt
634 3709 735 3779 nervi
751 3721 783 3777 et
797 3708 961 3785 musculi,
988 3706 1037 3777 ita

53 3821 229 3893 naturales
250 3831 374 3887 motus
389 3812 615 3885 attractiones
636 3823 672 3881 et
694 3809 919 3898 expulsiones
940 3808 1036 3877 cient

56 3923 293 3997 sillinaturae
310 3938 460 3985 nemeae
482 3912 687 4004 ubicunque
708 3923 809 3996 suut,
833 3909 872 3979 in
895 3908 1037 3994 tunicis,

1098 658 1172 731 est,
1196 647 1258 717 uhi
1276 647 1382 739 stipes
1398 661 1450 720 est
1479 646 1709 740 conspicuus,
1740 662 1851 724 aona.
1904 647 1989 720 ldeo
2010 674 2075 721 au·

1098 761 1168 818 tem
1185 769 1323 817 necesse
1337 762 1389 820 est
1403 750 1583 820 densiores
1612 771 1687 821 esso
1708 752 1873 833 arterias,
1898 773 1946 821 ne
1967 750 2076 842 spiri-

1096 859 1154 918 tus
1168 843 1328 936 exhalet,
1352 874 1393 921 ac
1417 851 1577 943 sextuplo
1605 852 1792 923 crassiores
1819 865 1902 924 sunt
1924 851 2076 922 arteriae

1096 972 1202 1043 quam
1214 973 1334 1021 venaes
1367 949 1522 1023 interior
1536 952 1631 1024 enim
1641 954 1760 1024 tunica
1774 950 1965 1049 quintuplo
1979 974 2076 1023 cras-

1095 1050 1169 1120 sior
1190 1063 1261 1136 est,
1289 1075 1396 1146 quam
1427 1078 1600 1125 venarum
1628 1056 1779 1128 tunicae.
1837 1051 1942 1125 Hanc
1962 1053 2076 1126 ambit

1095 1150 1164 1224 alin
1188 1152 1305 1223 tunica
1331 1155 1487 1227 exterior
1509 1154 1636 1228 tenuis.
1763 1180 1768 1191 ·

1195 1247 1439 1325 Pulcherrimo
1463 1271 1579 1329 autem
1593 1257 1736 1328 foedere
1751 1256 1893 1329 iunctae
1913 1270 1997 1328 sunt
2010 1278 2074 1328 ve·

1095 1372 1161 1421 nae
1179 1365 1214 1423 et
1229 1354 1397 1442 arteriae,
1421 1369 1463 1427 ut
1479 1380 1589 1427 venae
1605 1358 1831 1450 suppeditent
1840 1358 1983 1450 spiritui
1996 1381 2073 1430 ma-

1094 1452 1238 1539 teriam,
1263 1456 1407 1548 spiritus
1422 1479 1505 1528 vero
1521 1452 1559 1526 in
1575 1460 1712 1530 arteriis
1726 1459 1843 1529 calore
1866 1481 1931 1530 suo
1954 1459 2074 1530 foveat

1094 1554 1314 1641 sanguinem.
1365 1553 1419 1627 Ac
1437 1574 1560 1632 mutua
1582 1573 1666 1630 sunt
1686 1561 1836 1646 crificia,
1866 1573 1903 1631 ut
1927 1559 2074 1653 spiritus

1093 1677 1156 1724 ceu
1172 1655 1354 1728 flammula
1369 1660 1483 1750 rapiat
1500 1660 1757 1732 nutrimentum
1774 1661 1935 1746 ervenis,
1958 1675 1994 1732 et
2009 1684 2072 1730 ve·

1093 1777 1159 1824 nae
1175 1754 1339 1845 spiritum
1354 1770 1389 1829 et
1403 1761 1555 1830 calorem
1572 1769 1619 1831 ex'
1632 1761 1782 1836 arteriis.
1831 1760 1892 1833 Sic
1907 1760 2072 1847 vivimus,

1093 1867 1134 1927 ut
1159 1854 1198 1924 in
1220 1852 1352 1949 lychno
1368 1859 1508 1931 flamma
1526 1862 1620 1953 rapit
1634 1863 1894 1934 nutrimentum
1917 1887 1958 1932 ex
1978 1884 2072 1946 cera,

1092 1956 1142 2025 sic
1155 1955 1301 2048 spiritua
1312 1958 1351 2028 in
1360 1960 1465 2030 nobis
1478 1984 1581 2031 snum
1596 1963 1803 2034 alimentum
1812 1987 1854 2034 ex
1866 1963 1967 2033 venis
1978 1958 2072 2033 hau·

1091 2056 1158 2141 rit,
1180 2079 1290 2150 eaque
1313 2059 1352 2129 iu
1368 2083 1407 2130 re
1420 2057 1699 2151 pulcherrimum
1715 2066 1914 2156 exemplum
1929 2076 2073 2135 mutuae

1092 2159 1424 2232 communicationis
1438 2162 1477 2230 in
1492 2157 1559 2232 hac
1571 2163 1667 2233 civili
1690 2167 1761 2234 vita
1778 2165 1883 2234 nobis
1906 2163 2071 2256 proposi-

1092 2271 1167 2329 tum
1199 2273 1262 2331 est·
1336 2259 1386 2334 Et
1421 2264 1586 2352 congruit
1607 2263 1721 2354 imago
1737 2267 1782 2335 ad
1803 2265 1938 2350 multa,
1979 2287 2071 2356 quae

1091 2354 1189 2429 Deus
1211 2360 1288 2431 vult
1305 2384 1379 2431 esse
1393 2365 1609 2451 conmiata,
1629 2366 1674 2435 ad
1691 2367 1839 2437 verbum
1854 2380 1889 2438 ει
1905 2366 2070 2460 spiritum

1091 2473 1269 2547 sanctum,
1292 2461 1378 2533 item
1395 2464 1440 2533 ad
1460 2465 1566 2533 fidem
1601 2478 1636 2536 et
1664 2490 1785 2558 opera.

1189 2559 1409 2652 Ligamenta,
1431 2557 1644 2660 σύνδεσμοι,
1671 2582 1755 2639 sunt
1776 2568 1936 2637 membra
1951 2566 2072 2636 nervis

1090 2661 1241 2747 similia,
1270 2664 1371 2751 alba,
1395 2666 1603 2756 exsanguia,
1628 2681 1664 2738 et
1682 2669 1761 2738 sine
1779 2668 1950 2741 interiore
1972 2666 2071 2737 cavi-

1091 2775 1180 2850 tate,
1203 2765 1348 2836 dnriora
1362 2767 1500 2851 nervis,
1525 2769 1663 2839 tametsi
1684 2769 1872 2840 mediocris
1896 2782 1948 2840 eat
1968 2765 2071 2838 duri·

1090 2887 1177 2948 caes,
1201 2888 1248 2934 ne
1272 2864 1380 2935 nimis
1401 2879 1479 2938 tura
1502 2868 1699 2959 impediant
1725 2884 1861 2941 motum
1885 2870 2070 2941 iunctura·

1090 2987 1191 3048 rum,
1217 2988 1307 3034 neve
1325 2967 1433 3037 nimis
1457 2968 1580 3040 mollia
1602 2985 1833 3059 rumpantur,
1858 2983 1920 3041 aut
1939 2969 2071 3039 faciant

1090 3064 1349 3140 dislocationes.
1399 3065 1656 3158 Cognationem
1673 3067 1807 3143 habent
1822 3095 1901 3142 cum
1917 3068 2070 3152 ossibus,

1014 3202 1024 3221 ·
1090 3188 1163 3235 non
1180 3190 1260 3236 cum
1282 3168 1413 3239 nervis.
1464 3165 1648 3243 Oriuntur
1666 3173 1762 3242 euim
1782 3176 1829 3244 ab
1850 3172 2008 3256 ossibus,
2032 3182 2068 3243 et

1089 3267 1189 3336 omni
1204 3290 1310 3338 sensu
1325 3282 1457 3341 carent.

1189 3365 1333 3440 Utilitas
1357 3385 1409 3442 est
1426 3371 1631 3463 multiplex,
1654 3376 1803 3464 alligant
1824 3374 1965 3444 ossibus
1986 3395 2068 3443 coe-

1088 3479 1161 3537 tera
1191 3472 1370 3552 membra,
1401 3484 1442 3540 ut
1463 3497 1546 3559 cor,
1579 3477 1839 3560 ventriculum,
1871 3473 2067 3558 matricem,

1089 3567 1251 3640 vesicam.
1304 3568 1465 3660 Alligant
1484 3587 1519 3643 et
1539 3579 1715 3650 musculos
1730 3578 1883 3648 ossibus.
1923 3574 2066 3647 Aristo-

1088 3668 1173 3738 teles
1189 3669 1386 3764 improprie
1403 3675 1567 3748 nominat
1584 3702 1724 3765 nervos,
1749 3680 1809 3751 sed
1820 3676 1956 3747 Medici
1973 3687 2067 3744 recte

1088 3769 1294 3843 discernunt
1309 3796 1437 3851 nervos
1454 3789 1488 3844 et
1505 3777 1705 3866 ligamenta.
1755 3774 1820 3851 Est
1841 3779 1936 3849 enim
1958 3775 2067 3845 dissi-

1088 3869 1184 3940 milis
1193 3872 1294 3960 origo
1310 3886 1346 3943 et
1360 3887 1504 3959 natura,
1529 3893 1571 3949 ut
1590 3882 1676 3953 dixi.

10 4024 12 4053 ¹
105 4024 118 4043 ·
274 4019 285 4036 ·
335 4018 346 4086 t
473 4012 537 4083 ia
578 4009 759 4083 intestinis
808 4009 948 4081 arteriis
995 4023 1037 4081 ut
1188 3965 1369 4058 ⁰h⁰fd⁸²2
1394 3969 1572 4065 revomet,
1596 3983 1756 4052 membra
1771 3979 1965 4074 composita
1981 3990 2067 4048 sunt

56 4037 144 4095 mm
164 4034 333 4092 mmm
347 4040 389 4098 θ’
412 4038 471 4086 m
487 4038 554 4099 ω’
766 4063 777 4097 ’
957 4057 970 4091 ’
1087 4094 1128 4139 ex
1145 4072 1264 4144 nervis
1288 4087 1323 4146 ει
1346 4074 1546 4164 ligamentis
1568 4082 1792 4156 venientibus
1808 4083 1853 4152 ad
1874 4079 2065 4161 musculos,

10 4116 12 4187 l
57 4147 154 4218 *Ψ
169 4124 313 4193 ‘Mum
328 4128 392 4189 ‘⁸¹'
1087 4171 1126 4240 in
1197 4197 1300 4244 orum
1323 4177 1600 4252 extremitatibus
1632 4197 1714 4256 nata
1764 4178 1955 4255 trahuntur
1978 4178 2064 4246 iude

10 4226 14 4371 l
146 4252 287 4335 ΨΜ,
302 4241 694 4345 92513592⁸¹¹l¹¹⁶²⁰³¹²⁸
710 4240 810 4312 ‘⁰⁰⁰¹
826 4240 959 4326 ‘unia’
974 4265 1035 4311 νε·
1086 4274 1131 4342 ad
1147 4196 1345 4361 ililncturas,
1366 4290 1408 4347 ut
1423 4301 1479 4347 eas
1495 4299 1663 4357 moveant
1675 4209 1758 4357 enin
1772 4283 1947 4353 volumus.
1971 4274 2063 4347 Nam

59 4349 403 4468 ltfflldsssssslfiffl?
417 4344 634 4427 ‘mmmm’
655 4365 727 4461 qu?
741 4341 931 4459 P⁰¹¹l¹¹¹‚¹¹¹·
959 4338 1036 4412 (3³²
1085 4375 1265 4445 mnsculus
1282 4389 1335 4446 est
1355 4378 1549 4451 mediatum
1571 4409 1744 4476 organum
1769 4378 1962 4452 voluntarii
1984 4402 2063 4448 mo-

60 4457 151 4529 hnus
179 4464 305 4527 etmel
332 4472 484 4543 Pssmm
513 4468 636 4517 ‘imm
664 4465 839 4533 ⁰²¹3¹¹¹²¹¹¹
863 4467 903 4512 ¹¹¹
935 4455 1036 4532 ‘9³²⁰
1084 4486 1142 4546 tus
1177 4475 1444 4561 iuncturarum,
1483 4478 1638 4557 chordae
1670 4483 1933 4564 immediatum,
1972 4501 2063 4573 quae
2117 4476 2120 4481 ’

62 4581 140 4645 ⁸¹0,
163 4572 201 4629 ‘i
215 4552 376 4645 stipitem
393 4572 488 4634 ⁸⁸⁸⁶,
509 4567 677 4636 magnum
691 4557 726 4614 εἴ
744 4544 904 4634 ³¹¹¹P¹¹¹¹¹¹
929 4565 1035 4633 ,Μ’
1085 4575 1229 4670 quidem
1251 4572 1442 4651 trahuntur
1466 4605 1487 4653 a
1511 4586 1684 4657 musculo.
1733 4583 1919 4656 Musculus
1942 4582 2062 4651 vibra·

60 4657 137 4743 lem,
161 4657 228 4753 qni
245 4654 456 4724 nominatur
470 4671 560 4720 vena
583 4667 690 4765 capa,
716 4644 800 4737 (111ἰίι
819 4657 861 4715 Πῑ
886 4659 1034 4762 “Pnffl‘
1084 4688 1141 4747 tus
1167 4677 1294 4768 spiritu
1313 4704 1420 4775 quem
1444 4686 1546 4754 nervi
1567 4686 1751 4771 adferunt,
1784 4696 1948 4758 movetur
1977 4700 2063 4752 snae

58 4759 185 4833 thoris
198 4756 321 4827 111θῖοῑ
335 4765 405 4834 0⁸¹2
431 4776 451 4821 ὃ
470 4772 542 4844 <1¹¹⁰
557 4771 646 4818 ‘³⁰¹¹
661 4758 696 4816 ‘l
710 4745 857 4816 ff⁰¹¹d²⁸
878 4758 1033 4816 ⁰¹¹⁰m⁰⁸
1083 4777 1199 4846 carnis
1213 4792 1357 4867 natura,
1382 4795 1417 4853 et
1430 4785 1505 4855 suis
1519 4787 1731 4880 quibusdam
1753 4786 1869 4874 libris,
1895 4800 1929 4857 et
1944 4807 1981 4853 se
2003 4782 2062 4853 di·

58 4876 128 4935 Μ
156 4856 391 4953 wemma
432 4852 497 4972 3²³,
511 4848 646 4969 {⁰⁶³⁶st
675 4869 793 4916 ΜΝ
813 4867 1032 4965 “Parum
1082 4877 1168 4949 latat
1200 4893 1235 4950 et
1260 4876 1458 4970 contrahit,
1494 4898 1535 4957 ut
1558 4880 1626 4959 hac
1656 4888 1864 4961 dilatatione
1892 4887 1950 4958 vel
1973 4905 2062 4955 con-

58 4960 317 5055 lfflldlffiw
339 4976 424 5026 '⁸⁸‘
443 4975 544 5025 ⁰⁰¹¹·
592 4945 671 5019 ¹¹³⁰
686 4970 869 5017 ⁶⁰⁰¹m⁰¹¹¹
889 4959 1034 5018 ‘mim'
1082 4979 1254 5053 tractione
1276 4978 1395 5057 τίνων
1415 4980 1590 5060 trahatur.
1639 4987 1921 5080 Constat'igitur
1941 4982 2060 5060 τὲνιεν

58 5059 366 5153 ἱῦῙῙῖιἸ)οειιειίαι
381 5067 418 5127 ‘¹
433 5049 604 5125 Galenlffi
618 5047 918 5174 ωωθῃῑίὅὶζῃω·
967 5047 1032 5120 Ait
1081 5102 1123 5149 ex
1140 5104 1251 5152 nervo
1277 5097 1311 5154 et
1327 5084 1531 5178 ligamento,
1556 5102 1599 5161 ut
1614 5114 1745 5163 curvus
1761 5091 1962 5183 suppeditet
1978 5112 2060 5159 sen-

59 5170 140 5239 enin
155 5163 416 5257 Ηῑρῐωθῐθῐθΐξ
448 5148 634 5250 immi
652 5147 805 5246 ‘9²‘qu
823 5172 937 5245 paup.
1080 5202 1158 5250 sum
1188 5195 1222 5253 et
1252 5198 1402 5255 motum.
1473 5186 1543 5260 sed
1568 5214 1614 5261 ne
1638 5207 1862 5284 rumperetur
1880 5192 1949 5263 init
1969 5212 2060 5279 opus

141 5294 324 5379 Asteriae,
337 5280 523 5385 ἀρτηρίαι,
543 5297 626 5354 sunt
642 5281 780 5354 canales
797 5280 927 5352 tunicis
941 5283 1030 5351 den·
1079 5281 1151 5351 alio
1185 5283 1330 5355 duriore
1358 5282 1516 5364 vinculo.
1585 5289 1671 5365 ldeo
1697 5295 1858 5367 additum
1885 5309 1937 5366 est
1969 5293 2058 5378 liga-

57 5401 194 5475 tioxihus
209 5409 250 5469 et
264 5392 484 5465 firmioribus
495 5385 598 5472 iacti,
622 5398 777 5480 'quorum
793 5396 929 5455 meatus
944 5395 1028 5455 sunt
1077 5395 1250 5461 mentum.
