4538 5754
610 220 699 300 .v.
747 216 1069 299 unoruuara
1098 214 1441 298 orauucrrcus.
1825 155 1832 170 ⁸
1972 226 2050 303 oss

435 391 599 481 (lentas.

124 562 168 636 ln
188 560 420 660 inquisitione
432 562 556 632 reruni
568 560 766 654 plerunque
781 557 886 632 initio
900 581 1009 654 quae·

91 691 132 739 us
155 691 283 757 genus,
317 681 486 761 tanquam
510 663 755 748 communius,
785 661 869 754 quia
895 683 1008 752 angu-

91 793 129 840 ra
153 771 325 841 vocabula
347 768 573 838 declarantur
594 788 658 858 per
680 764 944 848 communiora,
968 775 1008 834 ut

93 872 151 942 uis
173 896 317 964 prorsus
335 871 501 961 ignorans
518 892 609 964 quae
625 889 682 937 res
696 866 742 938 sit
756 863 921 958 Cometa,
948 865 1008 934 in-

91 986 173 1065 oget
202 975 288 1068 quid
317 974 381 1058 sit,
415 996 497 1042 curn
527 970 627 1041 audit
651 967 912 1054 mustellam,
945 966 1006 1037 sed

94 1089 172 1146 tum
204 1077 463 1146 inflammatum
495 1095 587 1157 esse,
627 1070 813 1141 nominato
843 1070 1006 1164 proximo

92 1200 169 1263 ere,
201 1176 238 1247 id
268 1180 364 1272 quod
394 1175 499 1246 initio
526 1173 732 1244 discendum
755 1171 839 1257 fuit,
870 1170 1007 1246 didicit.

92 1292 145 1350 tea
167 1280 413 1371 progreditur,
448 1277 634 1371 inquirens
657 1273 781 1371 qualis
797 1273 842 1344 sit
863 1268 1007 1358 halitus,

92 1405 144 1451 :ur
166 1395 362 1452 moueatur.
416 1377 499 1449 ldeo
523 1392 556 1448 et
578 1376 615 1445 in
638 1375 907 1447 definitionibus
930 1375 1007 1467 ple-

93 1505 162 1575 que
182 1483 350 1553 recitatur
374 1504 496 1572 genus.
562 1474 611 1550 Et
635 1472 857 1569 deprehenso
880 1499 1006 1568 genere

94 1608 139 1654 us
168 1584 296 1677 aliquis
324 1586 367 1653 ad
399 1580 617 1673 agnitionem
647 1579 699 1649 rei
726 1580 919 1672 patefactus
944 1591 1007 1664 est,

93 1685 192 1756 uulta
213 1686 420 1768 iudicantur
444 1710 484 1754 ex
508 1682 709 1773 cognitione
731 1680 886 1772 generis,
911 1695 951 1752 ut
976 1680 1005 1750 si

93 1816 99 1853 t
122 1787 283 1873 dubitet,
310 1813 356 1858 an
380 1783 520 1857 homiui
535 1781 738 1857 Christiano
763 1783 866 1855 liceat
887 1797 1005 1855 tencre

94 1883 226 1975 s'rium,
253 1905 314 1964 aut
335 1889 510 1968 militare,
536 1899 599 1958 aut
619 1887 658 1955 in
676 1885 818 1956 iudiciis
836 1899 1007 1978 repetere,

94 1994 121 2061 le
143 1992 278 2061 erudiri
295 1992 422 2083 poterit
440 2000 637 2065 monstrato
653 2011 790 2078 genere.
842 1984 1006 2077 Evange-

94 2116 108 2160 ι
130 2094 306 2184 approbat
323 2094 484 2163 ordinem
502 2090 687 2181 politicum
705 2102 738 2159 et
754 2091 873 2160 omnia
890 2088 1006 2159 officia

96 2193 160 2265 tici
193 2195 341 2264 ordinis.
402 2191 456 2264 Ex
488 2188 595 2262 huius
625 2190 764 2280 generis
791 2191 1005 2281 cognitione,

95 2296 259 2387 peciehus
275 2297 331 2365 vel
348 2299 392 2366 de
407 2295 567 2388 partibus
582 2291 806 2362 manifestum
821 2305 892 2377 est,
917 2291 1004 2385 quid

95 2400 247 2468 rendum
272 2399 328 2469 sit.
380 2394 435 2467 Ex
459 2392 527 2465 hoc
548 2396 646 2465 fonte
663 2406 819 2466 sumtum
836 2407 887 2466 est
903 2417 1006 2484 prae-

96 2523 182 2582 um,
214 2501 308 2593 quod
331 2522 434 2590 saepe
454 2496 582 2590 repetit
605 2493 744 2566 Cicero:
780 2491 1005 2592 Hypothesiu

95 2601 297 2672 sierendam
336 2623 409 2670 esse
444 2602 489 2669 ad
521 2593 672 2673 Thesin.
746 2596 859 2670 Vocat
888 2613 1005 2669 autem

96 2696 232 2773 athesin
263 2702 468 2772 inferiorem
496 2699 756 2794 quaestionem,
786 2701 1005 2793 superiorem

95 2804 156 2890 in,
182 2818 224 2874 ut
247 2805 277 2899 si
299 2806 344 2874 de
369 2802 606 2895 reprimendis
622 2800 750 2871 Turcis
774 2803 862 2874 velis
879 2804 1007 2887 dicere,

96 2906 127 2977 io
144 2906 327 2978 uberrima
346 2928 387 2973 ex
405 2927 531 2994 genere
549 2918 743 2975 nasceturz.

168 3024 266 3096 Iusta
282 3047 388 3117 opera
404 3036 437 3093 et
453 3020 529 3092 Deo
546 3035 644 3110 grata
661 3036 743 3092 suut
759 3036 794 3095 et
808 3023 924 3097 cultus
938 3021 1006 3096 Dei

219 3127 333 3197 lacere
357 3149 420 3196 suo
446 3146 611 3218 quenque
632 3123 710 3193 loco
733 3123 848 3195 officia
866 3127 1006 3219 politici

221 3228 359 3299 ordinis
374 3251 457 3297 vero
475 3225 594 3296 studio
611 3238 755 3316 propter
770 3222 898 3314 Deum,

165 3329 326 3421 Regibus
350 3344 467 3400 autem
486 3325 644 3397 defensio
662 3327 867 3419 politiorum
884 3342 918 3401 ει
935 3325 1006 3400 Εε-

217 3432 404 3503 clesiarum
420 3454 460 3500 ac
474 3425 642 3499 honestae
659 3429 871 3522 disciplinae
885 3445 920 3503 et
931 3445 1005 3502 stu·
1054 3447 1057 3453 ’

218 3535 362 3605 diorum
379 3532 562 3603 doctrinae
579 3531 743 3602 mandata
764 3545 825 3618 est,

168 3634 291 3727 Quare
307 3659 403 3705 nunc
421 3658 562 3729 quoque
580 3645 698 3722 tegant
711 3633 864 3725 patriam
879 3638 1005 3708 adver·
1054 3672 1058 3679 ·

218 3762 278 3809 sus
295 3737 488 3808 Turcicum
505 3735 747 3810 latrocinium.

114 3871 191 3942 lam
222 3869 427 3956 considera,
462 3882 594 3964 quanta
625 3892 744 3940 rerum
769 3870 1000 3944 maximarum

1213 391 1312 466 Deus
1327 405 1378 463 est
1394 391 1540 486 ubique,

1267 491 1364 586 Ergo
1379 508 1414 567 et
1429 488 1488 565 hic
1503 496 1611 568 adest.

1213 593 1346 670 Omnis
1365 596 1521 688 legitima
1545 596 1676 688 emptio
1699 611 1749 671 est
1764 612 1963 674 contractus
1979 598 2046 674 ho-

1264 714 1385 771 nestus
1402 711 1437 770 et
1451 720 1638 770 concessus
1654 693 1871 787 Christiano,

1314 798 1410 891 Ergo
1436 814 1471 871 et
1493 816 1715 886 contractus,
1740 802 1779 871 in
1800 828 1871 897 quo
1892 826 1948 874 res
1965 828 2046 875 vere

1365 902 1496 973 emitur
1518 928 1598 975 cum
1620 916 1723 994 pacto
1745 905 1794 975 de
1808 907 2046 991 revendendo,

1369 1019 1420 1076 est
1429 1000 2047 1079 honestusetconcessusChristiano.

1335 1124 1339 1129 “
1398 1148 1404 1157 ·
1465 1121 1648 1214 Negative:

1213 1226 1320 1299 Nulla
1337 1227 1431 1298 dona
1447 1223 1515 1298 Dei
1529 1238 1614 1298 sunt
1631 1225 1878 1319 vituperanda,

1260 1325 1357 1420 Ergo
1379 1329 1499 1399 nullae
1517 1342 1609 1400 artes
1625 1324 1793 1399 honestae
1809 1342 1892 1400 suut
1907 1328 2045 1421 vitupc·
2086 1390 2091 1396 .

1313 1433 1457 1506 raudae.

1295 1607 1380 1678 Dio·
1395 1601 1598 1677 secundum
1622 1604 1806 1701 reptatam.

1161 1737 1324 1811 Secunda
1342 1739 1474 1830 regula,
1500 1731 1532 1809 Α
1550 1759 1678 1828 genere
1691 1735 1768 1807 sine
1784 1736 1886 1827 signo
1898 1739 2046 1810 univer·

1058 1841 1124 1912 sali
1147 1843 1192 1912 ad
1217 1842 1368 1933 speciem
1394 1852 1532 1912 tantum
1555 1839 1716 1930 negative
1739 1841 1919 1912 ducuntur
1941 1863 2045 1931 argu·

1057 1959 1199 2026 menta,
1224 1957 1281 2016 ut:

1210 2043 1320 2137 Lapis
1335 2064 1410 2110 nou
1427 2054 1481 2111 est
1495 2042 1643 2124 animal,

1265 2142 1361 2234 Ergo
1379 2143 1471 2234 lapis
1486 2167 1559 2214 non
1576 2137 1767 2218 esthemo.

1211 2245 1374 2318 Mulsum
1387 2267 1462 2314 non
1480 2260 1531 2317 est
1547 2247 1684 2332 vinum,

1266 2345 1362 2438 Ergo
1379 2370 1444 2416 nec
1463 2363 1514 2419 est
1529 2351 1678 2420 rubrum
1694 2349 1831 2421 vinum.

1210 2449 1384 2524 Furiosus
1400 2447 1474 2518 non
1492 2462 1607 2542 potest
1622 2452 1835 2536 consentire,

1263 2549 1359 2643 Ergo
1376 2574 1442 2621 nec
1458 2565 1573 2642 potest
1588 2549 1800 2628 contrahere
1817 2549 2043 2645 detconiugio

1315 2654 1370 2723 vel
1388 2655 1432 2724 de
1448 2655 1616 2729 emtione.

1160 2770 1264 2843 Valet
1281 2773 1550 2865 consequentia,
1571 2774 1656 2869 quia
1670 2773 1727 2846 cui
1743 2774 1912 2846 adimitur
1927 2795 2047 2866 genus,

1059 2876 1174 2948 eidem
1188 2875 1359 2946 adimitur
1375 2887 1409 2945 et
1426 2875 1575 2966 species,

1455 3092 1651 3205 Species.

1298 3273 1370 3349 Dio
1395 3279 1573 3376 rapulam
1596 3279 1643 3352 de
1666 3284 1802 3375 aperie.

1159 3411 1317 3505 Regula,
1343 3409 1378 3485 Α
1399 3418 1514 3509 specie
1535 3420 1579 3489 ad
1603 3440 1713 3508 genus
1736 3431 1872 3490 tantum
1891 3416 2044 3487 affirma·

1058 3515 1129 3589 tive
1143 3518 1325 3588 ducuntur
1339 3533 1563 3608 argumenta,
1589 3534 1646 3592 ut:

1137 3690 1147 3696 ,
1210 3616 1329 3694 Homo
1347 3634 1409 3705 est,

1213 3717 1327 3811 Igitur
1343 3722 1476 3792 animal
1493 3737 1555 3797 est.

1158 3837 1291 3910 Valent
1304 3843 1575 3934 consequentia,
1601 3843 1683 3937 quia
1698 3846 1813 3936 posita
1826 3844 1959 3938 specie,
1980 3866 2043 3912 ne·

98 3974 399 4062 asitingeuere
425 3972 547 4041 souin
572 3964 684 4056 thesi,
718 3995 824 4066 quam
847 3975 1004 4049 continet
1057 3964 1150 4062 ΨΜ
1181 3955 1231 4014 ‘⁵¹
1259 3943 1358 4060 9⁰⁰1,
1377 3966 1504 4062 &inme
1540 3959 1575 4016 ‘l
1606 3947 1664 4017 ⁶¹¹5
1693 3948 1826 4042 *ιιθθῑθ8
1858 3946 2040 4029 [ribuilul's

99 4101 126 4146 vr
149 4075 365 4170 syllogismi,
391 4086 425 4145 et
449 4085 623 4166 quantum
643 4074 844 4163 splendoris
862 4079 1005 4150 accedat
1055 4046 1170 4115 ‘¹⁶⁰⁰'
1185 4067 1297 4135 ΒΜ*
1313 4045 1425 4117 ¹¹¹b¹¹¹
1438 4069 1578 4118 necem
1595 4063 1657 4124 ⁸⁸¹·

99 4202 153 4265 ae,
186 4177 217 4248 si
248 4177 413 4246 ostendas
441 4176 547 4245 talem
572 4173 738 4245 militiam
764 4199 846 4246 vere
867 4179 1002 4249 cultum

102 4304 186 4351 esse.
245 4276 343 4348 Haec
366 4276 448 4347 ideo
470 4278 600 4363 recito,
627 4289 669 4348 ut
692 4271 799 4348 huius
822 4277 891 4348 loci
917 4305 1002 4352 usus

99 4384 122 4453 is
145 4379 304 4474 conspici
329 4379 452 4472 possit.
515 4379 620 4452 Nunc
645 4381 785 4470 regulas
805 4401 868 4452 seu
891 4385 1001 4453 mani-

101 4487 245 4559 addam.

269 4711 346 4782 Dic
368 4712 535 4802 primum
559 4709 740 4806 regulum.

1419 4264 1679 4354 Differentia.

1252 4432 1327 4506 Dio
1346 4437 1513 4532 regulam
1533 4434 1579 4508 de
1599 4430 1838 4534 differentia.

1154 4561 1292 4657 Regula
1302 4592 1320 4654 ,¹
1342 4568 1392 4642 Ut
1408 4572 1453 4640 ab
1470 4572 1605 4659 integra
1623 4570 1843 4658 delinitione,
1869 4572 1917 4643 ita
1936 4595 1954 4641 a
1969 4573 2040 4641 dif-
2123 4628 2131 4648 „

1053 4667 1203 4738 larentia
1223 4671 1383 4762 specifica
1407 4675 1586 4744 ducuntur
1608 4674 1706 4742 firma
1723 4690 1928 4764 argumenta
1944 4677 2040 4745 altir-

1051 4772 1183 4840 mative
1218 4785 1252 4842 et
1282 4775 1455 4862 negative.
1531 4774 1584 4843 Ac
1613 4776 1716 4846 facile
1744 4777 2040 4869 intelligipotest

105 4854 999 4950 Prim³r0811182Asupetifflifflfflslgnouniver·
1052 4868 1159 4942 huius
1188 4873 1256 4944 loci
1284 4898 1452 4965 magnum
1482 4900 1586 4945 usum
1616 4902 1706 4960 esse,
1745 4880 1829 4973 quia
1860 4882 1970 4950 multa
2001 4882 2038 4948 in

101 4963 143 5033 fid
170 4962 323 5032 inferius
349 4984 488 5052 semper
512 4960 605 5032 Vfllel
629 4964 879 5056 c⁰ss⁸0q¹10nlfa
902 4966 999 5036 affir-
1050 4968 1150 5045 omni
1171 4975 1412 5066 disputatione
1436 4979 1619 5068 incidunt,
1653 5007 1742 5074 quae
1764 5007 1843 5052 cum
1865 4985 1910 5053 ab
1934 4984 2039 5052 indo·

101 5089 136 5137 ve
152 5079 186 5136 et
204 5064 380 5154 negative.

339 5178 583 5268 Affirmative,
608 5197 666 5256 ut:

157 5280 280 5357 Omne
296 5284 428 5355 animal
444 5286 569 5376 spirat,

210 5383 308 5477 Ergo
324 5388 430 5481 piscis
444 5389 566 5481 spirat.

1050 5071 1116 5149 ctis
1139 5093 1200 5150 aut
1223 5102 1241 5148 a
1264 5075 1493 5171 sycophantis
1519 5106 1592 5151 non
1614 5099 1707 5155 recte
1731 5086 1943 5170 miscentur,
1976 5109 2040 5153 ne-

1053 5203 1147 5251 cesse
1175 5192 1227 5250 est
1251 5183 1409 5252 membra
1436 5183 1598 5255 evolvere
1622 5201 1654 5258 ct
1675 5187 1893 5270 discernere,
1928 5199 1962 5257 ει
1984 5210 2039 5255 sa·

1049 5282 1271 5373 pientissimo
1309 5284 1444 5357 dictum
1485 5301 1553 5360 est:
1599 5288 1671 5380 Qui
1710 5291 1801 5360 bene
1842 5287 2027 5375 distinguit

1048 5387 1137 5457 hene
1154 5385 1267 5465 docet,
