4538 5754
197 284 272 358 444
436 268 644 349 semera
678 267 754 344 44.
780 259 1144 342 444444144.
1169 194 1315 338 4444.
1341 256 1631 352 4444444.
1658 255 1984 335 4444444444.
2075 203 2079 209 ’
2155 263 2232 339 444

202 454 352 525 minam
365 443 531 541 requirit.
582 434 856 509 Ostendendum
870 447 923 504 est
944 432 1064 516 enim,
1090 433 1189 524 quod
1213 454 1217 487 4
1241 429 1397 520 exempla
1418 429 1573 518 possint,
1600 445 1635 500 et
1656 431 1777 499 videre
1803 434 2049 502 oeconomiam
2075 448 2112 504 et
2135 435 2236 505 ordi-

202 552 436 642 Evangelium
450 544 620 636 approbet
635 539 879 627 magistratus,
904 536 1100 604 vindictam
1121 557 1190 624 pu·
1241 554 1323 599 uem
1339 532 1500 601 omnium
1518 534 1691 621 partium,
1718 548 1752 601 et
1768 534 1878 603 totius
1891 536 2064 606 orationis
2080 535 2234 605 14444444

202 659 332 729 blicam
341 701 351 732 ‚
378 650 529 730 iudicia,
554 644 666 724 bella,
691 642 788 732 quod
802 635 1038 726 Evangelium
1056 636 1101 704 sit
1125 639 1192 702 do·
1215 672 1218 689 ·
1242 632 1363 701 animo
1392 633 1589 720 complecti.
1651 632 1761 702 Plena
1797 649 1914 705 autem
1945 637 2120 727 exemplis
2151 653 2235 708 suut

204 760 317 831 min„
340 757 384 823 de
407 753 477 818 vita
502 760 644 816 aeterna
666 757 702 811 et
725 740 921 831 spirituali,
954 761 1019 807 nec
1043 736 1192 826 dissipet
1215 692 1219 843 1
1242 732 1431 817 Poie'mata,
1464 732 1665 812 Historiae,
1692 731 1885 825 Epistulae.
1939 737 2011 808 Sed
2034 739 2234 827 eguvelirn

203 860 364 954 politiae,
391 854 451 922 sed
470 849 584 918 multo
600 844 713 931 magis
728 840 924 911 confirmet.
974 837 1079 908 lubet
1096 837 1190 907 enim
1216 846 1220 895 1
1244 851 1485 925 praeceptores
1500 859 1541 903 ex
1559 834 1662 903 Livio
1678 836 1807 923 eligere
1829 841 2007 930 exempla,
2035 864 2128 933 quae
2152 865 2234 911 cum

206 985 271 1031 nos
286 961 324 1028 in
340 953 406 1024 hac
421 953 492 1022 vita
511 946 687 1038 corporali
704 958 808 1035 atque
824 940 939 1023 civili,
965 941 1018 1009 uti
1037 938 1193 1030 politicis
1245 951 1280 1005 et
1303 950 1449 1026 propter
1479 960 1598 1005 rerum
1619 939 1921 1026 magnitudinem,
1955 954 1989 1011 et
2009 955 2160 1033 propter
2179 964 2236 1012 su·

205 1066 311 1133 rebus
332 1056 517 1136 omuibus,
549 1050 641 1118 sicut
669 1042 737 1115 boc
760 1050 859 1127 aere,
883 1043 982 1126 cibo,
1008 1055 1094 1131 potu
1119 1041 1193 1108 uti'-
1245 1062 1331 1106 num
1348 1039 1521 1107 orationis
1540 1038 1735 1108 illustriora
1753 1043 1957 1128 etgraviora
1974 1043 2056 1127 sint,
2070 1066 2236 1132 maguam

206 1188 297 1234 4444.
351 1155 619 1245 interpretanda
635 1160 765 1216 suntet
786 1146 879 1216 dicta
900 1146 1071 1235 quaedam
1087 1137 1194 1210 Chri·
1246 1141 1436 1208 verborum
1455 1154 1489 1210 41
1506 1143 1762 1209 sententiarum
1777 1142 1915 1232 copiam
1932 1145 2175 1234 suppeditant.

206 1268 269 1347 sti,
307 1283 396 1354 quae
423 1258 589 1323 videntur
623 1245 814 1340 prohibere
848 1245 1055 1313 vindictam.
1097 1240 1194 1311 Haec
1255 1247 1262 1261 '
1348 1255 1532 1326 Pertinent
1554 1258 1598 1324 ad
1622 1257 1819 1325 suasorium
1847 1281 1977 1348 genus,
2012 1262 2106 1331 4114
2130 1263 2237 1333 sacris

206 1368 301 1437 enim
318 1374 455 1431 tantum
474 1356 645 1445 privatam
667 1350 860 1417 vindictam
883 1341 1093 1435 probibent,
1119 1368 1192 1411 ¹¹⁰ss
1245 1358 1369 1441 literis,
1394 1355 1687 1440 Adhortationes,
1706 1356 1989 1444 Consolationes,
2006 1359 2238 1454 Deprecatio-

207 1461 400 1561 prohibent
415 1458 605 1525 vindictam
626 1450 815 1541 publicam,
842 1470 932 1540 quse
946 1459 1127 1514 exercetur
1142 1447 1194 1512 01·
1219 1448 1222 1466 '
1246 1483 1308 1528 nes
1316 1508 1328 1541 ,
1349 1473 1389 1528 ut
1414 1462 1452 1528 in
1479 1458 1641 1539 Psalmo,
1670 1459 1860 1542 Miserere,
1882 1484 1986 1552 saepe
2011 1478 2064 1533 est
2087 1467 2238 1558 repetita

208 1570 288 1640 ficio
313 1563 595 1652 magistratuum.
654 1550 803 1643 Alioqui
834 1549 931 1616 enim
965 1546 1195 1616 dissentirent
1246 1561 1444 1652 propositio
1460 1585 1499 1629 ac
1518 1560 1654 1649 petitio.
1708 1559 1864 1633 14444144
1886 1578 1971 1633 4441
1995 1565 2125 1652 passim
2151 1588 2239 1661 que·

208 1675 254 1741 ab
280 1667 358 1737 aliis
381 1662 485 1743 lucis,
516 1658 579 1751 qui
600 1669 720 1744 aperte
739 1651 939 1742 approbant
963 1648 1197 1736 magistratus,
1247 1662 1352 1731 44144.
1410 1659 1670 1750 Argumentum
1699 1663 1843 1730 ducitur
1865 1665 1910 1732 ab
1931 1658 2102 1751 honesto,
2141 1671 2240 1762 quud

131 1802 137 1812 ·
210 1787 245 1843 et
259 1770 452 1836 vindictam
469 1759 749 1848 magistratuum.
800 1746 937 1819 Ε41444
954 1750 1113 1839 exemplu
1130 1750 1195 1825 ,14-

209 1873 320 1960 telligi
344 1878 477 1957 potest,
504 1863 620 1929 locum
645 1853 839 1924 honestatis
864 1851 1015 1919 maxime
1037 1865 1196 1918 constare

210 1990 304 2057 arte,
336 1969 419 2062 qnia
444 1961 508 2032 hae
532 1959 789 2049 disputationes
811 1975 975 2040 maguam
998 1952 1196 2022 doctrinam

209 2077 425 2168 optimarum
449 2087 568 2134 rerum
587 2059 788 2151 requirunt.
840 2051 887 2123 111
910 2077 1013 2142 saepe
1037 2048 1198 2121 14144114-

208 2169 450 2250 1441141414414
476 2165 650 2234 utendum
680 2174 751 2240 est,
792 2181 872 2224 cum
905 2154 1071 2224 videlicet
1097 2154 1199 2245 prius

170 2288 173 2293 '
212 2278 393 2351 docendus
410 2283 462 2339 est
481 2266 625 2335 auditor
640 2284 746 2354 quam
760 2253 1025 2337 adhortandus,
1049 2270 1090 2326 ut
1106 2256 1144 2323 111
1160 2254 1197 2322 iu
1224 2296 1226 2303 ι

93 2455 106 2471 ,
211 2379 279 2452 1444
301 2373 506 2472 quaestione
524 2370 567 2434 de
588 2364 693 2433 bello.

312 2506 401 2579 Loci
415 2505 459 2572 ab
476 2498 554 2570 utili
573 2493 718 2564 41144111
734 2493 805 2559 1444
821 2504 904 2559 4441
918 2487 1077 2580 ἄτεχνοιζ
1107 2486 1197 2556 Nam

214 2613 349 2689 utilitas
370 2627 472 2698 saepe
496 2598 653 2669 cernitur
680 2597 725 2663 ab
741 2592 910 2668 indoctis,
938 2615 1028 2684 quae
1047 2613 1127 2657 cum
1150 2601 1200 2657 est

214 2714 421 2793 manifesta,
455 2698 694 2789 exaggeranda
721 2695 786 2764 erit
806 2695 989 2774 oratione,
1018 2702 1199 2760 utcontra

147 2855 150 2864 ·
216 2818 373 2896 Τ44444,
406 2803 652 2897 amplificanda
678 2812 728 2867 est
751 2819 874 2865 eornm
902 2793 1110 2873 crudelitas,
1144 2791 1201 2858 di·-

214 2919 386 2997 cendum,
428 2918 595 3002 quantam
624 2899 864 2970 carnificinam
889 2898 928 2964 in
956 2897 1067 2963 victus
1102 2915 1201 2962 exer-

214 3032 335 3103 ceant,
361 3018 468 3107 quam
482 3007 597 3095 turpis
621 3019 654 3073 et
677 3002 805 3072 misera
830 2999 982 3066 servitus
998 2996 1201 3085 impendeat

214 3121 290 3208 his,
313 3117 465 3212 quinon
483 3122 566 3178 4441
579 3104 767 3176 1414414411.
817 3098 981 3169 Facultas
997 3111 1113 3166 autem
1136 3120 1201 3185 po-

216 3227 281 3295 sita
299 3219 403 3289 estin
425 3208 710 3285 circumstantiis,
725 3206 763 3271 in
779 3200 1042 3290 comparatione
1059 3198 1203 3279 virium,

216 3341 438 3414 temporum,
466 3315 637 3381 locorum.

317 3449 559 3525 Domiuantur
582 3440 620 3509 in
646 3433 714 3507 hoc
743 3458 871 3525 genere
901 3432 1073 3522 exempla,
1112 3442 1152 3498 ut
1173 3427 1201 3495 si

219 3559 298 3656 quis
323 3558 573 3624 commemoret
592 3539 779 3613 Catulum,
815 3530 1020 3615 Othonem,
1053 3530 1202 3622 patriam

218 3663 385 3733 adversus
402 3649 571 3721 barbaros
593 3665 729 3713 summa
752 3639 883 3707 virtute
903 3636 1120 3717 defendisse,
1146 3632 1204 3698 in-

218 3762 355 3832 finitam
372 3752 592 3823 Hunnorum
619 3740 902 3817 multitudinem,
938 3736 1089 3831 quaein
1111 3731 1204 3802 Ger-

218 3861 373 3934 maniam
399 3857 596 3944 irruperat,
628 3846 807 3916 delevisse.
861 3838 1058 3931 lmperatur
1079 3834 1204 3905 Fride-

219 3968 313 4037 ricus
329 3961 523 4031 Saracenos
541 3951 579 4019 in
605 3949 747 4019 ultimas
770 3961 899 4021 terras,
925 3942 963 4026 in
980 3939 1120 4032 Syriam
1145 3959 1214 4010 uss

220 4091 289 4165 que
306 4069 508 4155 persecutus
524 4065 585 4121 est.
635 4048 708 4118 Nos
725 4045 894 4135 repellere
912 4042 1116 4111 dubitamus
1139 4032 1204 4105 ho-

103 4205 108 4209 ·
187 4232 194 4247 .
221 4186 307 4252 4144,
333 4162 396 4258 qui
411 4174 484 4231 tam
500 4142 626 4247 prb'cul
641 4175 681 4218 ex
692 4143 844 4217 Thracia
860 4143 1026 4236 proiecti,
1055 4138 1206 4210 Germa·

1249 1761 1491 1831 misericordia
1517 1760 1581 1831 Dei
1603 1765 1662 1831 fiat
1684 1763 1878 1847 illustrior,
1904 1767 1935 1833 si
1950 1779 2129 1855 agnoscat·
2181 1769 2240 1841 Si·

1249 1865 1333 1932 mile
1350 1877 1401 1933 est
1417 1864 1495 1932 luco
1510 1864 1695 1946 utilitatis,
1722 1868 1817 1955 quod
1835 1869 2009 1956 promittit
2027 1893 2064 1937 se
2079 1869 2241 1938 vicissim

1250 1979 1388 2055 gratum
1404 1965 1497 2048 fore,
1523 1965 1808 2055 praedicaturum
1826 1962 1893 2035 huc
1908 1967 2133 2053 beneficium,
2159 1973 2243 2040 red·

1250 2069 1410 2135 diturum
1438 2091 1518 2135 vera
1546 2067 1734 2153 sacrificia,
1769 2068 1902 2137 scilicet
1919 2070 2086 2157 spiritum
2103 2074 2243 2142 contri·

1251 2168 1424 2238 bulatum.
1477 2164 1528 2235 lta
1543 2167 1661 2235 obiter
1676 2168 1803 2235 alludit
1820 2171 1864 2234 ad
1878 2168 1995 2237 locum
2011 2194 2242 2242 communem

1251 2272 1295 2336 de
1310 2267 1508 2350 sacrificiis,
1533 2269 1629 2358 quod
1649 2269 1871 2336 ceremoniae
1887 2283 2024 2339 tantum
2045 2273 2119 2343 sint
2142 2274 2244 2365 signa

1252 2393 1417 2436 verorum
1435 2369 1710 2437 sacrificiorum·
1736 2368 1884 2458 Semper
1900 2385 2015 2439 autem
2034 2373 2243 2467 114144444-

1252 2474 1384 2540 rendua
1402 2482 1463 2537 est.
1518 2465 1797 2539 Adltortationes
1824 2473 1945 2541 iubent
1971 2473 2110 2564 aliquid
2127 2498 2242 2566 agere.

1252 2569 1524 2641 Consolationes
1547 2571 1671 2639 iubent
1702 2585 1882 2660 expectare
1914 2575 2086 2643 4444111444
2110 2599 2129 2645 s
2151 2575 2245 2650 Deo.

1252 2671 1528 2762 Deprecationes
1543 2685 1669 2760 petunt
1692 2672 1830 2764 aliquid
1856 2675 1959 2742 nobis
1973 2678 2134 2755 concedi,

1460 2873 1520 2941 De
1546 2892 1689 2965 ponere
1719 2872 2025 2948 demonstrativo.

1352 3004 1680 3076 Demonstrativum
1700 3028 1810 3095 genus
1825 3009 1983 3078 continet
2001 3010 2244 3081 laudationem

1255 3119 1288 3174 et
1311 3106 1629 3198 vituperationem,
1663 3109 1722 3176 sed
1752 3109 1903 3178 multum
1926 3111 2090 3196 interest,
2124 3126 2245 3182 utrum

1255 3231 1424 3297 personae
1457 3216 1667 3287 tractentur,
1700 3233 1746 3276 an
1780 3212 1888 3292 lacta,
1930 3226 1990 3281 aut
2021 3236 2087 3282 res.
2152 3213 2246 3282 Aliis

1256 3310 1348 3376 enim
1375 3309 1461 3376 lucis
1487 3310 1659 3376 utendum
1681 3311 1749 3378 erit
1771 3312 1808 3377 in
1832 3311 2037 3382 laudatione
2062 3337 2248 3405 personae,

1256 3410 1334 3478 aliis
1351 3410 1389 3477 in
1404 3411 1510 3478 laude
1525 3411 1698 3480 facturum
1716 3424 1749 3479 et
1763 3436 1895 3485 rerum.

1357 3543 1446 3616 Cum
1462 3546 1647 3615 laudamus
1673 3571 1881 3637 personam,
1909 3549 2036 3620 ordine
2059 3573 2246 3622 narramus

1258 3644 1460 3726 historiam,
1487 3660 1523 3715 et
1537 3672 1654 3717 rerum
1670 3650 1795 3716 seriem
1815 3652 1852 3717 in
1876 3650 2026 3720 dicendo
2052 3654 2248 3744 sequimur.

1257 3749 1350 3818 Sunt
1365 3749 1472 3836 igitur
1494 3747 1563 3816 loci
1584 3773 1832 3839 personarum:
1860 3751 1996 3832 Patria,
2019 3751 2151 3837 Sexus,
2177 3752 2249 3824 Na-

1258 3852 1359 3928 tales,
1388 3848 1595 3938 lngenium,
1627 3847 1820 3931 Educatio,
1856 3851 2072 3942 Disciplina,
2103 3853 2249 3925 Doctri-

1258 3974 1322 4033 na,
1347 3947 1420 4020 Res
1437 3962 1570 4039 gestae,
1595 3950 1757 4020 Praemia
1782 3969 2113 4041 rerumgestarum,
2143 3953 2248 4027 Vitae

1258 4051 1389 4135 exitus,
1415 4046 1553 4141 Opinio
1573 4068 1829 4143 postmortem.
1881 4052 1950 4123 Hic
1970 4059 2058 4124 ordo
2076 4051 2249 4128 historiae

1260 4154 1369 4240 magis
1394 4155 1493 4221 decet
1517 4154 1554 4220 iu
1578 4156 1865 4235 laudationibus,
1891 4181 1996 4246 quam
2022 4158 2120 4248 quod
2144 4158 2249 4229 initio

220 4268 448 4357 uiamipsam
463 4252 733 4351 1101111111111111·
784 4233 1207 4317 111111811111111111113
1259 4257 1422 4346 quidam,
1457 4256 1558 4345 quasi
1586 4257 1625 4322 in
1656 4253 1788 4325 scholis
1816 4251 2129 4347 philosophantes,
2166 4283 2250 4351 par.

223 4371 336 4444 causis
356 4359 526 4436 movendi
547 4367 648 4437 sunt,
686 4350 748 4446 qui
777 4372 857 4418 cum
884 4348 1022 4417 intuta
1047 4343 1207 4414 oratione
1260 4357 1403 4426 equum„
1425 4358 1518 4425 bon,
1543 4356 1581 4422 in
1605 4356 1671 4424 ,ria
1696 4380 1842 4446 genera,
1869 4372 2031 4443 natum,
2057 4360 2191 4446 animi,
2218 4375 2251 4431 el

223 4475 320 4543 varie
342 4461 531 4560 spargendi
553 4469 679 4539 erunt,
717 4467 794 4523 tum
817 4450 855 4517 in
878 4448 1103 4539 peroratione
1126 4441 1208 4531 eligi
1260 4457 1546 4526 fortunaebona.
1596 4453 1736 4526 pagum
1756 4461 1798 4526 ad
1825 4453 1910 4528 haec
1930 4461 2062 4551 capita,
2089 4461 2250 4551 singulas

224 4577 354 4647 slehen!
374 4565 433 4650 111.
466 4553 836 4658 (1111811111111111114
863 4550 1073 4641 111111111111
1097 4543 1208 4637 1111111·
1262 4573 1376 4650 partes
1392 4553 1561 4627 historiae
1582 4561 1848 4627 accommodare
1875 4561 2019 4643 volunt,
2045 4585 2166 4631 rerum
2191 4589 2251 4634 or-

181 4688 182 4692 ’
223 4676 314 4750 Nam
339 4654 723 4764 perorationes,ut'in
751 4655 830 4724 aliis
854 4653 1059 4742 generibus,
1094 4645 1207 4716 101111·
1261 4661 1381 4728 dinem
1405 4661 1643 4728 confundunt.
1703 4658 1886 4731 Caeterum
1911 4662 1981 4730 loci
2007 4663 2061 4732 illi
2088 4687 2253 4737 cummu-

224 4769 583 4863 111111111111111111
613 4759 838 4857 (1111111111
862 4763 1152 4844 1181111111111
1177 4760 1208 4815 11
1261 4784 1344 4844 444,
1375 4785 1484 4852 quare
1505 4775 1652 4832 naturae
1676 4762 1792 4843 bona,
1826 4786 1934 4852 quare
1956 4765 2120 4834 fortunae
2143 4767 2253 4853 hona,

222 4882 379 4954 affectus.
1261 4864 1402 4932 laudem
1419 4876 1633 4945 mereantur,
1650 4876 1821 4954 quantum
1837 4880 2014 4952 praestent
2028 4866 2144 4935 animi
2156 4862 2255 4938 bona

327 5011 521 5098 postquam
537 4999 631 5071 hanc
656 4997 750 5063 viam
771 4992 1010 5063 adolescente,
1035 5006 1210 5073 cognove.
1263 4965 1405 5034 dotibus
1420 4965 1582 5035 fortunae
1600 4965 1793 5056 prudenter
1810 4961 1987 5056 ¹historiae
2012 4990 2074 5057 per
2094 4971 2254 5039 occasiu-

224 5096 310 5197 runt
354 5107 515 5200 exempla
529 5099 762 5196 proponenda
779 5106 878 5175 sunt,
903 5113 992 5183 quae
1013 5090 1120 5177 longe
1140 5084 1212 5153 cla·
1264 5091 1345 5135 ¹¹0¹ss
1361 5067 1524 5136 1111111111
1543 5067 1683 5136 debent·
1845 5185 1853 5200 .
1923 5186 1931 5201 .

223 5223 301 5295 rius
315 5171 529 5292 intendunt,
554 5203 642 5297 quid
659 5201 697 5266 in
711 5185 922 5284 hoc-genere
942 5193 1079 5272 deceat,
1104 5209 1211 5279 quam
1364 5180 1521 5252 Exordia
1541 5184 1577 5250 in
1596 5178 1663 5251 hoc
1678 5205 1804 5271 genere
1828 5185 1996 5254 liberiora
2020 5201 2123 5268 sunt,
2151 5201 2192 5259 ut
2214 5189 2253 5259 in

248 5345 348 5399 mm
372 5333 422 5393 ts.
473 5309 576 5400 Quae
590 5302 734 5398 quidem
749 5300 794 5367 ad
812 5292 879 5365 hoc
893 5316 1006 5364 444444
1022 5289 1213 5378 excogitata
1264 5281 1516 5377 Epithalamiis
1536 5297 1597 5352 441
1611 5280 1792 5373 Epicediis
1815 5300 1971 5376 apparet.
2024 5285 2254 5360 Interdume

223 5350 249 5418 p
266 5439 331 5515 η,
343 5344 396 5499 iat
410 5410 588 5511 imperitis
604 5407 701 5478 viam
718 5399 927 5481 ostendant,
950 5408 992 5466 ut
1013 5391 1214 5479 intelligere
1266 5409 1394 5479 pompa
1410 5385 1565 5475 publica,
1582 5385 1763 5458 interdum
1777 5386 1821 5455 ab
1836 5384 1962 5458 effectu
1975 5389 2108 5482 aliquo,
2131 5414 2256 5486 aque-
