4538 5754
117 233 215 308 1111
289 343 291 346 ⁴
414 329 416 332 ⁴
718 231 782 304 11.
833 174 1543 305 101111111111111111101.

2047 241 2145 316 1142

114 405 189 478 sad
211 418 250 476 11
269 427 408 496 semper
427 403 533 473 etiam
557 404 595 471 in
617 398 683 472 1111
704 403 776 472 vita
795 401 1103 488 remaneatinge·
1171 423 1226 468 em
1256 400 1490 481 adducerent,
1524 405 1583 471 sed
1613 404 1789 476 monitum
1814 404 1986 478 Davidem
2017 437 2036 481 a
2067 415 2139 486 filia

113 530 203 579 nere
232 502 390 576 humano
420 505 539 597 aliqua
565 527 646 573 vera
669 501 738 574 Dei
758 500 933 587 Ecclesia,
966 501 1104 572 etiamsi
1157 498 1293 584 Saulis,
1317 503 1496 571 abdidisse
1517 527 1553 572 se
1570 506 1607 573 in
1624 507 1775 576 latebras
1790 509 1995 602 priusquam
2010 515 2139 586 milites

114 608 225 695 multi
248 607 529 697 interficiuntur,
556 618 673 677 tamen
696 619 815 676 coetus
836 604 965 698 aliquis
987 625 1105 672 serva·
1157 602 1330 671 redirent:
1365 628 1405 673 ac
1428 615 1501 674 tota
1523 604 1586 675 illa
1607 602 1753 677 historia
1777 610 1913 679 illustre
1938 617 2138 706 exemplum

115 724 178 793 tur
206 711 304 780 velut
333 709 523 791 exercitus,
554 707 593 775 in
623 732 694 800 quo
718 706 756 775 11
780 700 846 775 hac
867 705 1009 776 mortali
1031 705 1104 774 1111
1156 704 1330 788 continet,
1356 707 1450 797 quod
1465 707 1567 776 docet
1583 728 1684 801 saepe
1698 710 1870 781 divinitus
1882 713 1970 802 tegi,
1995 717 2139 790 defendi

115 810 250 882 multae
272 823 467 881 cernuntur
481 809 654 899 gloriosae
669 808 913 892 liberationes,
937 820 979 877 ut
995 804 1102 875 lsrael

1155 819 1190 874 et
1207 806 1339 874 servari
1360 801 1521 876 homines
1536 808 1574 875 in
1591 811 1754 879 extremis
1769 813 1953 901 periculis,
1980 840 2060 886 cum
2075 820 2138 888 de-
2187 889 2191 895 ,

114 913 291 984 liberatur
313 910 428 982 deleto
444 906 642 984 Pharaonis
666 909 838 999 exercitu,
864 906 950 979 Saul
965 908 1110 985 tollitur,
1156 919 1240 976 sunt
1255 901 1410 976 humana
1425 910 1598 998 praesidia
1612 924 1647 979 et
1661 912 1803 984 auxilia.

114 1038 135 1084 1
165 1014 303 1097 medio,
320 1038 375 1097 Ι11
402 1026 521 1102 postea
545 1012 660 1083 David
684 1013 729 1080 ad
752 1034 899 1100 regnum
925 1003 1102 1080 evehitur:

114 1115 296 1187 tolluntur
311 1139 329 1184 1
342 1115 461 1183 medio
476 1111 726 1197 Maximianus,
751 1110 1005 1196 Diocletianus,
1031 1099 1100 1205 Ly*-

113 1216 244 1300 cinius,
269 1227 304 1286 et
319 1215 574 1309 aliquantisper
587 1228 755 1303 regnante
763 1212 1009 1296 Constantino,
1033 1211 1103 1280 Ec-

115 1317 246 1389 clesiae
260 1316 552 1412 tranquillitatem
568 1312 714 1400 habent,
740 1330 907 1408 tanquam
923 1315 997 1385 dies
1012 1311 1102 1383 Hal·

114 1417 275 1513 cyonios.
355 1466 358 1472 .
792 1471 794 1475 .

161 1570 164 1583 .
222 1516 264 1587 ln
289 1515 344 1589 his
365 1533 481 1589 autem
499 1509 1102 1609 11111111111111111111111111111·

116 1633 186 1694 1111
210 1619 405 1705 tolluntur,
441 1620 547 1710 signat
559 1631 810 1710 proponuntur
830 1619 941 1688 futuri
963 1617 1101 1688 iudicii:

114 1735 157 1794 ut
177 1717 376 1792 Pharaonis
403 1720 568 1790 interitus
597 1723 757 1790 noudum
785 1733 836 1790 est
858 1718 1045 1808 praecipua
1068 1732 1103 1788 11

116 1821 276 1915 aequalis
296 1845 409 1914 poena
430 1820 638 1912 impietatis,
662 1822 723 1889 sed
746 1819 1036 1889 commonefactio
1051 1833 1102 1889 est

115 1924 161 1995 de
197 1922 389 1993 universali
420 1920 573 2004 iudicio,
613 1934 648 1992 et
678 1923 722 1990 de
751 1920 804 1989 ira
834 1916 901 1988 Dei
935 1922 1101 1996 adversus

116 2046 241 2095 omnes
266 2020 443 2094 Pharaoni
466 2021 609 2094 similes.
676 2020 815 2092 luterea
838 2034 955 2091 autem
978 2043 1102 2091 causae

115 2125 239 2195 finales
267 2137 371 2217 sunt,
403 2147 468 2194 cur
489 2123 601 2216 aliqui
622 2123 766 2215 tyranni
789 2146 808 2191 e
831 2123 947 2191 medio
970 2124 1100 2192 tollan-

115 2238 196 2311 tur,
228 2250 274 2295 ue
298 2223 459 2296 funditus
479 2218 637 2293 Ecclesia
666 2223 843 2309 deleatur,
875 2224 959 2292 item
989 2236 1030 2293 11
1050 2224 1099 2314 pii

117 2326 319 2399 confirmati
345 2321 403 2396 his
432 2324 723 2409 liberationibus,
754 2338 943 2413 agnoscant
969 2345 1005 2392 11
1025 2322 1100 2393 Deo

118 2451 224 2500 11111
244 2451 334 2513 1111,
361 2451 397 2497 11
418 2423 577 2495 exaudiri
600 2438 634 2495 et
656 2425 776 2517 puniri
798 2425 943 2516 impios,
969 2449 1007 2494 ac
1025 2423 1099 2495 Deo

118 2528 261 2600 laudem
291 2529 448 2600 iusticiae
478 2527 647 2597 tribuant.
711 2524 794 2594 ldeo
821 2527 859 2594 in
889 2527 958 2595 fine
986 2527 1100 2595 addit:

1257 1025 1437 1095 Discenda
1471 1041 1522 1098 est
1543 1026 1653 1117 igitur
1673 1023 1759 1098 haec
1783 1030 1858 1120 ipsa
1879 1027 2025 1104 historia
2047 1035 2139 1109 sicut

1155 1126 1314 1196 doctrina
1329 1127 1614 1217 promissionum,
1635 1141 1670 1199 et
1681 1131 1892 1219 cogitatione
1903 1128 2009 1205 huius
2021 1160 2138 1206 exem·

1156 1227 1205 1317 pli
1224 1228 1470 1298 'confirmanda
1494 1241 1546 1300 est
1567 1231 1671 1316 fides,
1695 1245 1729 1301 et
1749 1232 1926 1305 invocatio
1942 1236 2139 1326 excitanda,
2183 1262 2184 1265 ’

1155 1329 1252 1398 utin
1277 1329 1442 1419 periculis
1463 1330 1712 1417 confessionis,
1739 1346 1773 1404 et
1796 1333 1881 1404 alias
1900 1350 2078 1426 petamus,
2105 1354 2139 1412 et

1155 1452 1333 1520 speremus
1365 1431 1610 1501 defensionem·
1635 1447 1670 1504 et
1701 1435 1891 1520 auxilium,
1921 1437 2028 1508 etiam
2058 1465 2137 1511 cum

1155 1551 1276 1600 sumus
1294 1531 1453 1602 destituti
1469 1556 1487 1601 a
1501 1534 1614 1602 causis
1630 1536 1803 1606 secundis.
1848 1535 1906 1606 Ad
1922 1534 2018 1610 11111
2033 1563 2137 1612 usum

1156 1631 1194 1700 in
1224 1631 1447 1704 invocatione
1476 1646 1510 1703 et
1538 1628 1597 1704 hic
1617 1635 1779 1706 Psalmus
1809 1651 1843 1708 et
1867 1639 1929 1708 alii
1951 1644 2137 1734 compositi

1154 1746 1255 1818 sunt,
1281 1758 1432 1825 quorum
1456 1737 1629 1807 sententia
1653 1738 1722 1809 erit
1745 1740 1945 1829 perspicua,
1972 1768 2051 1812 cum
2070 1745 2138 1813 lide

1154 1847 1183 1903 11
1201 1856 1262 1924 spe
1278 1834 1441 1905 similiter
1455 1837 1625 1907 auxilium
1639 1839 1909 1931 expectabimus.

1253 1948 1319 2021 Est
1343 1967 1460 2024 autem
1480 1948 1538 2023 hic
1556 1952 1736 2040 Psalmus,
1760 1970 1802 2027 ut
1822 1958 1927 2030 multi
1950 1960 2014 2030 alii
2037 1963 2138 2032 simi-

1153 2053 1221 2138 les,
1245 2054 1401 2143 precatio
1420 2068 1453 2124 et
1470 2056 1781 2145 gratiarumactio.

1255 2169 1389 2242 Inserta
1419 2185 1471 2242 est
1495 2187 1613 2243 autem
1638 2174 1811 2260 narratio,
1847 2176 1976 2271 inqua
2001 2197 2139 2254 accusat

1153 2272 1320 2343 iniustam
1344 2272 1585 2344 crudelitatem
1607 2274 1854 2362 inimicorum,
1880 2291 1914 2349 et
1936 2280 2086 2353 affirmat
2102 2305 2138 2355 se

1154 2374 1376 2443 innocentem
1394 2398 1477 2443 esse.
1830 2375 1835 2384 ’

1255 2489 1324 2560 Hic
1345 2494 1533 2582 repetenda
1558 2507 1608 2563 est
1628 2495 1804 2588 quaestio,
1830 2497 1874 2566 de
1893 2522 1961 2591 qua
1978 2521 2082 2590 supra
2099 2501 2137 2570 in

1152 2591 1294 2662 Psalmo
1318 2593 1466 2683 septimo
1488 2594 1622 2663 dictum
1645 2609 1714 2682 est,
1745 2596 1808 2667 ubi
1833 2598 1936 2668 etiam
1962 2603 2140 2690 praedicat

1153 2691 1268 2765 David
1285 2717 1383 2763 suam
1403 2695 1660 2781 innocentiam,
1686 2721 1766 2768 cum
1783 2722 1888 2769 nemo
1904 2700 1950 2770 sit
1964 2701 2041 2770 sine
2056 2727 2139 2794 pec·

1155 2807 1250 2880 cato,
1276 2817 1322 2864 an
1346 2794 1391 2864 sit
1411 2798 1582 2865 utendum
1601 2791 1666 2866 hac
1683 2792 2017 2871 commemoratione
2032 2803 2139 2874 iuno-

1155 2896 1309 2978 centiae,
1334 2920 1412 2965 cum
1432 2897 1574 2989 quidem
1591 2896 1679 2966 alibi
1697 2899 1792 2969 dicat
1807 2900 1881 2991 ipse
1896 2897 2029 2973 David:
2056 2902 2138 2975 Nou

1155 2997 1264 3066 intres
1288 2997 1326 3065 in
1343 2996 1514 3067 iudicium
1529 3022 1608 3084 cum
1625 3022 1726 3068 servo
1740 3011 1821 3086 tuo,
1847 3001 1930 3095 quia
1947 3027 2021 3074 non
2037 3005 2140 3078 iusti-

1154 3097 1317 3168 ficabitur
1329 3122 1444 3168 coram
1462 3111 1496 3170 te
1512 3099 1628 3170 omnis
1645 3099 1780 3173 vivens.

1257 3205 1386 3286 Facilis
1413 3230 1448 3287 et
1478 3218 1582 3309 plana
1613 3219 1798 3309 explicatio
1827 3235 1892 3292 est:
1923 3219 2066 3320 Duplex
2089 3238 2141 3295 est

1156 3317 1312 3402 iusticia,
1343 3317 1412 3388 alia
1440 3320 1555 3388 bonae
1580 3319 1832 3407 conscientiae,
1867 3323 1935 3394 alia
1958 3347 2139 3414 personae.

1158 3419 1300 3490 lusticia
1322 3420 1438 3489 bonae
1459 3421 1693 3491 conscientiae
1709 3417 1903 3494 esthabere
1919 3427 2139 3516 propositum

221 3529 300 3603 Etsi
317 3531 454 3623 aliquid
472 3531 653 3619 disputant
668 3549 741 3595 non
758 3550 895 3618 semper
912 3552 1104 3618 congruere
1155 3536 1248 3593 recte
1270 3519 1443 3605 faciendi,
1468 3538 1503 3593 et
1525 3522 1612 3590 scire
1634 3545 1772 3592 causam
1791 3549 1898 3618 quam
1915 3527 2141 3597 defendimus

125 3634 246 3707 titulos
267 3655 347 3703 cum
363 3630 584 3701 Psalmorum
608 3614 842 3718 a'rgumentis,
866 3644 906 3702 ut
927 3624 985 3700 hic
1002 3629 1104 3701 Psai.
1156 3646 1294 3701 veram,
1320 3622 1448 3692 iustam
1473 3636 1505 3692 et
1531 3623 1760 3693 necessariam
1783 3650 1869 3698 esse.
1920 3626 2020 3699 Talis
2037 3629 2140 3699 iusti·
2235 3661 2238 3669 ·

124 3759 202 3807 mus
229 3737 274 3804 de
305 3732 432 3804 ultimo
458 3731 668 3802 ludaeorum
701 3731 805 3800 exilio
828 3731 939 3821 magis
964 3734 1104 3823 proprie
1156 3724 1209 3793 111
1235 3736 1348 3813 potest
1370 3723 1475 3793 etiam
1497 3723 1535 3791 in
1559 3719 1713 3794 Ethnico
1736 3749 1826 3812 esse,
1857 3742 1898 3798 ut
1920 3726 2140 3826 Papinianus

124 3838 372 3919 concionami,
403 3858 508 3927 quam
539 3836 581 3902 de
608 3831 757 3902 Divitiis
782 3828 944 3902 historia:
987 3847 1104 3903 tamen
1156 3825 1283 3893 nolens
1304 3848 1466 3894 excusare
1486 3825 1715 3915 parricidium
1731 3827 1951 3919 imperatoris
1966 3828 2140 3913 Bassiani,

104 3933 214 4008 mihi
235 3960 309 4006 non
332 3936 495 4026 displicet
509 3933 688 4004 Psalmum
710 3935 815 4004 etiam
832 3936 874 4003 ad
890 3935 1031 4005 titulum
1048 3959 1104 4004 ac·
1157 3929 1287 3997 b011³m
1318 3925 1568 3996 conscienliam
1602 3921 1746 4009 babuli,
1780 3931 1995 4022 101101ῐὸῐὶ
2025 3933 2141 4021 potuit

123 4037 349 4115 commodari,
419 4035 534 4108 simul
562 4036 657 4104 enim
691 4047 726 4104 at
753 4037 908 4106 narratio
938 4032 1106 4108 historiae
1157 4052 1193 4098 se
1215 4027 1345 4096 iniuste
1365 4029 1410 4097 ab
1431 4029 1641 4118 imperatore
1663 4030 1825 4102 interfici,
1891 4030 1943 4101 lta
1965 4048 1999 4102 et
2020 4031 2137 4102 David

123 4163 196 4212 Μ
215 4150 348 4230 potest,
374 4151 408 4209 ei
422 4151 526 4231 typus
542 4161 582 4207 ac
596 4136 803 4207 vaticinium
820 4138 992 4207 defutura
1008 4137 1106 4208 Mes.
1158 4127 1309 4199 habebat
1331 4129 1506 4199 iusticiam
1528 4132 1641 4201 bonae
1661 4132 1916 4223 conscientiae,
1944 4134 2063 4203 omnia
2085 4134 2139 4203 fa-

121 4216 195 4312 1111
224 4241 387 4333 passione
397 4251 413 4323 ‚'
436 4252 471 4309 et
495 4263 607 4330 poena
631 4237 863 4322 ludaeorum,
897 4239 978 4331 quia
1003 4238 1106 4329 Abel,
1158 4233 1271 4302 ciebat
1300 4229 1413 4300 fidelis
1442 4232 1595 4300 ministri
1623 4233 1757 4315 officia,
1775 4256 1853 4301 111
1874 4235 2060 4323 appetebat
2083 4258 2139 4303 re-

122 4341 237 4427 im,
277 4336 404 4435 iosiph
429 4354 461 4409 aa
490 4340 660 4410 similium
692 4340 920 4421 afflictiones,
961 4341 1106 4410 fuerunt
1159 4356 1286 4422 gnum,
1311 4355 1375 4400 nec
1396 4332 1575 4402 offendere
1596 4349 1656 4402 aut
1677 4333 1813 4402 laedere
1831 4356 1946 4423 regem
1961 4335 2084 4406 111111
2100 4360 2139 4406 11

121 4444 200 4538 typi
219 4432 393 4534 passionis
408 4441 492 4512 Filii
507 4439 592 4527 Dei,
616 4455 652 4513 et
668 4435 709 4510 hi
732 4441 976 4531 intelligebant
990 4441 1105 4512 Deum
1160 4433 1341 4526 cupiebat,
1374 4437 1521 4508 sedrex
1547 4435 1711 4503 invidens
1735 4434 1868 4523 gloriae
1889 4435 2015 4527 ipsius,
2048 4450 2081 4505 et
2103 4461 2140 4506 se

121 4546 214 4616 velte
228 4541 424 4614 Ecclesiam
444 4544 636 4614 subiectam
660 4566 732 4612 essa
752 4546 864 4613 croci:
889 4544 1107 4614 1111111Ιὶ-
1137 4536 1503 4624 obscurationem,
1529 4537 1650 4607 oderat
1672 4559 1773 4616 eum,
1799 4550 1833 4606 et
1850 4560 1868 4605 a
1883 4537 2001 4607 medio
2016 4537 2142 4608 tollere

120 4671 229 4742 quam
244 4645 513 4715 similitudinem
529 4646 651 4734 capitis
664 4658 696 4714 11
712 4645 979 4737 praecipuorum
995 4670 1107 4715 mem·
1160 4639 1363 4744 sonabitur·

102 4751 292 4837 brorum,
323 4747 486 4819 videlicet
506 4747 589 4817 Filii
616 4745 702 4831 Dei,
736 4761 770 4816 et
795 4771 1014 4817 summorum
1039 4746 1108 4817 Pa·
1261 4752 1341 4826 Atia
1363 4769 1414 4826 est
1435 4756 1783 4846 iusticia'personae,
1807 4756 1843 4826 id
1868 4768 1938 4841 111,
1964 4759 2142 4849 approba·

120 4864 238 4935 11111,
278 4844 555 4940 Prophetarum,
596 4845 849 4940 Apostolorum
880 4864 914 4919 et
943 4849 1108 4932 aliorum,
1160 4859 1211 4930 11ο
1231 4881 1304 4927 111
1326 4873 1463 4929 tantum
1488 4881 1629 4937 causae,
1655 4859 1711 4926 vel
1734 4857 2021 4928 conscientiaein
2040 4859 2142 4928 certis

121 4974 276 5046 quorum
294 4952 489 5022 constantia
507 4952 545 5018 in
562 4951 780 5023 confessione
793 4950 901 5020 fulsit.
1160 4959 1278 5054 factis,
1304 4963 1362 5030 sed
1388 4960 1498 5032 totius
1520 4982 1688 5051 personae
1710 4983 1826 5028 coram
1847 4956 1943 5044 Deo,
1967 4984 2056 5052 quae
2079 4960 2142 5030 etsi

225 5053 482 5123 Accommodat
495 5066 610 5122 autem
626 5054 749 5122 titulus
762 5049 857 5121 hunc
868 5051 1047 5124 Psalmum
1063 5057 1108 5123 ad
1161 5082 1300 5132 causam
1331 5064 1481 5146 bonam,
1513 5075 1574 5131 ant
1596 5060 1845 5131 conscientiam
1870 5062 1998 5131 bonam
2025 5056 2143 5144 habet,

121 5153 370 5228 liberationem
401 5149 571 5233 Davidis,
612 5179 701 5247 quae
737 5154 903 5224 recitatur
937 5157 975 5223 in
1006 5157 1110 5225 libris
1161 5178 1278 5233 tamen
1308 5158 1413 5234 habet
1433 5163 1502 5232 alia
1526 5162 1611 5232 vitia
1637 5175 1698 5233 aut
1720 5176 1875 5253 peccata:
1916 5175 1956 5232 11
1978 5159 2170 5252 Ρ111111-’

123 5257 267 5341 1,.5111.
288 5255 344 5327 19.
360 5255 422 5326 ubi
438 5257 606 5346 scriptum
623 5269 691 5341 est,
718 5256 848 5327 milites
866 5281 885 5326 a
901 5255 1008 5328 Saule
1024 5259 1109 5328 mis-
1160 5287 1229 5333 nus
1251 5259 1359 5337 habet
1382 5288 1521 5335 causam
1544 5265 1695 5350 bonam,
1722 5279 1839 5335 tamen
1864 5265 2004 5352 ignorat
2020 5286 2142 5331 verum

121 5383 180 5432 sos
201 5381 278 5430 1111
293 5359 338 5429 ad
353 5360 498 5429 domum
514 5355 681 5442 Davidis,
707 5373 747 5430 ut
764 5359 847 5429 iude
862 5382 942 5430 eum
957 5361 1000 5429 ad
1017 5358 1110 5431 Sau-
1161 5363 1290 5441 Deum.
1340 5365 1422 5438 Non
1444 5362 1555 5453 igitur
1575 5390 1723 5460 persona
1745 5367 1834 5438 iusta
1856 5377 1907 5435 111
1923 5387 2040 5432 coram
2057 5361 2144 5434 Deo.
2219 5368 2221 5373 ’

1451 5464 1536 5543 72*
1586 5499 1589 5503 .

119 2626 173 2698 Et
196 2624 288 2699 dicet
310 2623 440 2719 homo,
468 2626 591 2725 utiquc
613 2625 824 2724 ssifrucius
840 2625 954 2713 iusto,
981 2624 1102 2724 utique

122 2739 170 2800 ssi
184 2725 292 2800 Deus
309 2725 423 2800 iudex
439 2726 479 2797 in
493 2738 602 2801 tarra.

246 2984 586 3079 Arpumentum
626 3002 681 3052 oc
714 2979 974 3073 dispositio

455 3115 615 3198 Psalmi
653 3113 772 3199 1ch

171 3284 285 3373 Eripe
312 3299 370 3350 me
390 3276 436 3349 de
464 3280 631 3347 inirnicis
653 3282 750 3348 meis
771 3269 883 3347 Deus
902 3298 1032 3363 meus,
1065 3284 1103 3349 et

172 3381 219 3456 ob
237 3376 514 3477 insurgentibus
530 3384 570 3451 in
588 3400 647 3449 me
664 3374 783 3448 libero
800 3400 872 3449 me.
948 3388 950 3393 “
