4538 5754
187 256 269 333 m
430 236 640 322 SCRIPTA
664 239 742 315 PH.
764 238 884 320 MEL.
907 238 975 316 AD
1000 241 1128 320 lllS‘l'.
1154 242 1301 325 Paos.
1327 247 1394 326 ΕΤ
1419 247 1612 327 PHlLOS.
1636 249 1960 329 SPECTANTIA.
2130 249 2208 327 884

195 430 292 500 ciora
314 416 390 503 bis,
414 437 506 510 quae
526 413 576 484 tle
596 425 825 498 moveantur.
855 425 939 484 ⁸⁰⁰1
960 413 1071 503 igitur
1092 437 1183 509 qua·
1206 434 1211 477 ι
1333 419 1409 493 lmo
1427 436 1460 494 ει
1474 435 1627 517 quatuor
1641 420 1808 494 humores
1826 424 1863 492 in
1879 423 2218 517 corporeitadistri-

198 544 282 602 tuor
297 523 485 594 clementa:
514 511 630 605 Ignis,
655 512 746 603 Aer,
773 511 877 607 Aqua
898 528 932 585 et
946 514 1072 591 Terra.
1231 524 1312 597 buti
1328 538 1431 610 suut,
1455 538 1497 595 ut
1512 539 1707 615 congruant
1724 528 1769 595 ad
1785 541 1937 618 quatuor
1953 528 2137 595 elementa.
2172 524 2217 594 ln

1232 648 1345 695 massa
1366 626 1557 714 sanguinea
1580 626 1757 697 ebulliens
1779 649 1921 717 spuma,
1956 650 2047 718 quae
2071 641 2122 697 cst
2145 627 2218 695 fer-

436 684 655 763 smnllm
674 693 955 832 ‘alimmum‘
1231 728 1448 810 ventissima,
1474 727 1582 796 rubra
1596 727 1698 807 bilis,
1722 740 1775 796 est
1789 741 1936 796 naturae
1952 728 2090 817 igneae.
2128 724 2218 798 Atra

303 822 348 894 ln
361 815 1182 913 corpoributml¹l¹⁸⁸U1¹ldlver³⁸tqssalll⁸leb
1233 829 1335 910 bilis,
1357 851 1445 919 quae
1461 828 1564 897 estin
1588 828 1658 896 imo
1680 841 1715 896 et
1733 828 1896 912 densior,
1920 828 2047 896 similis
2069 829 2217 907 fecibus,

202 928 368 1019 Quatuor
381 935 498 994 autem
515 930 600 988 sunt
615 917 750 1009 primae
771 917 975 1009 qualitates,
1000 929 1034 986 et
1056 912 1183 986 harum
1235 928 1380 1021 propior
1394 941 1445 997 est
1460 941 1606 998 naturae
1622 927 1792 998 terrestri.
1842 924 1993 998 Dulcior
2013 929 2157 1018 sanguis
2178 928 2217 1019 ip

201 1020 380 1125 συζυγίαι
400 1032 571 1117 quatuor,
603 1040 644 1086 ac
664 1039 809 1086 necesse
828 1031 879 1087 est
900 1017 1098 1111 quamlibet
1117 1036 1184 1087 tw·
1234 1031 1353 1097 medio
1388 1028 1513 1098 similis
1547 1029 1644 1097 dulci
1678 1029 1781 1113 vino,
1821 1030 1943 1098 ais'reae
1975 1041 2123 1099 naturae
2156 1042 2219 1101 est.

205 1123 342 1227 ζυγίαν
363 1125 403 1194 in
428 1121 501 1192 alio
526 1140 674 1209 corpore
697 1138 781 1188 esse.
832 1113 952 1188 Erunt
974 1118 1083 1206 igitur
1096 1140 1183 1209 qua·
1235 1126 1418 1218 Phlegma,
1440 1141 1482 1200 ut
1498 1143 1637 1214 vocant,
1652 1151 1825 1221 aquosum
1843 1143 1906 1200 est.
2028 1167 2032 1172 -

204 1245 289 1302 tuor
303 1227 418 1317 prima
438 1243 597 1313 corpora·
645 1217 753 1290 Calor
775 1219 870 1288 enlm
891 1233 927 1289 tl
947 1219 1059 1309 frlssuss
1083 1216 1185 1306 3⁰⁰8?
1335 1227 1426 1299 Cum
1452 1244 1568 1302 autem
1591 1252 1632 1298 cx
1659 1230 1784 1299 iisdem
1806 1229 1913 1299 rebus
1933 1230 2071 1300 oriatur
2091 1244 2219 1300 natura

205 1352 281 1400 non
296 1336 455 1418 possunt.
505 1320 578 1395 Nec
594 1312 790 1388 humiditas
805 1333 839 1389 el
858 1319 1016 1403 δὶὒίῑῑῑιι,
1041 1320 1101 1388 Sed
1126 1341 1185 1388 ⁶2·
1235 1328 1494 1415 animantium,
1533 1329 1663 1422 quibus
1695 1330 1822 1415 alitur,
1854 1343 1890 1400 et
1920 1327 1978 1399 his
2006 1325 2219 1400 humoribus

207 1430 328 1503 lidltat
349 1422 543 1496 eltlcclffl
566 1420 781 1509 iussssussfflrs
812 1420 912 1490 utin
939 1419 1027 1508 lssssl·
1086 1417 1186 1502 hem,
1237 1424 1386 1523 corpora
1409 1431 1566 1514 alantur,
1600 1444 1874 1499 consentaneum
1902 1446 1954 1502 est
1976 1444 2029 1502 tot
2051 1452 2124 1500 csse
2145 1430 2219 1498 elc-

206 1529 368 1602 caliditas
390 1538 426 1639 eq
439 1520 652 1601 humiditas,
676 1533 716 1591 ul
731 1519 770 1587 ln
786 1522 880 1593 ἃὸΐθ.
930 1516 1069 1588 Delssde
1084 1519 1187 1607 fflgl·
1236 1544 1375 1617 mgnn,
1397 1531 1517 1622 prim
1534 1545 1568 1602 et
1583 1531 1757 1622 simplicia
1771 1554 1934 1623 corpora,

83 1651 89 1660 ·
208 1630 300 1700 ditas
314 1642 350 1698 et
364 1623 575 1706 humiditas,
599 1633 639 1690 ut
655 1620 694 1688 in
710 1643 818 1712 aqua,
844 1631 1021 1710 postremo
1040 1618 1186 1709 frigidi-

209 1745 261 1802 tas
284 1741 319 1800 et
336 1725 489 1810 siccitas,
515 1736 557 1793 ut
581 1722 620 1789 in
644 1732 748 1790 terra.
799 1719 871 1790 Nec
894 1732 1041 1810 possunt
1063 1721 1182 1811 plures
1460 1720 1610 1790 Suntne
1634 1738 1734 1811 pura
1758 1711 1979 1788 Elementa?

210 1853 282 1901 csse
298 1827 385 1898 tales
399 1816 584 1919 συζυγίαι.
615 1818 664 1891 Ει
679 1821 892 1912 experientia
909 1821 1082 1904 ostendit,
1100 1842 1187 1888 con-

211 1917 335 2021 gruere
356 1923 421 1995 bas
441 1921 680 2015 copulationes
695 1945 775 1992 cum
788 1916 845 1990 his
859 1935 1011 2015 quatuor
1029 1919 1188 2011 corpori-

209 2034 288 2104 bus.
339 2025 412 2096 Tot
427 2036 510 2095 sunt
524 2023 632 2112 igitur
644 2022 757 2112 prima
773 2035 807 2092 et
829 2022 1004 2114 simplicia
1027 2043 1174 2112 corpora

207 2155 273 2202 nec
288 2131 412 2223 plura,
437 2148 502 2195 nec
517 2123 694 2216 pauciora.

1338 1863 1488 1957 Propter
1511 1848 1700 1937 utilitatem
1722 1866 1977 1952 animantium,
2009 1879 2043 1936 et
2069 1887 2126 1935 res
2153 1886 2222 1931 na-

1238 1978 1392 2050 scentes,
1418 1968 1591 2036 elementa
1612 1991 1686 2037 non
1708 1979 1792 2038 sunt
1812 1988 1956 2058 prorsus
1976 1990 2085 2058 pura,
2110 1976 2152 2034 ut
2166 1964 2221 2029 vi-

1177 2074 1188 2104 ’
1240 2068 1365 2134 demus
1389 2068 1490 2258 aquis
1515 2067 1706 2138 admixtam
1732 2089 1805 2137 esse
1827 2082 1968 2138 terram.
2015 2065 2108 2135 Nam
2133 2087 2224 2154 pura

1240 2190 1330 2258 aqua
1346 2168 1402 2234 ins
1444 2168 1501 2236 ida
1521 2180 1619 2236 esset.
1671 2167 1747 2237 Nec
1767 2181 1861 2237 terra
1881 2162 2066 2236 humorem
2092 2186 2222 2256 suppe-

465 2296 635 2364 Temum
659 2298 931 2388 ammentum,
1239 2267 1368 2338 ditaret
1383 2269 1489 2339 rebus
1506 2268 1754 2354 nascentibus,
1780 2268 1809 2337 si
1826 2291 1914 2361 pura
1931 2280 2030 2338 esset.

311 2429 393 2501 Non
418 2438 567 2519 possunt
589 2425 781 2494 monstrari
805 2445 952 2514 corpora
975 2422 1189 2514 simpliciora
1366 2465 1552 2553 Quomodo
1580 2464 1839 2540 discernuntur
1864 2461 2086 2540 Elementa?

210 2533 267 2605 his
282 2543 454 2625 quatuor,
481 2541 516 2596 et
529 2524 729 2613 insignibus
744 2524 831 2594 locis
853 2524 892 2592 in
912 2536 1039 2591 natura
1060 2525 1189 2593 distin·
2066 2517 2075 2535 ·

211 2648 266 2704 cta
287 2633 330 2702 ad
353 2625 588 2698 animantium
613 2625 822 2709 utilitatem,
848 2637 882 2693 ει
902 2646 1054 2715 quorum
1076 2639 1191 2713 partes
1341 2595 1589 2716 Pflnfll’llll‘f
1603 2600 1834 2718 ‘lutlllfl'llbffi
1846 2598 1984 2715 primis,
2007 2596 2137 2666 deinde
2154 2596 2224 2663 ml·

209 2732 396 2803 manifeste
418 2721 731 2818 deprehendantur
752 2725 790 2793 in
815 2723 946 2793 mixtis.
1004 2721 1114 2793 Terra
1136 2723 1192 2811 gi·
1241 2700 1997 2793 ⁰⁰⁵P¹¹¹¹⁶¹P³l¹lefq⁰³l¹l³l¹bu⁵⁸²ffl¹¹d¹⁸·

210 2834 287 2924 gnit
309 2844 343 2902 et
363 2839 553 2913 sustentat,
582 2825 743 2917 proxima
766 2836 819 2894 est
842 2847 946 2916 aqna,
968 2846 1058 2916 quae
1076 2825 1192 2915 pluri-

150 2927 155 2937 ’
209 2956 309 3003 ιιιιιιιι
325 2929 486 3000 alimenti
501 2927 712 3018 suppeditat.
749 2923 981 3008 Deindeae'r,
1006 2925 1069 3016 qui
1084 2926 1190 2995 etiam
1420 2904 1515 2986 Qu⁰l
1538 2911 1630 2974 thl
1652 2905 1798 2994 primae
1824 2893 2055 2994 qualitales?

212 3033 275 3104 alit
299 3046 334 3102 et
358 3031 454 3100 fovet
479 3028 668 3100 nascentia.
725 3025 885 3115 Longius
915 3022 1056 3094 recessit
1089 3025 1192 3114 ignis,
1254 3062 1256 3067 v
1344 3027 1523 3118 Quatuor:
1557 3031 1683 3116 Calor,
1715 3034 1844 3120 frigus,
1878 3027 2093 3112 humiditas,
2122 3026 2224 3095 sicci.

212 3133 296 3227 quia
312 3133 514 3200 moderatus
530 3127 627 3198 calor
642 3128 715 3196 vim
732 3124 920 3225 gignendi,
945 3136 978 3194 ct
1005 3124 1192 3194 efficaciam
1243 3143 1310 3203 tas.
1360 3129 1538 3200 Dicuntur
1555 3147 1671 3201 autern
1687 3133 1841 3223 primae,
1865 3131 1950 3223 quia
1970 3152 2033 3221 per
2053 3122 2118 3196 bas
2138 3151 2224 3218 pm.

210 3248 326 3303 terrac
340 3244 375 3300 et
390 3231 508 3299 mixtis
524 3229 736 3319 suppeditat.
772 3225 866 3297 Sunt
882 3225 990 3312 igitur
1002 3218 1089 3293 haec
1104 3240 1193 3319 qua-
1244 3231 1320 3322 prie
1334 3231 1428 3302 inter
1443 3254 1479 3300 se
1496 3248 1621 3303 mutuo
1642 3247 1752 3321 agunt
1770 3233 1941 3301 elementa
1949 3279 1961 3315 ,
1988 3241 2023 3299 et
2039 3227 2169 3298 deinde
2187 3228 2225 3294 in

211 3349 296 3402 tuor
310 3332 376 3401 sub
393 3330 490 3398 coelo
506 3328 619 3418 prima
635 3350 782 3416 corpora
796 3339 831 3395 et
855 3323 1133 3417 simplicissima,
1159 3337 1194 3395 el
1243 3330 1364 3400 mixtis
1393 3348 1516 3400 causae
1542 3333 1802 3403 scutatiorum
1827 3329 2051 3401 sensibilium
2071 3327 2227 3421 qualita-

95 3511 97 3516 ¹
212 3426 432 3524 deprehendi
446 3424 533 3499 baec
550 3427 589 3495 in
605 3426 724 3498 mixtis
740 3423 967 3495 manifestum
984 3437 1048 3499 εει.
1244 3446 1339 3513 tum,
1376 3444 1417 3500 ut
1436 3453 1624 3522 saporum,
1653 3435 1823 3517 odorum,
1860 3430 2027 3516 duritiei,
2056 3428 2226 3501 molliciei

1245 3545 1281 3602 et
1295 3532 1456 3601 aliarum.
1505 3527 1594 3602 Erat
1607 3546 1723 3604 autem
1741 3546 1775 3603 et
1791 3535 1853 3601 lux
1866 3531 1961 3603 inter
1981 3530 2114 3620 primas
2137 3553 2225 3620 qua·

1245 3633 1369 3713 litates,
1389 3633 1565 3723 ponenda.
1630 3631 1719 3702 Nam
1742 3635 1880 3724 ignem,
1912 3647 2050 3714 aerem,
2095 3651 2225 3722 aquam

317 3736 359 3807 ln
393 3733 634 3806 animantibus
655 3743 739 3802 sunt
760 3731 918 3802 diversae
937 3742 1070 3821 partes,
1105 3751 1195 3823 quae
1247 3755 1394 3823 corpora
1415 3733 1532 3803 lucida
1546 3755 1620 3803 esse
1635 3733 1861 3805 manifestum
1877 3745 1938 3802 est.
1990 3730 2062 3803 Sed
2076 3729 2225 3800 luxnon

215 3842 260 3912 ad
283 3837 504 3928 singulorum
530 3835 786 3904 elementorum
811 3843 956 3903 naturas
983 3843 1195 3921 congruunt.
1246 3847 1383 3904 tantum
1399 3834 1600 3919 elementis,
1623 3835 1683 3902 sed
1699 3835 1805 3904 etiam
1819 3834 1918 3904 coelo
1932 3829 2113 3923 competit.
2137 3826 2227 3899 Cac-

214 3939 362 4012 Necesse
395 3950 445 4006 est
465 3935 574 4023 igitur
597 3934 791 4004 animantia
814 3956 856 4002 ex
881 3931 1063 4001 elementis
1086 3930 1195 4001 mixta
1247 3948 1342 4004 terae
1356 3945 1508 4024 quatuor
1523 3934 1657 4025 primae
1672 3936 1857 4026 qualitates
1872 3946 1957 4003 sunt
1977 3930 2227 4007 inclementis,

217 4064 302 4115 esse.
330 4031 582 4120 ,Antecedens
610 4034 837 4103 manifestum
863 4045 925 4102 est.
976 4031 1019 4100 In
1049 4024 1195 4100 homine
1247 4046 1284 4102 ει
1300 4056 1363 4124 per
1377 4056 1435 4102 eas
1447 4048 1555 4124 agunt
1570 4035 1741 4104 elementa
1756 4035 1891 4120 verius,
1918 4056 2023 4127 quam
2039 4033 2129 4101 luce.
2179 4027 2227 4099 Et

215 4154 300 4215 sunt
313 4159 389 4208 ossa
403 4148 439 4207 et
452 4159 553 4219 caco,
577 4157 666 4226 quae
683 4146 884 4222 congruunt
900 4155 981 4200 cum
997 4145 1103 4215 terra,
1128 4127 1196 4200 bu·
1247 4133 1448 4228 quanquam
1481 4136 1530 4204 sic
1553 4135 1752 4228 loquuntur
1777 4130 1961 4219 homines,
1993 4133 2080 4202 alias
2109 4130 2227 4200 stellas

123 4297 125 4304 a
216 4242 613 4328 miditatcs-congruunt
627 4257 708 4305 cum
725 4255 832 4325 aqua,
857 4231 1002 4324 spiritus
1019 4256 1100 4304 cnm
1116 4246 1196 4303 aere
1247 4235 1378 4305 calidas
1400 4257 1491 4315 esse,
1516 4248 1556 4306 ut
1580 4235 1720 4322 Solem,
1752 4233 1928 4326 Martem,
1960 4234 2047 4305 alias
2070 4230 2228 4320 frigidas,

216 4356 251 4412 et
268 4343 366 4433 igni.
1247 4349 1288 4405 ut
1309 4333 1523 4417 Saturnum,
1557 4350 1677 4434 tamen
1705 4335 1802 4405 iuxta
1835 4336 1999 4406 usitatam
2024 4330 2228 4404 Aristotelis

320 4439 545 4510 adeuntem
563 4435 707 4505 modum
725 4451 924 4523 congruunt
935 4459 1018 4505 cum
1041 4436 1197 4505 elemen-
1251 4435 1449 4508 doctrinam
1467 4436 1617 4522 dicitur,
1642 4437 1679 4505 id
1698 4436 1968 4525 intelligendum
1992 4456 2066 4526 esse
2087 4434 2132 4501 de
2153 4431 2228 4498 elb-

219 4543 284 4625 tis,
315 4563 389 4608 non
413 4540 527 4609 solum
549 4537 784 4618 nutrimenta,
816 4539 875 4604 sed
899 4538 1003 4606 etiam
1029 4535 1196 4607 remedia.
1249 4537 1363 4619 cacia,
1388 4560 1462 4604 non
1476 4539 1573 4628 quod
1589 4537 1775 4629 qualitates
1795 4538 1878 4605 illae
1891 4537 2003 4606 stellis
2025 4535 2156 4631 insint,
2188 4545 2229 4600 ut

221 4639 265 4710 ln
282 4641 524 4709 calefaciendis
539 4637 749 4728 corporibus
765 4635 900 4705 utimur
916 4638 1032 4719 rebus,
1047 4657 1196 4727 quarum
1248 4639 1382 4706 formae
1401 4637 1652 4710 inclementis.
1703 4635 1880 4708 Saturnus
1902 4636 2055 4706 efficacia
2076 4657 2138 4703 seu
2160 4627 2229 4703 do-

221 4742 323 4829 ignea
340 4754 391 4810 est
404 4753 549 4823 natura,
573 4739 612 4807 in
639 4736 890 4831 frigefaciendo
906 4750 942 4807 et
963 4732 1198 4805 humectando
1248 4735 1358 4827 νᾶμει
1377 4737 1528 4826 frigidus
1547 4751 1620 4819 est,
1651 4760 1727 4806 non
1746 4738 1966 4832 quodfrigus
1988 4735 2074 4806 insit
2102 4734 2157 4818 ei,
2188 4747 2229 4803 ut

214 4840 395 4912 sumimus
408 4862 463 4908 res
477 4861 622 4930 aqueas,
645 4838 739 4910 utin
758 4836 850 4905 febri
871 4837 977 4906 datur
999 4858 1090 4928 aqua
1114 4831 1200 4905 hor·
1249 4839 1364 4908 torma
1386 4838 1425 4906 in
1447 4838 1568 4927 glacie.
1624 4835 1702 4909 Hac
1722 4838 1967 4911 admonitione
1987 4833 2117 4926 puerili
2142 4856 2230 4903 con-

221 4941 279 5009 dei
289 4989 300 5024 ,
323 4941 462 5023 dantur„
471 4962 597 5028 pruna.
647 4935 738 5008 Cum
753 4932 996 5007 humectamus
1018 4948 1053 5006 et
1074 4936 1200 5006 calefa-
1249 4938 1340 5008 tenti
1362 4939 1491 5023 simus,
1516 4951 1557 5009 ut
1579 4927 1760 5032 quomodo
1784 4938 2003 5011 Aristotelici
2025 4938 2231 5028 loquantur,

223 5043 352 5126 cimus,
377 5034 586 5108 adhibemus
600 5059 657 5107 res
676 5040 815 5118 a'e'reas,
839 5050 881 5108 ut
901 5038 1044 5121 vinum,
1069 5035 1200 5108 oleum.
1251 5037 1448 5109 consideret
1462 5040 1639 5115 iuventus.
1688 5039 1762 5111 Nec
1778 5041 1921 5131 disputo
1935 5041 1979 5109 de
1994 5034 2059 5107 hac
2081 5059 2120 5105 re
2144 5037 2231 5105 sub-

102 5221 104 5225 ,
220 5137 312 5211 Cum
328 5141 573 5230 refrigeramus
595 5161 636 5208 ac
658 5139 891 5223 desiccamus,
927 5139 1062 5210 utimur
1083 5138 1200 5229 rebus,
1252 5138 1368 5224 tilius,
1393 5142 1453 5211 sed
1469 5141 1730 5234 qualescunque
1748 5155 1831 5213 ειιιιι
1846 5142 1929 5211 illae
1945 5141 1987 5209 in
2010 5137 2121 5208 stellis
2143 5160 2234 5227 qua·

221 5266 312 5336 quae
335 5257 449 5312 terrae
474 5254 637 5311 naturam
661 5239 837 5326 referunt,
865 5253 907 5312 ut
932 5252 1049 5320 aceto,
1075 5239 1201 5323 acacia,
1250 5238 1383 5326 litates,
1407 5240 1615 5326 Aristoteles
1630 5242 1826 5332 significare
1847 5242 1980 5325 voluit,
2006 5236 2233 5309 dissimilitu-

220 5346 303 5415 bolu
330 5366 485 5415 armeno.
753 5437 757 5443 ⁵
908 5392 912 5402 .
1255 5340 1375 5411 dinem
1391 5363 1464 5412 esse
1480 5333 1640 5415 coelestis
1655 5357 1803 5416 naturae
1827 5347 1862 5414 et
1886 5339 2120 5413 elementaris.

466 3602 652 3684 Quartum
676 3599 945 3691 orymnensium
