4538 5754
44 285 122 360 sss
290 300 295 305 ·
662 284 710 358 v.
762 279 1086 359 anorausrn
1108 280 1451 359 nrsnacrtoas,
1493 326 1527 343 -
2000 217 2077 358 sss

147 453 244 525 Hinc
273 456 378 526 etiam
406 477 533 546 magna
554 454 727 527 orationis
748 457 849 548 copia
870 458 1037 543 nascitur,
1086 459 1271 541 ordinem,
1298 454 1448 525 noticias
1468 478 1698 526 numerorum
1713 439 1974 545 etligurarum,
1999 456 2075 525 dis·
2181 475 2188 484 '

45 581 127 626 nam
148 552 209 628 hic
234 556 331 628 locus
356 584 374 626 a
398 558 531 629 finibus
553 558 668 649 gignit
683 558 802 629 locum
817 552 1034 630 rhetoricum
1086 561 1220 654 crimen
1250 555 1477 629 honestarum
1505 558 1684 627 actionum
1704 573 1739 628 et
1755 556 1934 645 turpium,
1958 571 2072 626 aeter·

43 659 88 727 ab
112 659 215 747 utili,
239 661 322 754 qui,
345 659 429 754 quia
451 656 617 730 homines
636 659 832 750 plurimum
849 675 1037 732 moventur
1087 687 1133 732 na
1159 663 1235 749 lege
1257 658 1506 730 universaliter
1527 659 1689 729 omnium
1708 659 1889 728 mentibus
1910 656 2072 749 infixum,
2096 672 2100 677 '

43 760 218 849 utilitate,
250 785 415 853 magnam
442 763 514 831 vim
544 756 653 833 habet
675 761 713 832 in
735 762 837 832 omni
860 762 1036 835 delibera·
1087 779 1121 836 et
1152 764 1238 834 alias
1264 760 1435 844 noticias,
1468 785 1557 854 quae
1578 774 1663 831 sunt
1686 760 1820 829 semina
1841 754 2070 847 honestarum

44 861 152 936 tione.
845 918 851 930 ,
961 948 969 961 ἱ
1087 866 1230 939 artium.
1277 862 1344 932 His
1367 863 1550 936 effectibus
1565 861 1764 955 conspectis
1777 856 1947 955 Physicus
1961 861 2070 932 ratio-

28 1046 35 1050 ⁵
146 964 231 1037 Non
246 966 339 1037 valet
353 965 622 1058 consequentia:
1088 969 1227 1040 cinatur
1244 967 1288 1037 de
1305 989 1428 1035 causa:

199 1066 276 1139 Deo
292 1066 398 1156 gratis
413 1065 641 1139 serviendum
657 1081 720 1154 est,
1243 1068 1467 1159 Impossibile
1489 1080 1542 1137 est
1561 1065 1723 1137 ordinata
1745 1063 1920 1151 extitisse,
1946 1078 1978 1135 ct
1994 1090 2069 1136 ms-

198 1166 296 1257 Ergo
330 1191 405 1237 non
439 1182 523 1239 sunt
552 1171 704 1261 petenda
737 1169 793 1241 vel
820 1170 1052 1262 expectanda·
1295 1194 1378 1240 nere
1400 1171 1483 1241 talia
1502 1192 1594 1239 casu.
1650 1165 1757 1239 item:
1783 1163 2071 1258 impossibileest

252 1270 410 1358 praemia
426 1272 644 1362 corporalia,
670 1284 731 1343 aut
746 1272 938 1366 stipendia.
1295 1295 1433 1341 causam
1452 1294 1579 1363 genere
1594 1293 1668 1340 csse
1681 1267 1893 1339 deteriorem
1908 1268 2044 1352 effectu,

143 1368 316 1460 Negands
346 1385 399 1442 est
427 1374 697 1466 consequentia,
731 1375 815 1468 quia
844 1375 952 1444 unius
983 1368 1036 1444 rei
1240 1374 1334 1445 Sunt
1354 1388 1470 1444 autem
1488 1374 1658 1466 pleraque
1675 1372 1713 1440 in
1731 1384 1860 1440 natura
1877 1394 1995 1441 rerum
2013 1394 2070 1439 or-

45 1473 146 1544 multi
165 1485 315 1564 possunt
333 1496 406 1544 esse
423 1473 528 1560 lina,
552 1477 613 1548 sed
633 1477 803 1552 ordinati.
1295 1475 1415 1546 dinato
1423 1527 1438 1566 ,
1464 1491 1499 1548 et
1511 1472 1620 1546 homo
1634 1487 1685 1544 est
1700 1485 1823 1543 natura
1840 1470 2053 1561 intelligens,

548 1605 549 1609 ’
1239 1572 1334 1667 Ergo
1365 1601 1504 1649 necesse
1533 1590 1586 1646 est
1607 1576 1758 1669 primam
1782 1597 1920 1644 eausam
1944 1572 2073 1643 mundi

477 1669 602 1740 Terlia·
681 1685 689 1695 '
1101 1741 1105 1748 .
1298 1703 1371 1750 esse
1409 1675 1640 1751 architectum
1682 1675 1951 1766 intelligentem.
2024 1670 2074 1747 Et

142 1776 297 1871 Propter
310 1780 406 1873 quod
422 1783 705 1877 unumquodque
717 1780 788 1854 tale
800 1792 870 1866 est,
895 1781 1033 1854 etittud
1293 1783 1377 1875 quia
1405 1777 1472 1852 iroc
1493 1783 1601 1851 modo
1622 1776 1689 1850 Dei
1715 1778 1859 1868 vestigia
1883 1778 1920 1846 in
1945 1790 2071 1847 natura

43 1881 153 1970 magis
175 1881 247 1951 talc
270 1894 339 1966 est,
368 1875 461 1952 hanc
481 1882 640 1973 regulam
661 1883 790 1956 usitate
811 1884 855 1953 de
878 1882 1032 1954 cilicien-
1292 1907 1410 1952 rerum
1436 1898 1471 1954 et
1495 1885 1533 1951 in
1556 1883 1693 1953 artibus
1717 1894 1941 1974 comparent,
1968 1876 2071 1948 Plato

43 1982 139 2052 tibus
177 1982 474 2075 interpretantur.
550 1982 620 2056 Sed
653 1981 902 2057 Iurisconsulti
940 1998 1033 2057 recte
1293 1985 1497 2055 dulcissime
1527 1984 1634 2055 dixit:
1665 1980 1813 2052 Grata'm
1842 1978 1910 2052 Dei
1941 1983 2070 2051 sarnam
2112 2063 2114 2065 ,

43 2082 261 2154 transierunt
282 2108 359 2154 eam
381 2086 426 2154 ad
446 2085 568 2155 finales
583 2110 722 2173 causas,
746 2088 790 2158 dc
804 2085 935 2182 quibus
949 2086 1033 2159 uni·
1142 2104 1145 2109 ·
1291 2087 1480 2158 inertibus
1497 2083 1652 2180 sparsam
1672 2108 1756 2158 esse.

42 2184 225 2257 versaliter
242 2209 364 2256 verum
381 2198 451 2271 est,
477 2189 733 2284 propterquod
748 2191 1033 2285 unumquodque
1188 2188 1236 2262 Ut
1256 2204 1373 2261 autem
1398 2203 1500 2260 antea
1526 2188 1620 2274 dixi,
1652 2188 1898 2256 incausatum
1925 2183 2097 2253 investi.

42 2286 239 2380 wilellmi·
264 2286 640 2382 ῙΠῦᾶῐηθεῐΗΡρεῑῐ,
663 2303 720 2362 ut:
1084 2293 1244 2383 gatione,
1284 2291 1517 2362 consulantur
1548 2292 1588 2358 in
1619 2287 1782 2382 quolibet
1811 2309 1938 2379 genere
1968 2299 2072 2367 artes,

195 2389 336 2460 Avarus
360 2391 494 2482 appetit
516 2390 779 2483 navigationem
801 2403 948 2487 propter
970 2415 1032 2485 pe-
1084 2418 1174 2487 quae
1204 2395 1249 2462 de
1278 2393 1351 2461 illis
1383 2389 1567 2463 effectibus
1596 2391 1791 2484 disputant.
1855 2385 2072 2459 Dialecticus

244 2491 398 2578 cuniam,
537 2503 539 2506 ⁴
1084 2520 1157 2565 non
1180 2507 1292 2587 potest
1317 2496 1361 2564 de
1385 2494 1534 2584 singulis
1556 2493 1693 2564 tradere
1717 2490 1874 2580 regulas,
1900 2490 1960 2557 sed
1983 2512 2071 2559 con.

191 2588 290 2680 Ergo
306 2588 492 2682 pecuniam
510 2596 621 2688 magis
638 2595 781 2689 appetit.
1084 2611 1202 2668 tentus
1222 2611 1275 2667 est
1292 2592 1359 2666 hac
1373 2595 1557 2683 communi
1572 2590 1928 2674 comutonelactione,
1954 2590 2069 2681 posito

139 2689 320 2766 Omnium
344 2695 568 2785 superiorum
590 2699 748 2790 regulam
771 2694 932 2769 recitatio
946 2696 1031 2766 illu·
1084 2699 1230 2784 effectu,
1268 2721 1410 2767 necesse
1438 2711 1490 2767 est
1519 2697 1700 2787 propriam
1735 2715 1874 2763 causam
1906 2714 1980 2760 esse
2014 2690 2088 2760 vel.

46 2809 125 2865 strat
147 2790 242 2865 hanc
265 2819 490 2867 communem
511 2801 687 2890 regulam:
713 2796 845 2871 Positis
863 2797 1032 2870 omnibus
1081 2802 1202 2871 luisse.
1252 2796 1392 2871 Deinde
1406 2821 1496 2892 quae
1511 2820 1635 2867 causae
1649 2796 1871 2877 calefaciant,
1901 2815 1991 2888 quae
2006 2793 2070 2862 fri-

46 2898 152 2969 causis
167 2896 427 2985 sufficientibus
443 2899 482 2968 in
498 2913 597 2988 actu,
623 2901 663 2972 lit
680 2900 838 2973 effectus.
1083 2903 1274 2993 galaciam,
1301 2900 1492 2971 dicendum
1507 2913 1559 2971 est
1575 2899 1613 2966 in
1631 2892 1802 2991 Physicis.

307 3135 376 3219 De
406 3138 501 3221 loco
529 3136 759 3226 effectuum.
999 3176 1002 3182 ·
1098 3140 1167 3225 De
1182 3142 1277 3225 loco
1294 3137 1626 3268 antecedentium
1642 3145 1684 3223 et
1698 3134 2050 3245 consequentium.
2121 3112 2125 3117 ¹
2159 3163 2170 3185 ,

136 3298 278 3392 Regula
294 3327 402 3396 supra
417 3305 560 3377 recitata
575 3318 643 3392 est,
669 3307 797 3378 effectu
811 3308 945 3398 posito,
965 3332 1029 3379 ne·
1183 3305 1333 3381 Vicinus
1362 3321 1413 3381 est
1440 3308 1539 3380 locus
1569 3306 1854 3380 antecedentium
1882 3313 1915 3372 et
1944 3322 2068 3370 eonse-

48 3425 136 3473 nesse
157 3417 210 3472 est
233 3428 353 3476 causas
375 3408 538 3505 proprias
563 3429 637 3478 esse
661 3409 718 3479 vel
742 3410 850 3482 luisse
877 3424 960 3496 etc„
994 3425 1029 3484 et
1081 3409 1266 3505 quentium
1289 3412 1368 3482 loco
1393 3434 1577 3482 causarum
1601 3422 1636 3482 et
1655 3408 1855 3478 effectuum.
1920 3401 1989 3474 Sed
2014 3413 2068 3471 ta·

47 3504 265 3577 usitatissima
287 3521 371 3579 sunt
390 3522 598 3599 argumenta
621 3509 661 3578 in
685 3524 758 3582 tota
784 3512 855 3583 rita
878 3514 924 3584 ab
944 3512 1028 3584 effe·
1080 3535 1161 3580 men
1184 3512 1376 3583 discrimen
1392 3514 1654 3610 observandum
1671 3523 1736 3581 est.
1786 3507 1878 3579 Nam
1893 3505 2069 3599 quaedam

47 3605 153 3677 cutus
168 3607 293 3689 ducta,
319 3623 376 3680 ut:
1080 3616 1323 3686 antecedentia
1343 3641 1419 3686 non
1440 3629 1524 3687 sunt
1545 3636 1689 3698 causas,
1713 3611 1774 3683 sed
1795 3623 1856 3680 aut
1879 3618 2069 3700 praepara.-

186 3706 298 3779 Terra
323 3711 361 3778 in
393 3710 501 3802 longo
522 3725 639 3783 tractu
660 3715 864 3787 concutitur
891 3712 1027 3804 ingenti
1080 3714 1213 3800 tiones,
1238 3731 1300 3787 aut
1315 3718 1483 3802 subiecta,
1506 3730 1569 3787 aut
1582 3717 1696 3806 signa,
1722 3726 1776 3784 ut:
1802 3709 1985 3783 Sationem
2002 3731 2067 3777 an-

17 3900 22 3905 ,
240 3824 352 3894 motu,
478 3842 481 3846 ’
1079 3818 1208 3889 tecedit
1229 3818 1364 3903 aratio,
1391 3818 1612 3888 curationem
1634 3816 1800 3899 morbus,
1826 3811 1925 3885 Solis
1948 3822 2066 3881 ortum

70 3970 73 3976 .
188 3906 286 4002 Ergo
303 3936 443 3985 necesse
454 3927 507 3986 est
518 3916 823 4010 causamaliqusm
835 3940 909 3988 esse
921 3941 1027 4011 quas-
1078 3914 1227 3989 aurora.¹
1254 3917 1438 4009 Quaedam
1454 3919 1690 4004 comitantur,
1717 3917 1784 3988 etsi
1797 3939 1872 3985 non
1886 3927 1968 3984 sunt
1983 3935 2067 4004 pro-

239 4031 385 4089 santem.
1079 4020 1155 4110 prie
1167 4021 1330 4107 effectus,
1353 4033 1411 4091 ut:
1438 4020 1619 4092 Posterior
1632 4020 1709 4091 dies
1724 4019 1885 4114 sequitur
1899 4016 2066 4109 priorem,

138 4110 331 4203 Quomodo
364 4131 481 4191 autem
513 4118 772 4209 investigentur
801 4144 945 4206 causae,
993 4135 1027 4192 et
1078 4120 1263 4195 Cruciatur
1278 4122 1390 4194 animi
1404 4136 1603 4218 sequuntur
1615 4121 1865 4194 conscientiam
1883 4118 2065 4188 scelerum.

41 4215 168 4307 quibus
189 4216 372 4289 effectibus
397 4219 541 4311 positis,
567 4242 658 4313 quse
677 4244 802 4292 causae
824 4223 1026 4304 efficientes,
1078 4221 1171 4293 Sunt
1191 4239 1308 4295 autem
1324 4227 1480 4320 duplicia
1496 4226 1757 4307 antecedentia,
1783 4221 1852 4290 alia
1868 4214 2064 4289 necessario
2154 4263 2160 4272 -

41 4317 252 4410 materiales,
276 4319 464 4406 formales,
488 4334 551 4393 ant
564 4322 688 4394 linslcs
701 4324 961 4415 respondeant,
987 4325 1024 4395 id
1077 4346 1138 4394 seu
1164 4332 1303 4419 sem'per
1325 4330 1559 4410 antecedunt,
1584 4328 1652 4397 alia
1675 4326 1904 4417 plaerunque.
1955 4316 2015 4388 Sic
2030 4329 2064 4386 et

42 4416 75 4486 in
95 4419 248 4510 singolis
270 4422 407 4493 artibus
424 4423 592 4499 traditur.
648 4422 699 4498 Ut
720 4426 766 4495 de
789 4439 901 4496 terrae
924 4438 1025 4497 motu
1077 4429 1326 4521 consequentia
1356 4429 1539 4503 differunt.
1598 4427 1695 4498 Hinc
1720 4437 1754 4497 et
1779 4426 1823 4493 de
1847 4419 2063 4512 argumentis

41 4519 154 4614 iuquit
171 4516 362 4615 Physicus,
389 4548 531 4603 causam
546 4548 621 4597 esse
634 4525 674 4596 in
688 4540 783 4599 terra
799 4550 946 4619 magnos
960 4524 1025 4598 ha·
1077 4528 1249 4600 iudicium
1263 4531 1428 4609 sumitur.
2105 4524 2109 4529 ¹

42 4619 118 4692 litus
148 4622 302 4696 inflatos.
368 4622 583 4718 Astrologus
614 4629 716 4699 addit
742 4653 883 4701 causam
909 4631 1023 4702 coele-

40 4735 133 4793 stem.
193 4718 307 4796 Addit
334 4740 369 4799 et
397 4729 504 4799 aliam
534 4752 678 4803 causam
703 4732 865 4802 doctrina
888 4733 1022 4808 divina.
1409 4769 1413 4773 ·
1487 4701 1645 4798 Bellum·

38 4818 108 4895 Etsi
131 4825 172 4896 lit
191 4838 308 4898 terrae
329 4844 447 4901 motus
460 4830 593 4902 inflatis
610 4827 800 4917 ltalitibus,
826 4847 945 4904 tamen
962 4836 1023 4918 ait,
1142 4822 1149 4835 ⁸
1178 4829 1281 4911 Valet
1306 4850 1553 4928 argumentum
1573 4837 1617 4905 ab
1634 4834 1864 4904 antecedente
1877 4830 1921 4900 ad
1939 4849 2063 4898 conse-

37 4920 106 4998 lleo
127 4927 237 4999 simul
262 4945 427 5003 movente
449 4932 526 5003 lieri
548 4930 642 5005 hanc
665 4932 840 5005 halituum
864 4936 1022 5008 inflatio·
1075 4963 1188 5034 quens
1202 4964 1263 5011 seu
1280 4940 1496 5023 necessario,
1521 4961 1582 5008 seu
1600 4935 1809 5030 probaliter,
1835 4944 1891 5004 ut:

36 5050 130 5116 nem,
169 5044 206 5100 et
231 5045 347 5124 terrae
373 5036 663 5122 concussionem,
704 5051 745 5108 ut
778 5037 1022 5128 significentur
1226 5041 1337 5112 Venit
1354 5043 1392 5110 in
1411 5040 1542 5125 aulam,

34 5144 201 5202 venturae
223 5156 370 5226 poenae.
422 5135 595 5210 Videmus
616 5139 655 5208 in
672 5153 797 5210 natura
814 5140 1019 5210 mirandum
1277 5142 1372 5235 Ergo
1389 5145 1522 5214 incidet
1538 5143 1574 5210 in
1593 5142 1704 5211 multa
1722 5160 1847 5226 magna
1862 5132 2031 5227 pericula.
2060 5160 2068 5170 ¹

31 5233 195 5303 ordinem
214 5257 414 5336 corporum·
431 5241 578 5326 mundi,
609 5241 717 5327 coeli,
750 5243 1022 5329 elementorum,
1225 5244 1321 5316 Nero
1343 5235 1532 5338 polluisse
1553 5241 1739 5334 flagitiosis
1760 5236 1993 5318 libidinibus,
2027 5245 2062 5302 et

29 5355 147 5406 rerum
174 5336 421 5423 nascentium,
448 5338 619 5413 Videmus
641 5342 735 5432 leges
757 5334 920 5415 motuum
941 5369 1021 5415 coe·
1279 5350 1410 5420 multos
1427 5347 1556 5417 iniuste
1574 5343 1762 5426 interfecit,

26 5435 189 5524 latiam,
212 5435 387 5511 Videmus
400 5441 440 5511 in
457 5456 575 5516 mente
585 5439 751 5516 hominis
765 5447 1019 5539 pulcerrimum
1222 5444 1322 5542 Ergo
1337 5446 1436 5523 haud
1452 5449 1567 5523 dubie
1577 5443 1845 5518 interisc'retur.
