<?xml version="1.0" encoding="UTF-8"?>
<!DOCTYPE html PUBLIC "-//W3C//DTD XHTML 1.0 Transitional//EN"
    "http://www.w3.org/TR/xhtml1/DTD/xhtml1-transitional.dtd">
<html xmlns="http://www.w3.org/1999/xhtml" xml:lang="en" lang="en">
 <head>
  <title>
</title>
<meta http-equiv="Content-Type" content="text/html;charset=utf-8" />
  <meta name='ocr-system' content='tesseract 3.04.00' />
  <meta name='ocr-capabilities' content='ocr_page ocr_carea ocr_par ocr_line ocrx_word'/>
</head>
<body>
  <div class='ocr_page' id='page_1' title='image "./corpusreformato11melagoog_0457.png"; bbox 0 0 4538 5754; ppageno 0'>
   <div class='ocr_carea' id='block_1_1' title="bbox 557 135 1541 267">
    <p class='ocr_par' dir='ltr' id='par_1_1' title="bbox 557 135 1541 267">
     <span class='ocr_line' id='line_1_1' title="bbox 557 135 1541 267; baseline 0.003 -6"><span class='ocrx_word' id='word_1_1' title='bbox 557 135 560 139; x_wconf 58' lang='grc'><strong>’</strong></span> <span class='ocrx_word' id='word_1_2' title='bbox 688 187 836 266; x_wconf 79' lang='lat' dir='ltr'>run.</span> <span class='ocrx_word' id='word_1_3' title='bbox 862 186 981 264; x_wconf 84' lang='lat' dir='ltr'>uun</span> <span class='ocrx_word' id='word_1_4' title='bbox 1004 187 1215 267; x_wconf 76' lang='lat' dir='ltr'>scalena</span> <span class='ocrx_word' id='word_1_5' title='bbox 1240 140 1541 264; x_wconf 74' lang='lat' dir='ltr'>menalca.</span> 
     </span>
    </p>
   </div>
   <div class='ocr_carea' id='block_1_2' title="bbox 119 351 2191 675">
    <p class='ocr_par' dir='ltr' id='par_1_2' title="bbox 119 351 2191 675">
     <span class='ocr_line' id='line_1_2' title="bbox 200 351 2191 454; baseline -0.006 -18"><span class='ocrx_word' id='word_1_6' title='bbox 200 366 245 436; x_wconf 25' lang='lat'>&#39;7</span> <span class='ocrx_word' id='word_1_7' title='bbox 266 365 369 435; x_wconf 87' lang='lat' dir='ltr'>annis</span> <span class='ocrx_word' id='word_1_8' title='bbox 391 359 551 453; x_wconf 89' lang='lat' dir='ltr'>regnavit</span> <span class='ocrx_word' id='word_1_9' title='bbox 565 351 768 431; x_wconf 83' lang='lat' dir='ltr'>Alexander</span> <span class='ocrx_word' id='word_1_10' title='bbox 784 376 864 454; x_wconf 92' lang='lat' dir='ltr'>post</span> <span class='ocrx_word' id='word_1_11' title='bbox 878 362 1102 444; x_wconf 80' lang='lat' dir='ltr'>interiectum</span> <span class='ocrx_word' id='word_1_12' title='bbox 1183 390 1185 395; x_wconf 54' lang='lat'><strong><em>¹</em></strong></span> <span class='ocrx_word' id='word_1_13' title='bbox 1257 359 1301 430; x_wconf 93' lang='lat' dir='ltr'>ln</span> <span class='ocrx_word' id='word_1_14' title='bbox 1339 356 1406 431; x_wconf 87' lang='lat' dir='ltr'>hae</span> <span class='ocrx_word' id='word_1_15' title='bbox 1441 359 1691 454; x_wconf 89' lang='lat' dir='ltr'>supputatione</span> <span class='ocrx_word' id='word_1_16' title='bbox 1725 372 1799 427; x_wconf 86' lang='lat' dir='ltr'>nun</span> <span class='ocrx_word' id='word_1_17' title='bbox 1829 357 2136 446; x_wconf 71' lang='lat' dir='ltr'><strong>interrumpuntur</strong></span> <span class='ocrx_word' id='word_1_18' title='bbox 2183 379 2191 439; x_wconf 74' lang='lat' dir='ltr'>t</span> 
     </span>
     <span class='ocr_line' id='line_1_3' title="bbox 119 456 2191 556; baseline -0.011 -12"><span class='ocrx_word' id='word_1_19' title='bbox 119 467 278 541; x_wconf 78' lang='lat' dir='ltr'>Darium.</span> <span class='ocrx_word' id='word_1_20' title='bbox 1154 460 1395 535; x_wconf 82' lang='lat' dir='ltr'>hebdomades</span> <span class='ocrx_word' id='word_1_21' title='bbox 1418 487 1529 556; x_wconf 90' lang='lat' dir='ltr'>usque</span> <span class='ocrx_word' id='word_1_22' title='bbox 1552 465 1595 531; x_wconf 92' lang='lat' dir='ltr'>ad</span> <span class='ocrx_word' id='word_1_23' title='bbox 1623 461 1885 552; x_wconf 80' lang='lat' dir='ltr'>praedicantem</span> <span class='ocrx_word' id='word_1_24' title='bbox 1909 472 1944 529; x_wconf 84' lang='lat' dir='ltr'>et</span> <span class='ocrx_word' id='word_1_25' title='bbox 1959 456 2137 527; x_wconf 73' lang='lat' dir='ltr'>resnxciu</span> <span class='ocrx_word' id='word_1_26' title='bbox 2183 460 2191 522; x_wconf 80' lang='lat' dir='ltr'>l</span> 
     </span>
     <span class='ocr_line' id='line_1_4' title="bbox 226 557 2191 675; baseline -0.016 -19"><span class='ocrx_word' id='word_1_27' title='bbox 226 584 299 656; x_wconf 86' lang='grc'>146</span> <span class='ocrx_word' id='word_1_28' title='bbox 329 596 406 675; x_wconf 88' lang='lat' dir='ltr'>post</span> <span class='ocrx_word' id='word_1_29' title='bbox 428 580 624 652; x_wconf 79' lang='lat' dir='ltr'>Alexandri</span> <span class='ocrx_word' id='word_1_30' title='bbox 652 594 803 652; x_wconf 87' lang='lat' dir='ltr'>mortem</span> <span class='ocrx_word' id='word_1_31' title='bbox 832 583 1008 674; x_wconf 80' lang='lat' dir='ltr'>usquead</span> <span class='ocrx_word' id='word_1_32' title='bbox 1035 581 1105 650; x_wconf 77' lang='lat' dir='ltr'>ini.</span> <span class='ocrx_word' id='word_1_33' title='bbox 1156 582 1232 637; x_wconf 93' lang='lat' dir='ltr'>tum</span> <span class='ocrx_word' id='word_1_34' title='bbox 1250 560 1445 635; x_wconf 82' lang='lat' dir='ltr'><strong>Christum.</strong></span> <span class='ocrx_word' id='word_1_35' title='bbox 1504 562 1552 634; x_wconf 88' lang='lat' dir='ltr'>Et</span> <span class='ocrx_word' id='word_1_36' title='bbox 1568 564 1779 653; x_wconf 72' lang='lat' dir='ltr'>significasse</span> <span class='ocrx_word' id='word_1_37' title='bbox 1795 561 2005 633; x_wconf 86' lang='lat' dir='ltr'>continuam</span> <span class='ocrx_word' id='word_1_38' title='bbox 2021 557 2136 627; x_wconf 79' lang='lat' dir='ltr'>serien</span> <span class='ocrx_word' id='word_1_39' title='bbox 2183 581 2191 624; x_wconf 88' lang='grc' dir='ltr'><strong>ι</strong></span> 
     </span>
    </p>
   </div>
   <div class='ocr_carea' id='block_1_3' title="bbox 123 665 2191 860">
    <p class='ocr_par' dir='ltr' id='par_1_3' title="bbox 123 665 2191 860">
     <span class='ocr_line' id='line_1_5' title="bbox 123 665 1615 764; baseline -0.013 -6"><span class='ocrx_word' id='word_1_40' title='bbox 123 691 213 758; x_wconf 89' lang='lat' dir='ltr'>tium</span> <span class='ocrx_word' id='word_1_41' title='bbox 236 687 335 757; x_wconf 87' lang='lat' dir='ltr'>ducis</span> <span class='ocrx_word' id='word_1_42' title='bbox 359 683 468 753; x_wconf 74' lang='lat' dir='ltr'>leidae</span> <span class='ocrx_word' id='word_1_43' title='bbox 494 682 697 764; x_wconf 87' lang='lat' dir='ltr'>Macabaei‚</span> <span class='ocrx_word' id='word_1_44' title='bbox 730 695 771 753; x_wconf 91' lang='lat' dir='ltr'>ut</span> <span class='ocrx_word' id='word_1_45' title='bbox 791 682 885 752; x_wconf 88' lang='lat' dir='ltr'>clare</span> <span class='ocrx_word' id='word_1_46' title='bbox 908 698 1044 754; x_wconf 89' lang='lat' dir='ltr'>constat</span> <span class='ocrx_word' id='word_1_47' title='bbox 1065 708 1105 751; x_wconf 90' lang='lat' dir='ltr'>ex</span> <span class='ocrx_word' id='word_1_48' title='bbox 1157 665 1317 757; x_wconf 64' lang='lat' dir='ltr'>Angelus</span> <span class='ocrx_word' id='word_1_49' title='bbox 1335 668 1444 756; x_wconf 79' lang='lat' dir='ltr'>inagis</span> <span class='ocrx_word' id='word_1_50' title='bbox 1462 666 1615 739; x_wconf 87' lang='lat' dir='ltr'>videtur.</span> 
     </span>
     <span class='ocr_line' id='line_1_6' title="bbox 123 759 2191 860; baseline -0.016 0"><span class='ocrx_word' id='word_1_51' title='bbox 123 792 218 860; x_wconf 91' lang='lat' dir='ltr'>libro</span> <span class='ocrx_word' id='word_1_52' title='bbox 231 786 516 859; x_wconf 87' lang='lat' dir='ltr'>Macabaeorum.</span> <span class='ocrx_word' id='word_1_53' title='bbox 1259 765 1333 835; x_wconf 89' lang='lat' dir='ltr'>Nec</span> <span class='ocrx_word' id='word_1_54' title='bbox 1363 763 1735 857; x_wconf 88' lang='lat' dir='ltr'>comprehendendum</span> <span class='ocrx_word' id='word_1_55' title='bbox 1765 777 1817 835; x_wconf 85' lang='lat' dir='ltr'>est</span> <span class='ocrx_word' id='word_1_56' title='bbox 1845 778 1989 856; x_wconf 81' lang='lat' dir='ltr'>tempus</span> <span class='ocrx_word' id='word_1_57' title='bbox 2019 759 2139 832; x_wconf 80' lang='lat' dir='ltr'>excidii</span> <span class='ocrx_word' id='word_1_58' title='bbox 2183 764 2191 826; x_wconf 82' lang='lat' dir='ltr'>t</span> 
     </span>
    </p>
   </div>
   <div class='ocr_carea' id='block_1_4' title="bbox 124 863 2191 1079">
    <p class='ocr_par' dir='ltr' id='par_1_4' title="bbox 124 863 2191 1079">
     <span class='ocr_line' id='line_1_7' title="bbox 228 863 2191 995; baseline -0.015 -21"><span class='ocrx_word' id='word_1_59' title='bbox 228 904 299 974; x_wconf 75' lang='lat'>127</span> <span class='ocrx_word' id='word_1_60' title='bbox 322 907 368 974; x_wconf 90' lang='lat' dir='ltr'>ab</span> <span class='ocrx_word' id='word_1_61' title='bbox 389 904 494 975; x_wconf 88' lang='lat' dir='ltr'>initio</span> <span class='ocrx_word' id='word_1_62' title='bbox 514 900 622 973; x_wconf 89' lang='lat' dir='ltr'>Iudae</span> <span class='ocrx_word' id='word_1_63' title='bbox 636 899 821 971; x_wconf 89' lang='lat' dir='ltr'>Macabaei</span> <span class='ocrx_word' id='word_1_64' title='bbox 844 925 956 995; x_wconf 88' lang='lat' dir='ltr'>usque</span> <span class='ocrx_word' id='word_1_65' title='bbox 973 902 1015 971; x_wconf 87' lang='lat' dir='ltr'>ad</span> <span class='ocrx_word' id='word_1_66' title='bbox 1032 897 1107 970; x_wconf 87' lang='lat' dir='ltr'>He·</span> <span class='ocrx_word' id='word_1_67' title='bbox 1159 867 1534 987; x_wconf 45' lang='lat' dir='ltr'>¹⁰{⁰⁵⁰¹yffi⁰f¹¹f‘¹·5¹¹</span> <span class='ocrx_word' id='word_1_68' title='bbox 1570 870 1647 960; x_wconf 63' lang='lat'>59⁵⁰</span> <span class='ocrx_word' id='word_1_69' title='bbox 1676 863 1948 985; x_wconf 38' lang='grc' dir='ltr'>,11ώᾶοωθᾶοΜ</span> <span class='ocrx_word' id='word_1_70' title='bbox 1985 886 2139 982; x_wconf 61' lang='lat' dir='ltr'>”lffss‘fflv</span> <span class='ocrx_word' id='word_1_71' title='bbox 2183 864 2191 927; x_wconf 69' lang='lat' dir='ltr'>l</span> 
     </span>
     <span class='ocr_line' id='line_1_8' title="bbox 124 963 2191 1079; baseline -0.016 -15"><span class='ocrx_word' id='word_1_72' title='bbox 124 1008 220 1079; x_wconf 66' lang='lat' dir='ltr'>mdis</span> <span class='ocrx_word' id='word_1_73' title='bbox 234 1008 389 1079; x_wconf 62' lang='lat' dir='ltr'>inuium,</span> <span class='ocrx_word' id='word_1_74' title='bbox 450 1060 453 1070; x_wconf 65' lang='grc'><strong>,</strong></span> <span class='ocrx_word' id='word_1_75' title='bbox 1159 994 1240 1064; x_wconf 82' lang='lat' dir='ltr'>quta</span> <span class='ocrx_word' id='word_1_76' title='bbox 1256 984 1334 1060; x_wconf 92' lang='lat' dir='ltr'>post</span> <span class='ocrx_word' id='word_1_77' title='bbox 1348 966 1482 1038; x_wconf 79' lang='lat' dir='ltr'>Christi</span> <span class='ocrx_word' id='word_1_78' title='bbox 1500 983 1793 1039; x_wconf 81' lang='lat' dir='ltr'>resurrectionem</span> <span class='ocrx_word' id='word_1_79' title='bbox 1809 983 1843 1038; x_wconf 91' lang='lat' dir='ltr'>et</span> <span class='ocrx_word' id='word_1_80' title='bbox 1859 963 2050 1055; x_wconf 80' lang='lat' dir='ltr'>Evangelia</span> <span class='ocrx_word' id='word_1_81' title='bbox 2066 987 2139 1053; x_wconf 89' lang='lat' dir='ltr'>pro·</span> <span class='ocrx_word' id='word_1_82' title='bbox 2183 987 2191 1030; x_wconf 77' lang='lat' dir='ltr'>a</span> 
     </span>
    </p>
   </div>
   <div class='ocr_carea' id='block_1_5' title="bbox 225 1063 2191 1260">
    <p class='ocr_par' dir='ltr' id='par_1_5' title="bbox 225 1063 2191 1260">
     <span class='ocr_line' id='line_1_9' title="bbox 225 1063 2191 1214; baseline -0.01 -20"><span class='ocrx_word' id='word_1_83' title='bbox 225 1125 275 1194; x_wconf 82' lang='lat'>30</span> <span class='ocrx_word' id='word_1_84' title='bbox 298 1123 384 1192; x_wconf 91' lang='lat' dir='ltr'>anni</span> <span class='ocrx_word' id='word_1_85' title='bbox 407 1122 451 1191; x_wconf 92' lang='lat' dir='ltr'>ab</span> <span class='ocrx_word' id='word_1_86' title='bbox 475 1120 579 1190; x_wconf 90' lang='lat' dir='ltr'>initio</span> <span class='ocrx_word' id='word_1_87' title='bbox 605 1117 760 1190; x_wconf 87' lang='lat' dir='ltr'>Herodis</span> <span class='ocrx_word' id='word_1_88' title='bbox 781 1144 893 1214; x_wconf 87' lang='lat' dir='ltr'>usque</span> <span class='ocrx_word' id='word_1_89' title='bbox 916 1124 959 1191; x_wconf 93' lang='lat' dir='ltr'>ad</span> <span class='ocrx_word' id='word_1_90' title='bbox 984 1133 1107 1192; x_wconf 91' lang='lat' dir='ltr'>natum</span> <span class='ocrx_word' id='word_1_91' title='bbox 1158 1071 1414 1189; x_wconf 41' lang='lat' dir='ltr'>&#39;wlgatimbem</span> <span class='ocrx_word' id='word_1_92' title='bbox 1436 1069 1695 1163; x_wconf 56' lang='lat' dir='ltr'>mi⁸⁸⁰spifim</span> <span class='ocrx_word' id='word_1_93' title='bbox 1719 1083 1862 1186; x_wconf 57' lang='lat' dir='ltr'>mem!</span> <span class='ocrx_word' id='word_1_94' title='bbox 1888 1067 2140 1185; x_wconf 67' lang='lat' dir='ltr'>⁰⁰¹⁰.i³¹¹¹¹’⁰&#39;</span> <span class='ocrx_word' id='word_1_95' title='bbox 2183 1063 2191 1132; x_wconf 51' lang='grc' dir='ltr'>Ε</span> 
     </span>
     <span class='ocr_line' id='line_1_10' title="bbox 1159 1167 2191 1260; baseline -0.01 -18"><span class='ocrx_word' id='word_1_96' title='bbox 1159 1174 1237 1243; x_wconf 84' lang='lat' dir='ltr'>lrtra</span> <span class='ocrx_word' id='word_1_97' title='bbox 1262 1170 1403 1241; x_wconf 81' lang='lat' dir='ltr'>ludaxca</span> <span class='ocrx_word' id='word_1_98' title='bbox 1424 1175 1671 1243; x_wconf 79' lang='lat' dir='ltr'>adversaretur</span> <span class='ocrx_word' id='word_1_99' title='bbox 1688 1167 1902 1260; x_wconf 76' lang='lat' dir='ltr'>Evangelio,</span> <span class='ocrx_word' id='word_1_100' title='bbox 1933 1180 2066 1237; x_wconf 84' lang='lat' dir='ltr'>reiecta</span> <span class='ocrx_word' id='word_1_101' title='bbox 2087 1179 2142 1249; x_wconf 85' lang='lat' dir='ltr'>est,</span> <span class='ocrx_word' id='word_1_102' title='bbox 2185 1191 2191 1232; x_wconf 78' lang='lat' dir='ltr'>a</span> 
     </span>
    </p>
   </div>
   <div class='ocr_carea' id='block_1_6' title="bbox 123 1224 2139 1466">
    <p class='ocr_par' dir='ltr' id='par_1_6' title="bbox 123 1224 2139 1466">
     <span class='ocr_line' id='line_1_11' title="bbox 123 1224 2139 1364; baseline -0.013 -1"><span class='ocrx_word' id='word_1_103' title='bbox 123 1224 319 1299; x_wconf 61' lang='lat' dir='ltr'>Chmmm&#39;</span> <span class='ocrx_word' id='word_1_104' title='bbox 547 1339 556 1356; x_wconf 90' lang='lat'><strong>.</strong></span> <span class='ocrx_word' id='word_1_105' title='bbox 1097 1341 1107 1359; x_wconf 76' lang='grc'>,</span> <span class='ocrx_word' id='word_1_106' title='bbox 1160 1276 1250 1344; x_wconf 90' lang='lat' dir='ltr'>sicut</span> <span class='ocrx_word' id='word_1_107' title='bbox 1267 1274 1304 1342; x_wconf 93' lang='lat' dir='ltr'>in</span> <span class='ocrx_word' id='word_1_108' title='bbox 1321 1288 1417 1344; x_wconf 91' lang='lat' dir='ltr'>textu</span> <span class='ocrx_word' id='word_1_109' title='bbox 1430 1275 1578 1345; x_wconf 88' lang='lat' dir='ltr'>dicitur:</span> <span class='ocrx_word' id='word_1_110' title='bbox 1606 1271 1654 1345; x_wconf 85' lang='lat' dir='ltr'>Et</span> <span class='ocrx_word' id='word_1_111' title='bbox 1669 1297 1743 1343; x_wconf 91' lang='lat' dir='ltr'>non</span> <span class='ocrx_word' id='word_1_112' title='bbox 1759 1273 1825 1344; x_wconf 90' lang='lat' dir='ltr'>erit</span> <span class='ocrx_word' id='word_1_113' title='bbox 1839 1275 1869 1342; x_wconf 90' lang='lat' dir='ltr'>ei</span> <span class='ocrx_word' id='word_1_114' title='bbox 1886 1269 2061 1364; x_wconf 82' lang='lat' dir='ltr'>populus,</span> <span class='ocrx_word' id='word_1_115' title='bbox 2081 1267 2139 1337; x_wconf 84' lang='lat' dir='ltr'>sci·</span> 
     </span>
     <span class='ocr_line' id='line_1_12' title="bbox 164 1335 1412 1466; baseline -0.009 -51"><span class='ocrx_word' id='word_1_116' title='bbox 164 1413 165 1416; x_wconf 73' lang='grc'>,</span> <span class='ocrx_word' id='word_1_117' title='bbox 226 1343 268 1413; x_wconf 93' lang='lat' dir='ltr'>ln</span> <span class='ocrx_word' id='word_1_118' title='bbox 292 1339 358 1412; x_wconf 88' lang='lat' dir='ltr'>hac</span> <span class='ocrx_word' id='word_1_119' title='bbox 379 1354 627 1431; x_wconf 81' lang='lat' dir='ltr'>supputatione</span> <span class='ocrx_word' id='word_1_120' title='bbox 643 1354 725 1447; x_wconf 87' lang='lat' dir='ltr'>post</span> <span class='ocrx_word' id='word_1_121' title='bbox 739 1335 982 1411; x_wconf 81' lang='lat' dir='ltr'>Alexandrum</span> <span class='ocrx_word' id='word_1_122' title='bbox 999 1355 1109 1412; x_wconf 80' lang='lat' dir='ltr'>secuti</span> <span class='ocrx_word' id='word_1_123' title='bbox 1160 1378 1242 1446; x_wconf 58' lang='lat' dir='ltr'>lice,</span> <span class='ocrx_word' id='word_1_124' title='bbox 1258 1375 1320 1466; x_wconf 64' lang='lat' dir='ltr'>qni</span> <span class='ocrx_word' id='word_1_125' title='bbox 1333 1377 1412 1448; x_wconf 48' lang='lat' dir='ltr'><strong>suit·</strong></span> 
     </span>
    </p>
   </div>
   <div class='ocr_carea' id='block_1_7' title="bbox 126 1441 2191 1669">
    <p class='ocr_par' dir='ltr' id='par_1_7' title="bbox 126 1441 2191 1669">
     <span class='ocr_line' id='line_1_13' title="bbox 126 1441 2191 1565; baseline -0.012 -48"><span class='ocrx_word' id='word_1_126' title='bbox 126 1469 248 1518; x_wconf 88' lang='lat' dir='ltr'>sumus</span> <span class='ocrx_word' id='word_1_127' title='bbox 269 1446 401 1514; x_wconf 90' lang='lat' dir='ltr'>librum</span> <span class='ocrx_word' id='word_1_128' title='bbox 419 1441 711 1526; x_wconf 89' lang='lat' dir='ltr'>Maeabaeorum,</span> <span class='ocrx_word' id='word_1_129' title='bbox 737 1443 980 1535; x_wconf 89' lang='lat' dir='ltr'>quinumerat</span> <span class='ocrx_word' id='word_1_130' title='bbox 996 1465 1110 1514; x_wconf 89' lang='lat' dir='ltr'>annos</span> <span class='ocrx_word' id='word_1_131' title='bbox 1189 1514 1197 1521; x_wconf 75' lang='grc'><strong><em>,</em></strong></span> <span class='ocrx_word' id='word_1_132' title='bbox 1264 1462 2142 1565; x_wconf 48' lang='grc' dir='ltr'>ΡηρῐωόΑῃὲειῦεεῑὸῃίὓωΡοδιηωθῇὠὼ,</span> <span class='ocrx_word' id='word_1_133' title='bbox 2188 1497 2191 1533; x_wconf 87' lang='lat'>÷</span> 
     </span>
     <span class='ocr_line' id='line_1_14' title="bbox 126 1540 2191 1669; baseline -0.011 -51"><span class='ocrx_word' id='word_1_134' title='bbox 126 1551 172 1618; x_wconf 91' lang='lat' dir='ltr'>ab</span> <span class='ocrx_word' id='word_1_135' title='bbox 187 1545 389 1617; x_wconf 87' lang='lat' dir='ltr'>Alexandro</span> <span class='ocrx_word' id='word_1_136' title='bbox 404 1545 571 1636; x_wconf 90' lang='lat' dir='ltr'>usquead</span> <span class='ocrx_word' id='word_1_137' title='bbox 586 1540 807 1617; x_wconf 88' lang='lat' dir='ltr'>Macabaeos.</span> <span class='ocrx_word' id='word_1_138' title='bbox 856 1544 1109 1616; x_wconf 88' lang='lat' dir='ltr'>Necverodu-</span> <span class='ocrx_word' id='word_1_139' title='bbox 1143 1579 1263 1647; x_wconf 33' lang='lat' dir='ltr'><strong>‚made</strong></span> <span class='ocrx_word' id='word_1_140' title='bbox 1294 1579 1475 1663; x_wconf 60' lang='lat' dir='ltr'>summm,</span> <span class='ocrx_word' id='word_1_141' title='bbox 1509 1592 1550 1648; x_wconf 49' lang='lat' dir='ltr'>ul</span> <span class='ocrx_word' id='word_1_142' title='bbox 1579 1591 1720 1669; x_wconf 56' lang='lat' dir='ltr'>pactum</span> <span class='ocrx_word' id='word_1_143' title='bbox 1745 1575 1992 1654; x_wconf 51' lang='lat' dir='ltr'><strong>confirmetur,</strong></span> <span class='ocrx_word' id='word_1_144' title='bbox 2027 1569 2065 1637; x_wconf 66' lang='lat' dir='ltr'>id</span> <span class='ocrx_word' id='word_1_145' title='bbox 2088 1580 2144 1650; x_wconf 50' lang='lat' dir='ltr'>m,</span> <span class='ocrx_word' id='word_1_146' title='bbox 2190 1599 2191 1636; x_wconf 66' lang='lat'>,</span> 
     </span>
    </p>
   </div>
   <div class='ocr_carea' id='block_1_8' title="bbox 117 201 191 275">
    <p class='ocr_par' dir='ltr' id='par_1_8' title="bbox 117 201 191 275">
     <span class='ocr_line' id='line_1_15' title="bbox 117 201 191 275; baseline -0.054 0"><span class='ocrx_word' id='word_1_147' title='bbox 117 201 191 275; x_wconf 79' lang='lat' dir='ltr'>est</span> 
     </span>
    </p>
   </div>
   <div class='ocr_carea' id='block_1_9' title="bbox 126 1645 1112 2245">
    <p class='ocr_par' dir='ltr' id='par_1_9' title="bbox 126 1645 1112 2245">
     <span class='ocr_line' id='line_1_16' title="bbox 126 1645 1110 1739; baseline -0.002 -21"><span class='ocrx_word' id='word_1_148' title='bbox 126 1651 225 1718; x_wconf 88' lang='lat' dir='ltr'>bium</span> <span class='ocrx_word' id='word_1_149' title='bbox 241 1664 313 1733; x_wconf 89' lang='lat' dir='ltr'>est,</span> <span class='ocrx_word' id='word_1_150' title='bbox 339 1647 553 1734; x_wconf 79' lang='lat' dir='ltr'>singularem</span> <span class='ocrx_word' id='word_1_151' title='bbox 568 1645 676 1713; x_wconf 86' lang='lat' dir='ltr'>fuisse</span> <span class='ocrx_word' id='word_1_152' title='bbox 690 1646 908 1735; x_wconf 78' lang='lat' dir='ltr'>diligentiam</span> <span class='ocrx_word' id='word_1_153' title='bbox 924 1648 960 1715; x_wconf 96' lang='lat' dir='ltr'>in</span> <span class='ocrx_word' id='word_1_154' title='bbox 976 1647 1110 1739; x_wconf 89' lang='lat' dir='ltr'>populo</span> 
     </span>
     <span class='ocr_line' id='line_1_17' title="bbox 128 1747 1111 1841; baseline -0.001 -22"><span class='ocrx_word' id='word_1_155' title='bbox 128 1749 292 1835; x_wconf 89' lang='lat' dir='ltr'>ludaico,</span> <span class='ocrx_word' id='word_1_156' title='bbox 332 1750 369 1817; x_wconf 92' lang='lat' dir='ltr'>in</span> <span class='ocrx_word' id='word_1_157' title='bbox 407 1747 611 1816; x_wconf 87' lang='lat' dir='ltr'>annotanda</span> <span class='ocrx_word' id='word_1_158' title='bbox 648 1748 738 1816; x_wconf 90' lang='lat' dir='ltr'>serie</span> <span class='ocrx_word' id='word_1_159' title='bbox 766 1771 962 1833; x_wconf 90' lang='lat' dir='ltr'>annorum,</span> <span class='ocrx_word' id='word_1_160' title='bbox 1001 1772 1111 1841; x_wconf 92' lang='lat' dir='ltr'>quare</span> 
     </span>
     <span class='ocr_line' id='line_1_18' title="bbox 128 1847 1110 1943; baseline -0.004 -22"><span class='ocrx_word' id='word_1_161' title='bbox 128 1853 263 1921; x_wconf 85' lang='lat' dir='ltr'>etiamsi</span> <span class='ocrx_word' id='word_1_162' title='bbox 293 1847 381 1920; x_wconf 91' lang='lat' dir='ltr'>haee</span> <span class='ocrx_word' id='word_1_163' title='bbox 402 1850 508 1917; x_wconf 89' lang='lat' dir='ltr'>series</span> <span class='ocrx_word' id='word_1_164' title='bbox 530 1848 712 1940; x_wconf 89' lang='lat' dir='ltr'>aliquanto</span> <span class='ocrx_word' id='word_1_165' title='bbox 736 1849 881 1917; x_wconf 89' lang='lat' dir='ltr'>brevior</span> <span class='ocrx_word' id='word_1_166' title='bbox 904 1864 970 1932; x_wconf 93' lang='lat' dir='ltr'>est,</span> <span class='ocrx_word' id='word_1_167' title='bbox 1004 1874 1110 1943; x_wconf 91' lang='lat' dir='ltr'>quam</span> 
     </span>
     <span class='ocr_line' id='line_1_19' title="bbox 127 1946 1112 2043; baseline -0.003 -21"><span class='ocrx_word' id='word_1_168' title='bbox 127 1954 237 2024; x_wconf 88' lang='lat' dir='ltr'>altera</span> <span class='ocrx_word' id='word_1_169' title='bbox 269 1976 374 2043; x_wconf 89' lang='lat' dir='ltr'>supra</span> <span class='ocrx_word' id='word_1_170' title='bbox 404 1950 551 2033; x_wconf 90' lang='lat' dir='ltr'>tradita,</span> <span class='ocrx_word' id='word_1_171' title='bbox 585 1973 625 2018; x_wconf 89' lang='lat' dir='ltr'>ex</span> <span class='ocrx_word' id='word_1_172' title='bbox 653 1946 912 2043; x_wconf 89' lang='lat' dir='ltr'>Olympiadum</span> <span class='ocrx_word' id='word_1_173' title='bbox 942 1954 1112 2041; x_wconf 85' lang='lat' dir='ltr'>catalogo,</span> 
     </span>
     <span class='ocr_line' id='line_1_20' title="bbox 127 2044 1112 2145; baseline -0.002 -20"><span class='ocrx_word' id='word_1_174' title='bbox 127 2069 246 2125; x_wconf 89' lang='lat' dir='ltr'>tamen</span> <span class='ocrx_word' id='word_1_175' title='bbox 268 2050 359 2124; x_wconf 88' lang='lat' dir='ltr'>hanc</span> <span class='ocrx_word' id='word_1_176' title='bbox 381 2063 526 2144; x_wconf 88' lang='lat' dir='ltr'>propter</span> <span class='ocrx_word' id='word_1_177' title='bbox 549 2051 772 2145; x_wconf 78' lang='lat' dir='ltr'>autoritatem</span> <span class='ocrx_word' id='word_1_178' title='bbox 796 2051 882 2123; x_wconf 90' lang='lat' dir='ltr'>libri</span> <span class='ocrx_word' id='word_1_179' title='bbox 900 2044 1112 2123; x_wconf 77' lang='lat' dir='ltr'>Maeabaeo-</span> 
     </span>
     <span class='ocr_line' id='line_1_21' title="bbox 126 2155 691 2245; baseline -0.002 -20"><span class='ocrx_word' id='word_1_180' title='bbox 126 2180 206 2226; x_wconf 90' lang='lat' dir='ltr'>rum</span> <span class='ocrx_word' id='word_1_181' title='bbox 222 2179 296 2225; x_wconf 92' lang='lat' dir='ltr'>uon</span> <span class='ocrx_word' id='word_1_182' title='bbox 313 2155 569 2245; x_wconf 87' lang='lat' dir='ltr'>aspernandam</span> <span class='ocrx_word' id='word_1_183' title='bbox 584 2155 691 2224; x_wconf 88' lang='lat' dir='ltr'>duco.</span> 
     </span>
    </p>
   </div>
   <div class='ocr_carea' id='block_1_10' title="bbox 129 2288 726 2377">
    <p class='ocr_par' dir='ltr' id='par_1_10' title="bbox 129 2288 726 2377">
     <span class='ocr_line' id='line_1_22' title="bbox 129 2288 726 2377; baseline -0.007 -15"><span class='ocrx_word' id='word_1_184' title='bbox 129 2314 132 2321; x_wconf 88' lang='lat'>·</span> <span class='ocrx_word' id='word_1_185' title='bbox 229 2289 301 2362; x_wconf 90' lang='lat' dir='ltr'>Sed</span> <span class='ocrx_word' id='word_1_186' title='bbox 318 2288 726 2377; x_wconf 73' lang='lat' dir='ltr'>summam&#39;colligamns.</span> 
     </span>
    </p>
   </div>
   <div class='ocr_carea' id='block_1_11' title="bbox 108 2422 1114 3105">
    <p class='ocr_par' dir='ltr' id='par_1_11' title="bbox 108 2422 1114 3105">
     <span class='ocr_line' id='line_1_23' title="bbox 230 2422 1113 2516; baseline 0.005 -22"><span class='ocrx_word' id='word_1_187' title='bbox 230 2425 307 2495; x_wconf 78' lang='lat'>310</span> <span class='ocrx_word' id='word_1_188' title='bbox 338 2426 383 2494; x_wconf 91' lang='lat' dir='ltr'>ab</span> <span class='ocrx_word' id='word_1_189' title='bbox 411 2422 516 2493; x_wconf 91' lang='lat' dir='ltr'>initio</span> <span class='ocrx_word' id='word_1_190' title='bbox 546 2422 740 2490; x_wconf 85' lang='lat' dir='ltr'>Alexandri</span> <span class='ocrx_word' id='word_1_191' title='bbox 771 2447 883 2516; x_wconf 90' lang='lat' dir='ltr'>usque</span> <span class='ocrx_word' id='word_1_192' title='bbox 913 2426 956 2494; x_wconf 93' lang='lat' dir='ltr'>ad</span> <span class='ocrx_word' id='word_1_193' title='bbox 990 2441 1113 2498; x_wconf 90' lang='lat' dir='ltr'>natum</span> 
     </span>
     <span class='ocr_line' id='line_1_24' title="bbox 108 2520 1112 2621; baseline 0.003 -23"><span class='ocrx_word' id='word_1_194' title='bbox 108 2520 322 2599; x_wconf 64' lang='lat' dir='ltr'>&#39;Christum</span> <span class='ocrx_word' id='word_1_195' title='bbox 366 2524 470 2603; x_wconf 90' lang='lat' dir='ltr'>Adde</span> <span class='ocrx_word' id='word_1_196' title='bbox 499 2547 613 2593; x_wconf 87' lang='lat' dir='ltr'>annos</span> <span class='ocrx_word' id='word_1_197' title='bbox 642 2547 661 2590; x_wconf 93' lang='lat' dir='ltr'>a</span> <span class='ocrx_word' id='word_1_198' title='bbox 685 2521 909 2612; x_wconf 85' lang='lat' dir='ltr'>Longimano</span> <span class='ocrx_word' id='word_1_199' title='bbox 933 2553 1045 2621; x_wconf 91' lang='lat' dir='ltr'>usque</span> <span class='ocrx_word' id='word_1_200' title='bbox 1069 2533 1112 2600; x_wconf 91' lang='lat' dir='ltr'>ad</span> 
     </span>
     <span class='ocr_line' id='line_1_25' title="bbox 129 2620 1114 2724; baseline 0.003 -26"><span class='ocrx_word' id='word_1_201' title='bbox 129 2629 373 2698; x_wconf 80' lang='lat' dir='ltr'>Alexandrum</span> <span class='ocrx_word' id='word_1_202' title='bbox 392 2621 476 2698; x_wconf 78' lang='lat'>145.</span> <span class='ocrx_word' id='word_1_203' title='bbox 520 2620 568 2693; x_wconf 84' lang='lat' dir='ltr'>Et</span> <span class='ocrx_word' id='word_1_204' title='bbox 583 2648 697 2694; x_wconf 91' lang='lat' dir='ltr'>annos</span> <span class='ocrx_word' id='word_1_205' title='bbox 712 2648 731 2694; x_wconf 92' lang='lat' dir='ltr'>a</span> <span class='ocrx_word' id='word_1_206' title='bbox 746 2639 829 2694; x_wconf 89' lang='lat' dir='ltr'>nato</span> <span class='ocrx_word' id='word_1_207' title='bbox 844 2623 987 2698; x_wconf 86' lang='lat' dir='ltr'>Christo</span> <span class='ocrx_word' id='word_1_208' title='bbox 1002 2629 1114 2724; x_wconf 88' lang='lat' dir='ltr'>usque</span> 
     </span>
     <span class='ocr_line' id='line_1_26' title="bbox 129 2723 1114 2819; baseline 0.003 -20"><span class='ocrx_word' id='word_1_209' title='bbox 129 2732 175 2799; x_wconf 89' lang='lat' dir='ltr'>ad</span> <span class='ocrx_word' id='word_1_210' title='bbox 193 2730 269 2799; x_wconf 89' lang='lat' dir='ltr'>eius</span> <span class='ocrx_word' id='word_1_211' title='bbox 284 2727 498 2819; x_wconf 90' lang='lat' dir='ltr'>baptismum</span> <span class='ocrx_word' id='word_1_212' title='bbox 515 2725 577 2800; x_wconf 78' lang='lat'>30.</span> <span class='ocrx_word' id='word_1_213' title='bbox 628 2723 695 2795; x_wconf 90' lang='lat' dir='ltr'>His</span> <span class='ocrx_word' id='word_1_214' title='bbox 711 2727 815 2796; x_wconf 83' lang='lat' dir='ltr'>annis</span> <span class='ocrx_word' id='word_1_215' title='bbox 831 2728 988 2800; x_wconf 83' lang='lat' dir='ltr'>collectis</span> <span class='ocrx_word' id='word_1_216' title='bbox 1005 2728 1114 2802; x_wconf 92' lang='lat' dir='ltr'>habe-</span> 
     </span>
     <span class='ocr_line' id='line_1_27' title="bbox 128 2826 1114 2922; baseline 0.003 -22"><span class='ocrx_word' id='word_1_217' title='bbox 128 2832 186 2901; x_wconf 85' lang='lat' dir='ltr'>bis</span> <span class='ocrx_word' id='word_1_218' title='bbox 198 2854 222 2899; x_wconf 89' lang='lat' dir='ltr'>a·</span> <span class='ocrx_word' id='word_1_219' title='bbox 235 2830 390 2899; x_wconf 91' lang='lat' dir='ltr'>secundo</span> <span class='ocrx_word' id='word_1_220' title='bbox 404 2826 620 2918; x_wconf 84' lang='lat' dir='ltr'>Longimani</span> <span class='ocrx_word' id='word_1_221' title='bbox 636 2852 731 2898; x_wconf 92' lang='lat' dir='ltr'>anno</span> <span class='ocrx_word' id='word_1_222' title='bbox 745 2834 914 2922; x_wconf 89' lang='lat' dir='ltr'>usquead</span> <span class='ocrx_word' id='word_1_223' title='bbox 931 2829 1114 2906; x_wconf 89' lang='lat' dir='ltr'>Christum</span> 
     </span>
     <span class='ocr_line' id='line_1_28' title="bbox 129 2925 1114 3032; baseline 0.003 -31"><span class='ocrx_word' id='word_1_224' title='bbox 129 2932 391 3024; x_wconf 86' lang='lat' dir='ltr'>praedicantem</span> <span class='ocrx_word' id='word_1_225' title='bbox 414 2953 528 3032; x_wconf 80' lang='lat' dir='ltr'>aqnos</span> <span class='ocrx_word' id='word_1_226' title='bbox 542 2925 630 3002; x_wconf 78' lang='lat'><strong>485.</strong></span> <span class='ocrx_word' id='word_1_227' title='bbox 688 2928 762 2999; x_wconf 89' lang='lat' dir='ltr'>lam</span> <span class='ocrx_word' id='word_1_228' title='bbox 786 2933 1114 3025; x_wconf 83' lang='lat' dir='ltr'>sexagintanovem</span> 
     </span>
     <span class='ocr_line' id='line_1_29' title="bbox 129 3030 801 3105; baseline 0.003 -2"><span class='ocrx_word' id='word_1_229' title='bbox 129 3030 371 3104; x_wconf 75' lang='lat' dir='ltr'>hebdomades</span> <span class='ocrx_word' id='word_1_230' title='bbox 386 3033 571 3102; x_wconf 89' lang='lat' dir='ltr'>continent</span> <span class='ocrx_word' id='word_1_231' title='bbox 586 3055 700 3101; x_wconf 86' lang='lat' dir='ltr'>annos</span> <span class='ocrx_word' id='word_1_232' title='bbox 715 3030 801 3105; x_wconf 75' lang='lat'><strong>483.</strong></span> 
     </span>
    </p>
   </div>
   <div class='ocr_carea' id='block_1_12' title="bbox 124 3161 1121 4374">
    <p class='ocr_par' dir='ltr' id='par_1_12' title="bbox 124 3161 1121 4374">
     <span class='ocr_line' id='line_1_30' title="bbox 231 3161 1114 3259; baseline -0.002 -22"><span class='ocrx_word' id='word_1_233' title='bbox 231 3163 371 3237; x_wconf 83' lang='lat' dir='ltr'>Diserte</span> <span class='ocrx_word' id='word_1_234' title='bbox 385 3179 501 3234; x_wconf 93' lang='lat' dir='ltr'>antem</span> <span class='ocrx_word' id='word_1_235' title='bbox 513 3161 815 3257; x_wconf 90' lang='lat' dir='ltr'>inquitAngelus:</span> <span class='ocrx_word' id='word_1_236' title='bbox 834 3170 998 3259; x_wconf 87' lang='lat' dir='ltr'>usquead</span> <span class='ocrx_word' id='word_1_237' title='bbox 1010 3164 1114 3239; x_wconf 87' lang='lat' dir='ltr'>Chri-</span> 
     </span>
     <span class='ocr_line' id='line_1_31' title="bbox 132 3267 1117 3355; baseline 0 -17"><span class='ocrx_word' id='word_1_238' title='bbox 132 3282 223 3338; x_wconf 88' lang='lat' dir='ltr'>stum</span> <span class='ocrx_word' id='word_1_239' title='bbox 250 3272 397 3354; x_wconf 85' lang='lat' dir='ltr'>ducem,</span> <span class='ocrx_word' id='word_1_240' title='bbox 430 3268 559 3344; x_wconf 86' lang='lat' dir='ltr'>idest,</span> <span class='ocrx_word' id='word_1_241' title='bbox 595 3267 856 3355; x_wconf 85' lang='lat' dir='ltr'>praedicantem</span> <span class='ocrx_word' id='word_1_242' title='bbox 881 3290 955 3336; x_wconf 88' lang='lat' dir='ltr'>esse</span> <span class='ocrx_word' id='word_1_243' title='bbox 980 3267 1117 3338; x_wconf 90' lang='lat' dir='ltr'>hebdo-</span> 
     </span>
     <span class='ocr_line' id='line_1_32' title="bbox 132 3365 1116 3457; baseline 0.001 -18"><span class='ocrx_word' id='word_1_244' title='bbox 132 3373 252 3439; x_wconf 87' lang='lat' dir='ltr'>mades</span> <span class='ocrx_word' id='word_1_245' title='bbox 274 3369 461 3457; x_wconf 91' lang='lat' dir='ltr'>sexaginda</span> <span class='ocrx_word' id='word_1_246' title='bbox 484 3391 623 3435; x_wconf 91' lang='lat' dir='ltr'>novem.</span> <span class='ocrx_word' id='word_1_247' title='bbox 675 3365 730 3435; x_wconf 93' lang='lat' dir='ltr'>Ac</span> <span class='ocrx_word' id='word_1_248' title='bbox 751 3367 880 3436; x_wconf 91' lang='lat' dir='ltr'>deinde</span> <span class='ocrx_word' id='word_1_249' title='bbox 900 3371 1043 3440; x_wconf 90' lang='lat' dir='ltr'>subiicit</span> <span class='ocrx_word' id='word_1_250' title='bbox 1060 3395 1116 3440; x_wconf 87' lang='lat' dir='ltr'>re·</span> 
     </span>
     <span class='ocr_line' id='line_1_33' title="bbox 132 3466 1117 3563; baseline 0.003 -24"><span class='ocrx_word' id='word_1_251' title='bbox 132 3472 355 3563; x_wconf 86' lang='lat' dir='ltr'>petitionem,</span> <span class='ocrx_word' id='word_1_252' title='bbox 379 3469 557 3560; x_wconf 87' lang='lat' dir='ltr'>inquiens:</span> <span class='ocrx_word' id='word_1_253' title='bbox 583 3466 668 3536; x_wconf 92' lang='lat' dir='ltr'>Post</span> <span class='ocrx_word' id='word_1_254' title='bbox 684 3468 860 3556; x_wconf 85' lang='lat' dir='ltr'>sexaginta</span> <span class='ocrx_word' id='word_1_255' title='bbox 876 3471 965 3538; x_wconf 85' lang='lat' dir='ltr'>duas</span> <span class='ocrx_word' id='word_1_256' title='bbox 981 3467 1117 3542; x_wconf 89' lang='lat' dir='ltr'>hebdo-</span> 
     </span>
     <span class='ocr_line' id='line_1_34' title="bbox 133 3565 1119 3664; baseline 0.002 -23"><span class='ocrx_word' id='word_1_257' title='bbox 133 3573 254 3641; x_wconf 88' lang='lat' dir='ltr'>mades</span> <span class='ocrx_word' id='word_1_258' title='bbox 274 3570 454 3639; x_wconf 92' lang='lat' dir='ltr'>occidetur</span> <span class='ocrx_word' id='word_1_259' title='bbox 467 3565 649 3652; x_wconf 87' lang='lat' dir='ltr'>Christus,</span> <span class='ocrx_word' id='word_1_260' title='bbox 675 3592 748 3663; x_wconf 92' lang='lat' dir='ltr'>quo</span> <span class='ocrx_word' id='word_1_261' title='bbox 772 3570 849 3639; x_wconf 93' lang='lat' dir='ltr'>loco</span> <span class='ocrx_word' id='word_1_262' title='bbox 874 3594 914 3640; x_wconf 92' lang='lat' dir='ltr'>ex</span> <span class='ocrx_word' id='word_1_263' title='bbox 936 3574 1119 3664; x_wconf 89' lang='lat' dir='ltr'>superiore</span> 
     </span>
     <span class='ocr_line' id='line_1_35' title="bbox 124 3671 1117 3764; baseline 0.007 -25"><span class='ocrx_word' id='word_1_264' title='bbox 124 3672 309 3741; x_wconf 43' lang='lat' dir='ltr'>‘versiculo</span> <span class='ocrx_word' id='word_1_265' title='bbox 338 3671 442 3740; x_wconf 90' lang='lat' dir='ltr'>etiam</span> <span class='ocrx_word' id='word_1_266' title='bbox 463 3671 675 3762; x_wconf 88' lang='lat' dir='ltr'>repetendae</span> <span class='ocrx_word' id='word_1_267' title='bbox 699 3686 803 3742; x_wconf 85' lang='lat' dir='ltr'>erunt</span> <span class='ocrx_word' id='word_1_268' title='bbox 826 3686 957 3764; x_wconf 89' lang='lat' dir='ltr'>septem</span> <span class='ocrx_word' id='word_1_269' title='bbox 980 3671 1117 3746; x_wconf 92' lang='lat' dir='ltr'>hebdo-</span> 
     </span>
     <span class='ocr_line' id='line_1_36' title="bbox 135 3771 1117 3867; baseline 0.006 -26"><span class='ocrx_word' id='word_1_270' title='bbox 135 3775 274 3862; x_wconf 89' lang='lat' dir='ltr'>mades,</span> <span class='ocrx_word' id='word_1_271' title='bbox 304 3772 396 3843; x_wconf 89' lang='lat' dir='ltr'>sicut</span> <span class='ocrx_word' id='word_1_272' title='bbox 421 3786 522 3842; x_wconf 87' lang='lat' dir='ltr'>antea</span> <span class='ocrx_word' id='word_1_273' title='bbox 545 3771 695 3842; x_wconf 80' lang='lat' dir='ltr'>dixerat:</span> <span class='ocrx_word' id='word_1_274' title='bbox 729 3787 861 3864; x_wconf 88' lang='lat' dir='ltr'>septem</span> <span class='ocrx_word' id='word_1_275' title='bbox 883 3788 918 3846; x_wconf 88' lang='lat' dir='ltr'>et</span> <span class='ocrx_word' id='word_1_276' title='bbox 940 3779 1117 3867; x_wconf 90' lang='lat' dir='ltr'>sexaginta</span> 
     </span>
     <span class='ocr_line' id='line_1_37' title="bbox 135 3869 1117 3968; baseline 0.006 -26"><span class='ocrx_word' id='word_1_277' title='bbox 135 3899 276 3945; x_wconf 89' lang='lat' dir='ltr'>novem.</span> <span class='ocrx_word' id='word_1_278' title='bbox 308 3872 398 3944; x_wconf 90' lang='lat' dir='ltr'>Nam</span> <span class='ocrx_word' id='word_1_279' title='bbox 415 3887 589 3964; x_wconf 88' lang='lat' dir='ltr'>postrema</span> <span class='ocrx_word' id='word_1_280' title='bbox 608 3869 849 3958; x_wconf 89' lang='lat' dir='ltr'>hebdomade,</span> <span class='ocrx_word' id='word_1_281' title='bbox 876 3901 964 3968; x_wconf 88' lang='lat' dir='ltr'>quae</span> <span class='ocrx_word' id='word_1_282' title='bbox 980 3891 1117 3948; x_wconf 89' lang='lat' dir='ltr'>tantum</span> 
     </span>
     <span class='ocr_line' id='line_1_38' title="bbox 137 3971 1119 4068; baseline 0.006 -26"><span class='ocrx_word' id='word_1_283' title='bbox 137 3990 189 4048; x_wconf 86' lang='lat' dir='ltr'>est</span> <span class='ocrx_word' id='word_1_284' title='bbox 205 3975 407 4058; x_wconf 89' lang='lat' dir='ltr'>dimidiata,</span> <span class='ocrx_word' id='word_1_285' title='bbox 434 3971 596 4055; x_wconf 84' lang='lat' dir='ltr'>Christus</span> <span class='ocrx_word' id='word_1_286' title='bbox 611 3998 675 4045; x_wconf 87' lang='lat' dir='ltr'>suo</span> <span class='ocrx_word' id='word_1_287' title='bbox 689 3974 887 4055; x_wconf 89' lang='lat' dir='ltr'>ministerio</span> <span class='ocrx_word' id='word_1_288' title='bbox 904 3981 1119 4068; x_wconf 84' lang='lat' dir='ltr'>perfunctus,</span> 
     </span>
     <span class='ocr_line' id='line_1_39' title="bbox 137 4075 1120 4170; baseline 0.002 -22"><span class='ocrx_word' id='word_1_289' title='bbox 137 4079 322 4148; x_wconf 84' lang='lat' dir='ltr'>crucifixus</span> <span class='ocrx_word' id='word_1_290' title='bbox 344 4091 378 4147; x_wconf 84' lang='lat' dir='ltr'>et</span> <span class='ocrx_word' id='word_1_291' title='bbox 399 4075 623 4146; x_wconf 88' lang='lat' dir='ltr'>resuscitatus</span> <span class='ocrx_word' id='word_1_292' title='bbox 640 4087 708 4153; x_wconf 90' lang='lat' dir='ltr'>est,</span> <span class='ocrx_word' id='word_1_293' title='bbox 735 4077 830 4146; x_wconf 89' lang='lat' dir='ltr'>misit</span> <span class='ocrx_word' id='word_1_294' title='bbox 846 4076 1019 4170; x_wconf 89' lang='lat' dir='ltr'>Spiritum</span> <span class='ocrx_word' id='word_1_295' title='bbox 1038 4105 1120 4150; x_wconf 91' lang='lat' dir='ltr'>san-</span> 
     </span>
     <span class='ocr_line' id='line_1_40' title="bbox 135 4176 1121 4274; baseline 0.003 -25"><span class='ocrx_word' id='word_1_296' title='bbox 135 4196 252 4260; x_wconf 92' lang='lat' dir='ltr'>ctum,</span> <span class='ocrx_word' id='word_1_297' title='bbox 278 4204 318 4248; x_wconf 93' lang='lat' dir='ltr'>ac</span> <span class='ocrx_word' id='word_1_298' title='bbox 333 4178 472 4269; x_wconf 91' lang='lat' dir='ltr'>publice</span> <span class='ocrx_word' id='word_1_299' title='bbox 487 4178 599 4249; x_wconf 92' lang='lat' dir='ltr'>edidit</span> <span class='ocrx_word' id='word_1_300' title='bbox 612 4177 910 4268; x_wconf 90' lang='lat' dir='ltr'>praedicationem</span> <span class='ocrx_word' id='word_1_301' title='bbox 923 4176 1121 4274; x_wconf 83' lang='lat' dir='ltr'>Evangelii,</span> 
     </span>
     <span class='ocr_line' id='line_1_41' title="bbox 136 4277 1010 4374; baseline -0.005 -23"><span class='ocrx_word' id='word_1_302' title='bbox 136 4283 253 4353; x_wconf 89' lang='lat' dir='ltr'>missis</span> <span class='ocrx_word' id='word_1_303' title='bbox 267 4278 449 4374; x_wconf 90' lang='lat' dir='ltr'>Apostolis</span> <span class='ocrx_word' id='word_1_304' title='bbox 466 4282 509 4349; x_wconf 92' lang='lat' dir='ltr'>ad</span> <span class='ocrx_word' id='word_1_305' title='bbox 526 4277 670 4352; x_wconf 85' lang='lat' dir='ltr'>Gentes.</span> <span class='ocrx_word' id='word_1_306' title='bbox 1008 4297 1010 4304; x_wconf 85' lang='lat'>&#39;</span> 
     </span>
    </p>
   </div>
   <div class='ocr_carea' id='block_1_13' title="bbox 136 4408 1121 4709">
    <p class='ocr_par' dir='ltr' id='par_1_13' title="bbox 136 4408 1121 4709">
     <span class='ocr_line' id='line_1_42' title="bbox 240 4408 1120 4508; baseline 0.01 -24"><span class='ocrx_word' id='word_1_307' title='bbox 240 4415 324 4486; x_wconf 90' lang='lat' dir='ltr'>ldeo</span> <span class='ocrx_word' id='word_1_308' title='bbox 339 4416 458 4508; x_wconf 90' lang='lat' dir='ltr'>inquit</span> <span class='ocrx_word' id='word_1_309' title='bbox 474 4408 631 4504; x_wconf 86' lang='lat' dir='ltr'>Angelus</span> <span class='ocrx_word' id='word_1_310' title='bbox 648 4415 690 4482; x_wconf 91' lang='lat' dir='ltr'>ad</span> <span class='ocrx_word' id='word_1_311' title='bbox 706 4411 891 4484; x_wconf 89' lang='lat' dir='ltr'>Danielem</span> <span class='ocrx_word' id='word_1_312' title='bbox 907 4414 1120 4493; x_wconf 85' lang='lat' dir='ltr'>deChristo:</span> 
     </span>
     <span class='ocr_line' id='line_1_43' title="bbox 137 4515 1121 4605; baseline 0.006 -18"><span class='ocrx_word' id='word_1_313' title='bbox 137 4515 369 4588; x_wconf 85' lang='lat' dir='ltr'>Confirmabit</span> <span class='ocrx_word' id='word_1_314' title='bbox 386 4531 633 4589; x_wconf 89' lang='lat' dir='ltr'>testamentum</span> <span class='ocrx_word' id='word_1_315' title='bbox 651 4517 791 4600; x_wconf 89' lang='lat' dir='ltr'>multis,</span> <span class='ocrx_word' id='word_1_316' title='bbox 816 4518 939 4605; x_wconf 91' lang='lat' dir='ltr'>idest,</span> <span class='ocrx_word' id='word_1_317' title='bbox 963 4521 1121 4595; x_wconf 91' lang='lat' dir='ltr'>incoabit</span> 
     </span>
     <span class='ocr_line' id='line_1_44' title="bbox 136 4615 1121 4709; baseline -0.007 -20"><span class='ocrx_word' id='word_1_318' title='bbox 136 4644 240 4689; x_wconf 89' lang='lat' dir='ltr'>suum</span> <span class='ocrx_word' id='word_1_319' title='bbox 256 4641 421 4706; x_wconf 88' lang='lat' dir='ltr'>regnum,</span> <span class='ocrx_word' id='word_1_320' title='bbox 446 4615 923 4709; x_wconf 86' lang='lat' dir='ltr'>praedicabitEvangelium,</span> <span class='ocrx_word' id='word_1_321' title='bbox 945 4621 1004 4692; x_wconf 90' lang='lat' dir='ltr'>liet</span> <span class='ocrx_word' id='word_1_322' title='bbox 1018 4624 1121 4695; x_wconf 84' lang='lat' dir='ltr'>victi.</span> 
     </span>
    </p>
   </div>
   <div class='ocr_carea' id='block_1_14' title="bbox 1148 1671 2191 4703">
    <p class='ocr_par' dir='ltr' id='par_1_14' title="bbox 1162 1671 2146 1764">
     <span class='ocr_line' id='line_1_45' title="bbox 1162 1671 2146 1764; baseline -0.013 -14"><span class='ocrx_word' id='word_1_323' title='bbox 1162 1694 1202 1750; x_wconf 91' lang='lat' dir='ltr'>ut</span> <span class='ocrx_word' id='word_1_324' title='bbox 1229 1673 1394 1751; x_wconf 90' lang='lat' dir='ltr'>Christus</span> <span class='ocrx_word' id='word_1_325' title='bbox 1422 1682 1482 1750; x_wconf 91' lang='lat' dir='ltr'>liat</span> <span class='ocrx_word' id='word_1_326' title='bbox 1513 1681 1674 1764; x_wconf 88' lang='lat' dir='ltr'>victima,</span> <span class='ocrx_word' id='word_1_327' title='bbox 1711 1692 1746 1749; x_wconf 91' lang='lat' dir='ltr'>et</span> <span class='ocrx_word' id='word_1_328' title='bbox 1775 1674 2002 1746; x_wconf 79' lang='lat' dir='ltr'>resuscitatus</span> <span class='ocrx_word' id='word_1_329' title='bbox 2033 1671 2146 1739; x_wconf 63' lang='lat' dir='ltr'>incolt</span> 
     </span>
    </p>

    <p class='ocr_par' dir='ltr' id='par_1_15' title="bbox 1162 1767 2144 1873">
     <span class='ocr_line' id='line_1_46' title="bbox 1162 1767 2144 1873; baseline -0.013 -23"><span class='ocrx_word' id='word_1_330' title='bbox 1162 1805 1296 1850; x_wconf 93' lang='lat' dir='ltr'>novum</span> <span class='ocrx_word' id='word_1_331' title='bbox 1327 1806 1489 1873; x_wconf 83' lang='lat' dir='ltr'>regnum.</span> <span class='ocrx_word' id='word_1_332' title='bbox 1547 1779 1644 1849; x_wconf 90' lang='lat' dir='ltr'>Haec</span> <span class='ocrx_word' id='word_1_333' title='bbox 1675 1804 1754 1849; x_wconf 93' lang='lat' dir='ltr'>cum</span> <span class='ocrx_word' id='word_1_334' title='bbox 1784 1791 1982 1869; x_wconf 89' lang='lat' dir='ltr'>postremae</span> <span class='ocrx_word' id='word_1_335' title='bbox 2012 1767 2144 1840; x_wconf 87' lang='lat' dir='ltr'>hebdo-</span> 
     </span>
    </p>

    <p class='ocr_par' dir='ltr' id='par_1_16' title="bbox 1161 1874 2145 1964">
     <span class='ocr_line' id='line_1_47' title="bbox 1161 1874 2145 1964; baseline -0.015 -13"><span class='ocrx_word' id='word_1_336' title='bbox 1161 1882 1259 1951; x_wconf 90' lang='lat' dir='ltr'>madi</span> <span class='ocrx_word' id='word_1_337' title='bbox 1281 1884 1506 1963; x_wconf 90' lang='lat' dir='ltr'>tribuantur,</span> <span class='ocrx_word' id='word_1_338' title='bbox 1530 1882 1756 1951; x_wconf 87' lang='lat' dir='ltr'>manisestum</span> <span class='ocrx_word' id='word_1_339' title='bbox 1781 1894 1850 1962; x_wconf 89' lang='lat' dir='ltr'>est,</span> <span class='ocrx_word' id='word_1_340' title='bbox 1877 1874 2058 1964; x_wconf 86' lang='lat' dir='ltr'>Angelum</span> <span class='ocrx_word' id='word_1_341' title='bbox 2077 1893 2145 1939; x_wconf 93' lang='lat' dir='ltr'>non</span> 
     </span>
    </p>

    <p class='ocr_par' dir='ltr' id='par_1_17' title="bbox 1163 1976 2146 2076">
     <span class='ocr_line' id='line_1_48' title="bbox 1163 1976 2146 2076; baseline -0.014 -23"><span class='ocrx_word' id='word_1_342' title='bbox 1163 1983 1354 2074; x_wconf 81' lang='lat' dir='ltr'>complecti·</span> <span class='ocrx_word' id='word_1_343' title='bbox 1371 1998 1510 2076; x_wconf 91' lang='lat' dir='ltr'>tempus</span> <span class='ocrx_word' id='word_1_344' title='bbox 1530 1983 1708 2075; x_wconf 91' lang='lat' dir='ltr'>reliquum</span> <span class='ocrx_word' id='word_1_345' title='bbox 1725 1981 1899 2073; x_wconf 90' lang='lat' dir='ltr'>usquead</span> <span class='ocrx_word' id='word_1_346' title='bbox 1918 1976 2066 2057; x_wconf 90' lang='lat' dir='ltr'>Titum,</span> <span class='ocrx_word' id='word_1_347' title='bbox 2090 1995 2146 2040; x_wconf 82' lang='lat' dir='ltr'>seu</span> 
     </span>
    </p>

    <p class='ocr_par' dir='ltr' id='par_1_18' title="bbox 1163 2074 2147 2180">
     <span class='ocr_line' id='line_1_49' title="bbox 1163 2074 2147 2180; baseline -0.014 -26"><span class='ocrx_word' id='word_1_348' title='bbox 1163 2086 1340 2155; x_wconf 90' lang='lat' dir='ltr'>excidium</span> <span class='ocrx_word' id='word_1_349' title='bbox 1374 2086 1683 2180; x_wconf 88' lang='lat' dir='ltr'>lerosolymorum.</span> <span class='ocrx_word' id='word_1_350' title='bbox 1761 2080 1835 2151; x_wconf 86' lang='lat' dir='ltr'>lam</span> <span class='ocrx_word' id='word_1_351' title='bbox 1867 2092 1970 2149; x_wconf 89' lang='lat' dir='ltr'>antea</span> <span class='ocrx_word' id='word_1_352' title='bbox 1999 2074 2147 2143; x_wconf 86' lang='lat' dir='ltr'>desierat</span> 
     </span>
    </p>

    <p class='ocr_par' dir='ltr' id='par_1_19' title="bbox 1164 2173 2146 2358">
     <span class='ocr_line' id='line_1_50' title="bbox 1164 2173 2146 2358; baseline -0.014 -104"><span class='ocrx_word' id='word_1_353' title='bbox 1164 2181 1251 2358; x_wconf 57' lang='grc' dir='ltr'>Ιόιεε</span> <span class='ocrx_word' id='word_1_354' title='bbox 1274 2189 1397 2280; x_wconf 89' lang='lat' dir='ltr'>politia</span> <span class='ocrx_word' id='word_1_355' title='bbox 1421 2211 1493 2258; x_wconf 88' lang='lat' dir='ltr'>esse</span> <span class='ocrx_word' id='word_1_356' title='bbox 1517 2186 1638 2278; x_wconf 90' lang='lat' dir='ltr'>politia</span> <span class='ocrx_word' id='word_1_357' title='bbox 1661 2183 1746 2266; x_wconf 89' lang='lat' dir='ltr'>Dei,</span> <span class='ocrx_word' id='word_1_358' title='bbox 1773 2205 1854 2254; x_wconf 92' lang='lat' dir='ltr'>cum</span> <span class='ocrx_word' id='word_1_359' title='bbox 1876 2177 2005 2250; x_wconf 87' lang='lat' dir='ltr'>abiecit</span> <span class='ocrx_word' id='word_1_360' title='bbox 2018 2173 2146 2247; x_wconf 83' lang='lat' dir='ltr'>Filium</span> 
     </span>
     <span class='ocr_line' id='line_1_51' title="bbox 1201 2314 1242 2357; baseline 0 0"><span class='ocrx_word' id='word_1_361' title='bbox 1201 2314 1242 2357; x_wconf 81' lang='lat' dir='ltr'>er.</span> 
     </span>
    </p>

    <p class='ocr_par' dir='ltr' id='par_1_20' title="bbox 1166 2377 2191 3187">
     <span class='ocr_line' id='line_1_52' title="bbox 1265 2377 2148 2473; baseline -0.014 -16"><span class='ocrx_word' id='word_1_362' title='bbox 1265 2386 1402 2473; x_wconf 90' lang='lat' dir='ltr'>Habes,</span> <span class='ocrx_word' id='word_1_363' title='bbox 1429 2388 1559 2472; x_wconf 89' lang='lat' dir='ltr'>lector,</span> <span class='ocrx_word' id='word_1_364' title='bbox 1585 2412 1660 2458; x_wconf 92' lang='lat' dir='ltr'>non</span> <span class='ocrx_word' id='word_1_365' title='bbox 1676 2385 1856 2458; x_wconf 89' lang='lat' dir='ltr'>intricatas</span> <span class='ocrx_word' id='word_1_366' title='bbox 1872 2377 2148 2472; x_wconf 88' lang='lat' dir='ltr'>supputationes,</span> 
     </span>
     <span class='ocr_line' id='line_1_53' title="bbox 1166 2483 2148 2583; baseline -0.014 -23"><span class='ocrx_word' id='word_1_367' title='bbox 1166 2514 1256 2583; x_wconf 90' lang='lat' dir='ltr'>quae</span> <span class='ocrx_word' id='word_1_368' title='bbox 1292 2514 1333 2560; x_wconf 91' lang='lat' dir='ltr'>ex</span> <span class='ocrx_word' id='word_1_369' title='bbox 1369 2490 1580 2560; x_wconf 89' lang='lat' dir='ltr'>testimoniis</span> <span class='ocrx_word' id='word_1_370' title='bbox 1612 2513 1687 2559; x_wconf 92' lang='lat' dir='ltr'>non</span> <span class='ocrx_word' id='word_1_371' title='bbox 1718 2483 1987 2557; x_wconf 89' lang='lat' dir='ltr'>contemnendis</span> <span class='ocrx_word' id='word_1_372' title='bbox 2017 2489 2148 2550; x_wconf 88' lang='lat' dir='ltr'>sumtae</span> 
     </span>
     <span class='ocr_line' id='line_1_54' title="bbox 1166 2581 2148 2665; baseline -0.013 -5"><span class='ocrx_word' id='word_1_373' title='bbox 1166 2606 1260 2665; x_wconf 87' lang='lat' dir='ltr'>sunt.</span> <span class='ocrx_word' id='word_1_374' title='bbox 1319 2589 1389 2661; x_wconf 90' lang='lat' dir='ltr'>Sed</span> <span class='ocrx_word' id='word_1_375' title='bbox 1418 2591 1575 2661; x_wconf 82' lang='lat' dir='ltr'>fortassis</span> <span class='ocrx_word' id='word_1_376' title='bbox 1604 2586 1768 2660; x_wconf 86' lang='lat' dir='ltr'>homines</span> <span class='ocrx_word' id='word_1_377' title='bbox 1800 2582 2013 2656; x_wconf 89' lang='lat' dir='ltr'>contentiosi</span> <span class='ocrx_word' id='word_1_378' title='bbox 2046 2581 2148 2650; x_wconf 87' lang='lat' dir='ltr'>talem</span> 
     </span>
     <span class='ocr_line' id='line_1_55' title="bbox 1167 2678 2191 2784; baseline -0.015 -21"><span class='ocrx_word' id='word_1_379' title='bbox 1167 2693 1437 2763; x_wconf 88' lang='lat' dir='ltr'>subductionem</span> <span class='ocrx_word' id='word_1_380' title='bbox 1461 2693 1659 2784; x_wconf 89' lang='lat' dir='ltr'>postulant,</span> <span class='ocrx_word' id='word_1_381' title='bbox 1685 2692 1723 2759; x_wconf 91' lang='lat' dir='ltr'>in</span> <span class='ocrx_word' id='word_1_382' title='bbox 1745 2712 1815 2781; x_wconf 91' lang='lat' dir='ltr'>qua</span> <span class='ocrx_word' id='word_1_383' title='bbox 1828 2699 1941 2755; x_wconf 84' lang='lat' dir='ltr'>metae</span> <span class='ocrx_word' id='word_1_384' title='bbox 1956 2678 2149 2752; x_wconf 77' lang='lat' dir='ltr'>hebdomo·</span> <span class='ocrx_word' id='word_1_385' title='bbox 2189 2754 2191 2781; x_wconf 39' lang='lat'><em>2</em></span> 
     </span>
     <span class='ocr_line' id='line_1_56' title="bbox 1167 2781 2191 2884; baseline -0.017 -19"><span class='ocrx_word' id='word_1_386' title='bbox 1167 2797 1251 2865; x_wconf 94' lang='lat' dir='ltr'>dum</span> <span class='ocrx_word' id='word_1_387' title='bbox 1274 2807 1469 2882; x_wconf 89' lang='lat' dir='ltr'>congruant</span> <span class='ocrx_word' id='word_1_388' title='bbox 1491 2818 1571 2862; x_wconf 91' lang='lat' dir='ltr'>cum</span> <span class='ocrx_word' id='word_1_389' title='bbox 1589 2794 1675 2884; x_wconf 88' lang='lat' dir='ltr'>ipsis</span> <span class='ocrx_word' id='word_1_390' title='bbox 1690 2806 1889 2881; x_wconf 91' lang='lat' dir='ltr'>temporum</span> <span class='ocrx_word' id='word_1_391' title='bbox 1905 2783 2084 2868; x_wconf 75' lang='lat' dir='ltr'>articulis,</span> <span class='ocrx_word' id='word_1_392' title='bbox 2109 2781 2149 2850; x_wconf 92' lang='lat' dir='ltr'>ad</span> <span class='ocrx_word' id='word_1_393' title='bbox 2189 2790 2191 2801; x_wconf 91' lang='lat'>&#39;</span> 
     </span>
     <span class='ocr_line' id='line_1_57' title="bbox 1166 2877 2150 2981; baseline -0.016 -16"><span class='ocrx_word' id='word_1_394' title='bbox 1166 2896 1319 2965; x_wconf 90' lang='lat' dir='ltr'>natalem</span> <span class='ocrx_word' id='word_1_395' title='bbox 1339 2896 1433 2963; x_wconf 91' lang='lat' dir='ltr'>diem</span> <span class='ocrx_word' id='word_1_396' title='bbox 1457 2891 1609 2979; x_wconf 90' lang='lat' dir='ltr'>Christi,</span> <span class='ocrx_word' id='word_1_397' title='bbox 1644 2907 1704 2964; x_wconf 91' lang='lat' dir='ltr'>aut</span> <span class='ocrx_word' id='word_1_398' title='bbox 1727 2891 1821 2960; x_wconf 92' lang='lat' dir='ltr'>diem</span> <span class='ocrx_word' id='word_1_399' title='bbox 1843 2884 2027 2981; x_wconf 85' lang='lat' dir='ltr'>baptismi.</span> <span class='ocrx_word' id='word_1_400' title='bbox 2076 2877 2150 2952; x_wconf 82' lang='lat' dir='ltr'>Etsi</span> 
     </span>
     <span class='ocr_line' id='line_1_58' title="bbox 1166 2982 2151 3086; baseline -0.016 -20"><span class='ocrx_word' id='word_1_401' title='bbox 1166 2998 1320 3067; x_wconf 89' lang='lat' dir='ltr'>arbitror</span> <span class='ocrx_word' id='word_1_402' title='bbox 1341 2991 1562 3086; x_wconf 90' lang='lat' dir='ltr'>prophetiam</span> <span class='ocrx_word' id='word_1_403' title='bbox 1588 3007 1705 3064; x_wconf 89' lang='lat' dir='ltr'>exacte</span> <span class='ocrx_word' id='word_1_404' title='bbox 1720 2991 1933 3080; x_wconf 87' lang='lat' dir='ltr'>congruere,</span> <span class='ocrx_word' id='word_1_405' title='bbox 1955 3002 2079 3058; x_wconf 84' lang='lat' dir='ltr'>tamen</span> <span class='ocrx_word' id='word_1_406' title='bbox 2093 2982 2151 3076; x_wconf 92' lang='lat' dir='ltr'>qui</span> 
     </span>
     <span class='ocr_line' id='line_1_59' title="bbox 1167 3080 2150 3187; baseline -0.012 -22"><span class='ocrx_word' id='word_1_407' title='bbox 1167 3094 1259 3167; x_wconf 90' lang='lat' dir='ltr'>hanc</span> <span class='ocrx_word' id='word_1_408' title='bbox 1273 3088 1517 3187; x_wconf 82' lang='lat' dir='ltr'>scrupulosam</span> <span class='ocrx_word' id='word_1_409' title='bbox 1531 3095 1750 3183; x_wconf 87' lang='lat' dir='ltr'>diligentiam</span> <span class='ocrx_word' id='word_1_410' title='bbox 1767 3093 1973 3186; x_wconf 88' lang='lat' dir='ltr'>requirunt,</span> <span class='ocrx_word' id='word_1_411' title='bbox 1998 3110 2077 3156; x_wconf 90' lang='lat' dir='ltr'>non</span> <span class='ocrx_word' id='word_1_412' title='bbox 2088 3080 2150 3154; x_wconf 88' lang='lat' dir='ltr'>hoc</span> 
     </span>
    </p>

    <p class='ocr_par' dir='ltr' id='par_1_21' title="bbox 1148 3185 2149 3288">
     <span class='ocr_line' id='line_1_60' title="bbox 1148 3185 2149 3288; baseline -0.014 -20"><span class='ocrx_word' id='word_1_413' title='bbox 1148 3213 1295 3288; x_wconf 77' lang='lat' dir='ltr'>agunt,</span> <span class='ocrx_word' id='word_1_414' title='bbox 1320 3211 1360 3266; x_wconf 92' lang='lat' dir='ltr'>ut</span> <span class='ocrx_word' id='word_1_415' title='bbox 1382 3222 1455 3265; x_wconf 88' lang='lat' dir='ltr'>rem</span> <span class='ocrx_word' id='word_1_416' title='bbox 1479 3196 1669 3287; x_wconf 89' lang='lat' dir='ltr'>explicent,</span> <span class='ocrx_word' id='word_1_417' title='bbox 1695 3197 1754 3264; x_wconf 90' lang='lat' dir='ltr'>sed</span> <span class='ocrx_word' id='word_1_418' title='bbox 1771 3209 1810 3263; x_wconf 94' lang='lat' dir='ltr'>ut</span> <span class='ocrx_word' id='word_1_419' title='bbox 1826 3217 1884 3274; x_wconf 92' lang='lat' dir='ltr'>ea,</span> <span class='ocrx_word' id='word_1_420' title='bbox 1909 3213 2000 3284; x_wconf 88' lang='lat' dir='ltr'>quae</span> <span class='ocrx_word' id='word_1_421' title='bbox 2018 3185 2149 3257; x_wconf 88' lang='lat' dir='ltr'>medio·</span> 
     </span>
    </p>

    <p class='ocr_par' dir='ltr' id='par_1_22' title="bbox 1168 3291 2150 3573">
     <span class='ocr_line' id='line_1_61' title="bbox 1168 3291 2150 3390; baseline -0.013 -20"><span class='ocrx_word' id='word_1_422' title='bbox 1168 3300 1276 3370; x_wconf 90' lang='lat' dir='ltr'>criter</span> <span class='ocrx_word' id='word_1_423' title='bbox 1296 3312 1380 3368; x_wconf 90' lang='lat' dir='ltr'>sunt</span> <span class='ocrx_word' id='word_1_424' title='bbox 1402 3299 1593 3390; x_wconf 88' lang='lat' dir='ltr'>explicata,</span> <span class='ocrx_word' id='word_1_425' title='bbox 1625 3299 1781 3366; x_wconf 88' lang='lat' dir='ltr'>eludant.</span> <span class='ocrx_word' id='word_1_426' title='bbox 1843 3291 1964 3381; x_wconf 88' lang='lat' dir='ltr'>Quare</span> <span class='ocrx_word' id='word_1_427' title='bbox 1988 3302 2052 3359; x_wconf 91' lang='lat' dir='ltr'>aut</span> <span class='ocrx_word' id='word_1_428' title='bbox 2072 3310 2150 3379; x_wconf 89' lang='lat' dir='ltr'>pro·</span> 
     </span>
     <span class='ocr_line' id='line_1_62' title="bbox 1168 3387 2149 3492; baseline -0.014 -23"><span class='ocrx_word' id='word_1_429' title='bbox 1168 3402 1269 3492; x_wconf 89' lang='lat' dir='ltr'>piora</span> <span class='ocrx_word' id='word_1_430' title='bbox 1287 3402 1447 3483; x_wconf 91' lang='lat' dir='ltr'>tradant,</span> <span class='ocrx_word' id='word_1_431' title='bbox 1471 3414 1532 3469; x_wconf 91' lang='lat' dir='ltr'>aut</span> <span class='ocrx_word' id='word_1_432' title='bbox 1546 3395 1630 3469; x_wconf 90' lang='lat' dir='ltr'>haec</span> <span class='ocrx_word' id='word_1_433' title='bbox 1647 3396 1805 3467; x_wconf 85' lang='lat' dir='ltr'>cavillari</span> <span class='ocrx_word' id='word_1_434' title='bbox 1821 3394 1996 3473; x_wconf 91' lang='lat' dir='ltr'>desinant,</span> <span class='ocrx_word' id='word_1_435' title='bbox 2023 3387 2149 3484; x_wconf 81' lang='lat' dir='ltr'>siquid</span> 
     </span>
     <span class='ocr_line' id='line_1_63' title="bbox 1169 3500 1493 3573; baseline -0.012 0"><span class='ocrx_word' id='word_1_436' title='bbox 1169 3500 1304 3573; x_wconf 91' lang='lat' dir='ltr'>habent</span> <span class='ocrx_word' id='word_1_437' title='bbox 1319 3501 1493 3570; x_wconf 87' lang='lat' dir='ltr'>candoris.</span> 
     </span>
    </p>

    <p class='ocr_par' dir='ltr' id='par_1_23' title="bbox 1169 3591 2159 4703">
     <span class='ocr_line' id='line_1_64' title="bbox 1270 3591 2152 3693; baseline -0.015 -21"><span class='ocrx_word' id='word_1_438' title='bbox 1270 3600 1350 3672; x_wconf 88' lang='lat' dir='ltr'>Hoc</span> <span class='ocrx_word' id='word_1_439' title='bbox 1371 3625 1455 3673; x_wconf 88' lang='lat' dir='ltr'>vero</span> <span class='ocrx_word' id='word_1_440' title='bbox 1477 3601 1543 3693; x_wconf 91' lang='lat' dir='ltr'>piis</span> <span class='ocrx_word' id='word_1_441' title='bbox 1561 3600 1708 3681; x_wconf 78' lang='lat' dir='ltr'>sufficit,</span> <span class='ocrx_word' id='word_1_442' title='bbox 1734 3599 1828 3693; x_wconf 74' lang='lat' dir='ltr'>(prod</span> <span class='ocrx_word' id='word_1_443' title='bbox 1847 3597 1970 3667; x_wconf 89' lang='lat' dir='ltr'>vident</span> <span class='ocrx_word' id='word_1_444' title='bbox 1987 3591 2152 3686; x_wconf 88' lang='lat' dir='ltr'>praefini-</span> 
     </span>
     <span class='ocr_line' id='line_1_65' title="bbox 1169 3692 2153 3792; baseline -0.019 -13"><span class='ocrx_word' id='word_1_445' title='bbox 1169 3720 1245 3779; x_wconf 88' lang='lat' dir='ltr'>tum</span> <span class='ocrx_word' id='word_1_446' title='bbox 1268 3727 1341 3775; x_wconf 85' lang='lat' dir='ltr'>esse</span> <span class='ocrx_word' id='word_1_447' title='bbox 1357 3717 1496 3792; x_wconf 93' lang='lat' dir='ltr'>tempus</span> <span class='ocrx_word' id='word_1_448' title='bbox 1512 3705 1684 3775; x_wconf 84' lang='lat' dir='ltr'>adventus</span> <span class='ocrx_word' id='word_1_449' title='bbox 1700 3692 1870 3779; x_wconf 86' lang='lat' dir='ltr'>Messiae,</span> <span class='ocrx_word' id='word_1_450' title='bbox 1897 3697 2066 3768; x_wconf 82' lang='lat' dir='ltr'>videlicet</span> <span class='ocrx_word' id='word_1_451' title='bbox 2078 3705 2153 3786; x_wconf 83' lang='lat' dir='ltr'>post</span> 
     </span>
     <span class='ocr_line' id='line_1_66' title="bbox 1170 3791 2150 3898; baseline -0.018 -20"><span class='ocrx_word' id='word_1_452' title='bbox 1170 3808 1324 3878; x_wconf 89' lang='lat' dir='ltr'>reditum</span> <span class='ocrx_word' id='word_1_453' title='bbox 1360 3829 1402 3875; x_wconf 91' lang='lat' dir='ltr'>ex</span> <span class='ocrx_word' id='word_1_454' title='bbox 1429 3803 1615 3898; x_wconf 89' lang='lat' dir='ltr'>Babylone</span> <span class='ocrx_word' id='word_1_455' title='bbox 1651 3804 1791 3872; x_wconf 89' lang='lat' dir='ltr'>circiter</span> <span class='ocrx_word' id='word_1_456' title='bbox 1820 3821 1933 3870; x_wconf 89' lang='lat' dir='ltr'>annus</span> <span class='ocrx_word' id='word_1_457' title='bbox 1955 3797 2045 3870; x_wconf 77' lang='lat'><strong>490.</strong></span> <span class='ocrx_word' id='word_1_458' title='bbox 2105 3791 2150 3861; x_wconf 85' lang='lat' dir='ltr'>Et</span> 
     </span>
     <span class='ocr_line' id='line_1_67' title="bbox 1170 3894 2152 4001; baseline -0.017 -22"><span class='ocrx_word' id='word_1_459' title='bbox 1170 3908 1366 4001; x_wconf 89' lang='lat' dir='ltr'>oportuisse</span> <span class='ocrx_word' id='word_1_460' title='bbox 1394 3907 1492 3976; x_wconf 83' lang='lat' dir='ltr'>nasci</span> <span class='ocrx_word' id='word_1_461' title='bbox 1513 3905 1680 3976; x_wconf 82' lang='lat' dir='ltr'>Messiam</span> <span class='ocrx_word' id='word_1_462' title='bbox 1712 3899 1829 3973; x_wconf 93' lang='lat' dir='ltr'>adhuc</span> <span class='ocrx_word' id='word_1_463' title='bbox 1857 3905 2012 3972; x_wconf 88' lang='lat' dir='ltr'>durante</span> <span class='ocrx_word' id='word_1_464' title='bbox 2031 3894 2152 3991; x_wconf 88' lang='lat' dir='ltr'>politia</span> 
     </span>
     <span class='ocr_line' id='line_1_68' title="bbox 1172 3998 2156 4092; baseline -0.017 -10"><span class='ocrx_word' id='word_1_465' title='bbox 1172 4010 1324 4083; x_wconf 85' lang='lat' dir='ltr'>Iudaica.</span> <span class='ocrx_word' id='word_1_466' title='bbox 1389 4006 1486 4078; x_wconf 91' lang='lat' dir='ltr'>Haec</span> <span class='ocrx_word' id='word_1_467' title='bbox 1515 4007 1718 4078; x_wconf 83' lang='lat' dir='ltr'>testimonia</span> <span class='ocrx_word' id='word_1_468' title='bbox 1748 4004 1854 4074; x_wconf 89' lang='lat' dir='ltr'>nobis</span> <span class='ocrx_word' id='word_1_469' title='bbox 1883 3998 1942 4071; x_wconf 94' lang='lat' dir='ltr'>hic</span> <span class='ocrx_word' id='word_1_470' title='bbox 1971 3999 2156 4092; x_wconf 79' lang='lat' dir='ltr'>praecipue</span> 
     </span>
     <span class='ocr_line' id='line_1_69' title="bbox 1172 4102 2155 4199; baseline -0.015 -17"><span class='ocrx_word' id='word_1_471' title='bbox 1172 4111 1392 4182; x_wconf 85' lang='lat' dir='ltr'>observanda</span> <span class='ocrx_word' id='word_1_472' title='bbox 1417 4121 1511 4182; x_wconf 88' lang='lat' dir='ltr'>sunt.</span> <span class='ocrx_word' id='word_1_473' title='bbox 1580 4105 1626 4179; x_wconf 82' lang='lat' dir='ltr'>Et</span> <span class='ocrx_word' id='word_1_474' title='bbox 1649 4129 1853 4199; x_wconf 89' lang='lat' dir='ltr'>quanquam</span> <span class='ocrx_word' id='word_1_475' title='bbox 1877 4102 2050 4174; x_wconf 81' lang='lat' dir='ltr'>articulos</span> <span class='ocrx_word' id='word_1_476' title='bbox 2070 4111 2155 4171; x_wconf 84' lang='lat' dir='ltr'>tero-</span> 
     </span>
     <span class='ocr_line' id='line_1_70' title="bbox 1172 4200 2158 4307; baseline -0.014 -22"><span class='ocrx_word' id='word_1_477' title='bbox 1172 4238 1298 4307; x_wconf 91' lang='lat' dir='ltr'>porum</span> <span class='ocrx_word' id='word_1_478' title='bbox 1315 4211 1460 4281; x_wconf 84' lang='lat' dir='ltr'>difficile</span> <span class='ocrx_word' id='word_1_479' title='bbox 1475 4224 1524 4280; x_wconf 88' lang='lat' dir='ltr'>est</span> <span class='ocrx_word' id='word_1_480' title='bbox 1540 4212 1771 4287; x_wconf 89' lang='lat' dir='ltr'>constituere,</span> <span class='ocrx_word' id='word_1_481' title='bbox 1798 4222 1914 4278; x_wconf 90' lang='lat' dir='ltr'>tamen</span> <span class='ocrx_word' id='word_1_482' title='bbox 1930 4200 2001 4273; x_wconf 91' lang='lat' dir='ltr'>hoc</span> <span class='ocrx_word' id='word_1_483' title='bbox 2014 4211 2158 4296; x_wconf 83' lang='lat' dir='ltr'>apparet</span> 
     </span>
     <span class='ocr_line' id='line_1_71' title="bbox 1173 4305 2155 4406; baseline -0.014 -20"><span class='ocrx_word' id='word_1_484' title='bbox 1173 4337 1367 4406; x_wconf 89' lang='lat' dir='ltr'>congruere</span> <span class='ocrx_word' id='word_1_485' title='bbox 1389 4309 1456 4382; x_wconf 86' lang='lat' dir='ltr'>hos</span> <span class='ocrx_word' id='word_1_486' title='bbox 1474 4334 1588 4381; x_wconf 90' lang='lat' dir='ltr'>annos</span> <span class='ocrx_word' id='word_1_487' title='bbox 1602 4309 1690 4393; x_wconf 78' lang='lat'>490,</span> <span class='ocrx_word' id='word_1_488' title='bbox 1713 4311 1769 4378; x_wconf 90' lang='lat' dir='ltr'>vel</span> <span class='ocrx_word' id='word_1_489' title='bbox 1789 4305 1917 4401; x_wconf 92' lang='lat' dir='ltr'>aCyro</span> <span class='ocrx_word' id='word_1_490' title='bbox 1940 4306 1986 4375; x_wconf 92' lang='lat' dir='ltr'>ad</span> <span class='ocrx_word' id='word_1_491' title='bbox 2009 4327 2155 4375; x_wconf 77' lang='lat' dir='ltr'>nascen-</span> 
     </span>
     <span class='ocr_line' id='line_1_72' title="bbox 1172 4408 2156 4501; baseline -0.014 -12"><span class='ocrx_word' id='word_1_492' title='bbox 1172 4433 1241 4489; x_wconf 91' lang='lat' dir='ltr'>tem</span> <span class='ocrx_word' id='word_1_493' title='bbox 1265 4411 1464 4500; x_wconf 90' lang='lat' dir='ltr'>Christum,</span> <span class='ocrx_word' id='word_1_494' title='bbox 1502 4413 1560 4482; x_wconf 84' lang='lat' dir='ltr'>vel</span> <span class='ocrx_word' id='word_1_495' title='bbox 1585 4408 1919 4501; x_wconf 90' lang='lat' dir='ltr'>aLongimano·ad</span> <span class='ocrx_word' id='word_1_496' title='bbox 1942 4408 2156 4498; x_wconf 82' lang='lat' dir='ltr'>baptismum</span> 
     </span>
     <span class='ocr_line' id='line_1_73' title="bbox 1172 4509 2155 4601; baseline -0.012 -11"><span class='ocrx_word' id='word_1_497' title='bbox 1172 4516 1317 4591; x_wconf 85' lang='lat' dir='ltr'>Christi.</span> <span class='ocrx_word' id='word_1_498' title='bbox 1367 4513 1459 4586; x_wconf 88' lang='lat' dir='ltr'>Nam</span> <span class='ocrx_word' id='word_1_499' title='bbox 1481 4515 1589 4583; x_wconf 86' lang='lat' dir='ltr'>series</span> <span class='ocrx_word' id='word_1_500' title='bbox 1610 4538 1786 4583; x_wconf 92' lang='lat' dir='ltr'>annorum</span> <span class='ocrx_word' id='word_1_501' title='bbox 1810 4523 1890 4601; x_wconf 91' lang='lat' dir='ltr'>pust</span> <span class='ocrx_word' id='word_1_502' title='bbox 1912 4509 2155 4580; x_wconf 85' lang='lat' dir='ltr'>Alexandmm</span> 
     </span>
     <span class='ocr_line' id='line_1_74' title="bbox 1171 4614 2159 4703; baseline -0.015 -11"><span class='ocrx_word' id='word_1_503' title='bbox 1171 4622 1293 4691; x_wconf 88' lang='lat' dir='ltr'>notior</span> <span class='ocrx_word' id='word_1_504' title='bbox 1320 4633 1384 4693; x_wconf 82' lang='lat' dir='ltr'>est.</span> <span class='ocrx_word' id='word_1_505' title='bbox 1449 4615 1508 4688; x_wconf 90' lang='lat' dir='ltr'>Ab</span> <span class='ocrx_word' id='word_1_506' title='bbox 1531 4616 1736 4686; x_wconf 82' lang='lat' dir='ltr'>Alexandro</span> <span class='ocrx_word' id='word_1_507' title='bbox 1766 4614 1795 4682; x_wconf 88' lang='lat' dir='ltr'>si</span> <span class='ocrx_word' id='word_1_508' title='bbox 1823 4626 1918 4683; x_wconf 89' lang='lat' dir='ltr'>retro</span> <span class='ocrx_word' id='word_1_509' title='bbox 1942 4623 2159 4703; x_wconf 89' lang='lat' dir='ltr'>quaerantur</span> 
     </span>
    </p>
   </div>
   <div class='ocr_carea' id='block_1_15' title="bbox 129 4712 2162 5423">
    <p class='ocr_par' dir='ltr' id='par_1_24' title="bbox 136 4712 2159 5020">
     <span class='ocr_line' id='line_1_75' title="bbox 137 4712 2159 4814; baseline -0.005 -25"><span class='ocrx_word' id='word_1_510' title='bbox 137 4745 194 4791; x_wconf 91' lang='lat' dir='ltr'>ma</span> <span class='ocrx_word' id='word_1_511' title='bbox 216 4744 280 4811; x_wconf 92' lang='lat' dir='ltr'>pro</span> <span class='ocrx_word' id='word_1_512' title='bbox 301 4741 427 4809; x_wconf 89' lang='lat' dir='ltr'>genere</span> <span class='ocrx_word' id='word_1_513' title='bbox 448 4714 625 4804; x_wconf 89' lang='lat' dir='ltr'>humano,</span> <span class='ocrx_word' id='word_1_514' title='bbox 651 4720 877 4790; x_wconf 84' lang='lat' dir='ltr'>resuscitatus</span> <span class='ocrx_word' id='word_1_515' title='bbox 891 4722 990 4792; x_wconf 92' lang='lat' dir='ltr'>dabit</span> <span class='ocrx_word' id='word_1_516' title='bbox 1005 4721 1121 4814; x_wconf 90' lang='lat' dir='ltr'>Spiri-</span> <span class='ocrx_word' id='word_1_517' title='bbox 1172 4724 1258 4793; x_wconf 92' lang='lat' dir='ltr'>anni</span> <span class='ocrx_word' id='word_1_518' title='bbox 1276 4721 1371 4791; x_wconf 91' lang='lat' dir='ltr'>iuxta</span> <span class='ocrx_word' id='word_1_519' title='bbox 1391 4719 1549 4789; x_wconf 90' lang='lat' dir='ltr'>Graecos</span> <span class='ocrx_word' id='word_1_520' title='bbox 1563 4718 1608 4787; x_wconf 90' lang='lat' dir='ltr'>ad</span> <span class='ocrx_word' id='word_1_521' title='bbox 1622 4717 1902 4806; x_wconf 88' lang='lat' dir='ltr'>Longimanum,</span> <span class='ocrx_word' id='word_1_522' title='bbox 1926 4712 2042 4802; x_wconf 80' lang='lat' dir='ltr'>magis</span> <span class='ocrx_word' id='word_1_523' title='bbox 2057 4712 2159 4782; x_wconf 84' lang='lat' dir='ltr'>etiarn</span> 
     </span>
     <span class='ocr_line' id='line_1_76' title="bbox 136 4814 2158 4919; baseline -0.005 -27"><span class='ocrx_word' id='word_1_524' title='bbox 136 4835 213 4892; x_wconf 90' lang='lat' dir='ltr'>tum</span> <span class='ocrx_word' id='word_1_525' title='bbox 241 4834 419 4904; x_wconf 90' lang='lat' dir='ltr'>sanctum,</span> <span class='ocrx_word' id='word_1_526' title='bbox 448 4820 558 4890; x_wconf 87' lang='lat' dir='ltr'>mittit</span> <span class='ocrx_word' id='word_1_527' title='bbox 582 4818 794 4910; x_wconf 87' lang='lat' dir='ltr'>Apostolos,</span> <span class='ocrx_word' id='word_1_528' title='bbox 825 4835 867 4892; x_wconf 93' lang='lat' dir='ltr'>ut</span> <span class='ocrx_word' id='word_1_529' title='bbox 884 4818 1120 4912; x_wconf 83' lang='lat' dir='ltr'>Evangelium</span> <span class='ocrx_word' id='word_1_530' title='bbox 1172 4823 1361 4919; x_wconf 88' lang='lat' dir='ltr'>quadrabit</span> <span class='ocrx_word' id='word_1_531' title='bbox 1377 4820 1605 4908; x_wconf 81' lang='lat' dir='ltr'>computatio.</span> <span class='ocrx_word' id='word_1_532' title='bbox 1638 4817 1803 4889; x_wconf 86' lang='lat' dir='ltr'>¹Constat</span> <span class='ocrx_word' id='word_1_533' title='bbox 1816 4814 2065 4886; x_wconf 86' lang='lat' dir='ltr'>Alexandrum</span> <span class='ocrx_word' id='word_1_534' title='bbox 2082 4834 2158 4884; x_wconf 87' lang='lat' dir='ltr'>coe·</span> 
     </span>
     <span class='ocr_line' id='line_1_77' title="bbox 137 4916 1758 5020; baseline 0 -27"><span class='ocrx_word' id='word_1_535' title='bbox 137 4927 305 5000; x_wconf 83' lang='lat' dir='ltr'>doceant,</span> <span class='ocrx_word' id='word_1_536' title='bbox 335 4922 467 4990; x_wconf 80' lang='lat' dir='ltr'>multos</span> <span class='ocrx_word' id='word_1_537' title='bbox 495 4922 532 4989; x_wconf 92' lang='lat' dir='ltr'>in</span> <span class='ocrx_word' id='word_1_538' title='bbox 558 4923 618 4992; x_wconf 90' lang='lat' dir='ltr'>illa</span> <span class='ocrx_word' id='word_1_539' title='bbox 638 4922 786 4992; x_wconf 90' lang='lat' dir='ltr'>dimidia</span> <span class='ocrx_word' id='word_1_540' title='bbox 810 4917 1033 4996; x_wconf 90' lang='lat' dir='ltr'>hebdomade</span> <span class='ocrx_word' id='word_1_541' title='bbox 1054 4929 1121 4996; x_wconf 87' lang='lat' dir='ltr'>do·</span> <span class='ocrx_word' id='word_1_542' title='bbox 1172 4928 1264 5020; x_wconf 90' lang='lat' dir='ltr'>pisse</span> <span class='ocrx_word' id='word_1_543' title='bbox 1281 4946 1425 5014; x_wconf 86' lang='lat' dir='ltr'>regnare</span> <span class='ocrx_word' id='word_1_544' title='bbox 1438 4916 1655 5015; x_wconf 90' lang='lat' dir='ltr'>Olympiade</span> <span class='ocrx_word' id='word_1_545' title='bbox 1674 4921 1758 4993; x_wconf 92' lang='grc'><strong>111.</strong></span> 
     </span>
    </p>

    <p class='ocr_par' dir='ltr' id='par_1_25' title="bbox 129 5018 2162 5423">
     <span class='ocr_line' id='line_1_78' title="bbox 137 5018 2158 5118; baseline -0.005 -25"><span class='ocrx_word' id='word_1_546' title='bbox 137 5024 238 5094; x_wconf 91' lang='lat' dir='ltr'>nabit</span> <span class='ocrx_word' id='word_1_547' title='bbox 268 5035 408 5092; x_wconf 89' lang='lat' dir='ltr'>aeterna</span> <span class='ocrx_word' id='word_1_548' title='bbox 432 5023 556 5094; x_wconf 82' lang='lat' dir='ltr'>salute.</span> <span class='ocrx_word' id='word_1_549' title='bbox 620 5018 710 5094; x_wconf 86' lang='lat' dir='ltr'>Nam</span> <span class='ocrx_word' id='word_1_550' title='bbox 733 5039 921 5118; x_wconf 78' lang='lat' dir='ltr'>antequam</span> <span class='ocrx_word' id='word_1_551' title='bbox 944 5040 1119 5116; x_wconf 88' lang='lat' dir='ltr'>postrema</span> <span class='ocrx_word' id='word_1_552' title='bbox 1275 5024 1350 5096; x_wconf 92' lang='lat' dir='ltr'>lam</span> <span class='ocrx_word' id='word_1_553' title='bbox 1372 5025 1403 5093; x_wconf 91' lang='lat' dir='ltr'>si</span> <span class='ocrx_word' id='word_1_554' title='bbox 1424 5036 1519 5093; x_wconf 87' lang='lat' dir='ltr'>retro</span> <span class='ocrx_word' id='word_1_555' title='bbox 1540 5045 1703 5091; x_wconf 87' lang='lat' dir='ltr'>numeres</span> <span class='ocrx_word' id='word_1_556' title='bbox 1725 5042 1858 5104; x_wconf 90' lang='lat' dir='ltr'>annos,</span> <span class='ocrx_word' id='word_1_557' title='bbox 1884 5027 2020 5086; x_wconf 90' lang='lat' dir='ltr'>certum</span> <span class='ocrx_word' id='word_1_558' title='bbox 2045 5027 2099 5084; x_wconf 89' lang='lat' dir='ltr'>est</span> <span class='ocrx_word' id='word_1_559' title='bbox 2119 5037 2158 5083; x_wconf 82' lang='lat' dir='ltr'>cx</span> 
     </span>
     <span class='ocr_line' id='line_1_79' title="bbox 129 5119 2161 5223; baseline -0.005 -28"><span class='ocrx_word' id='word_1_560' title='bbox 129 5120 330 5195; x_wconf 80' lang='lat' dir='ltr'>’hebdomas</span> <span class='ocrx_word' id='word_1_561' title='bbox 353 5137 517 5215; x_wconf 91' lang='lat' dir='ltr'>totapost</span> <span class='ocrx_word' id='word_1_562' title='bbox 532 5125 747 5215; x_wconf 85' lang='lat' dir='ltr'>baptismum</span> <span class='ocrx_word' id='word_1_563' title='bbox 765 5140 903 5217; x_wconf 88' lang='lat' dir='ltr'>peracta</span> <span class='ocrx_word' id='word_1_564' title='bbox 919 5140 987 5214; x_wconf 85' lang='lat' dir='ltr'>est,</span> <span class='ocrx_word' id='word_1_565' title='bbox 1013 5125 1121 5200; x_wconf 90' lang='lat' dir='ltr'>Chri-</span> <span class='ocrx_word' id='word_1_566' title='bbox 1172 5126 1322 5223; x_wconf 91' lang='lat' dir='ltr'>Polybio</span> <span class='ocrx_word' id='word_1_567' title='bbox 1353 5123 1624 5215; x_wconf 88' lang='lat' dir='ltr'>diligentissimo</span> <span class='ocrx_word' id='word_1_568' title='bbox 1654 5136 1689 5193; x_wconf 92' lang='lat' dir='ltr'>et</span> <span class='ocrx_word' id='word_1_569' title='bbox 1715 5122 1812 5193; x_wconf 87' lang='lat' dir='ltr'>fideli</span> <span class='ocrx_word' id='word_1_570' title='bbox 1844 5119 2017 5208; x_wconf 89' lang='lat' dir='ltr'>scriptore</span> <span class='ocrx_word' id='word_1_571' title='bbox 2041 5129 2161 5207; x_wconf 77' lang='lat' dir='ltr'>captas</span> 
     </span>
     <span class='ocr_line' id='line_1_80' title="bbox 136 5215 2162 5327; baseline -0.004 -31"><span class='ocrx_word' id='word_1_572' title='bbox 136 5241 211 5298; x_wconf 84' lang='lat' dir='ltr'>stus</span> <span class='ocrx_word' id='word_1_573' title='bbox 227 5251 341 5306; x_wconf 90' lang='lat' dir='ltr'>anno,</span> <span class='ocrx_word' id='word_1_574' title='bbox 368 5225 590 5318; x_wconf 84' lang='lat' dir='ltr'>seilicetpost</span> <span class='ocrx_word' id='word_1_575' title='bbox 604 5226 819 5327; x_wconf 89' lang='lat' dir='ltr'>baptismum</span> <span class='ocrx_word' id='word_1_576' title='bbox 835 5251 957 5315; x_wconf 87' lang='lat' dir='ltr'>suum,</span> <span class='ocrx_word' id='word_1_577' title='bbox 982 5245 1121 5325; x_wconf 88' lang='lat' dir='ltr'>quarto,</span> <span class='ocrx_word' id='word_1_578' title='bbox 1173 5253 1246 5300; x_wconf 89' lang='lat' dir='ltr'>esse</span> <span class='ocrx_word' id='word_1_579' title='bbox 1266 5223 1426 5299; x_wconf 85' lang='lat' dir='ltr'>Athenas</span> <span class='ocrx_word' id='word_1_580' title='bbox 1449 5250 1467 5293; x_wconf 89' lang='lat' dir='ltr'>a</span> <span class='ocrx_word' id='word_1_581' title='bbox 1491 5223 1676 5319; x_wconf 84' lang='lat' dir='ltr'>Lysandro</span> <span class='ocrx_word' id='word_1_582' title='bbox 1693 5219 1908 5318; x_wconf 91' lang='lat' dir='ltr'>Olympiade</span> <span class='ocrx_word' id='word_1_583' title='bbox 1924 5218 1985 5293; x_wconf 74' lang='grc'>92.</span> <span class='ocrx_word' id='word_1_584' title='bbox 2038 5215 2162 5288; x_wconf 89' lang='lat' dir='ltr'>Habe·</span> 
     </span>
     <span class='ocr_line' id='line_1_81' title="bbox 132 5319 2161 5423; baseline -0.004 -24"><span class='ocrx_word' id='word_1_585' title='bbox 132 5328 322 5401; x_wconf 88' lang='lat' dir='ltr'>crucifixus</span> <span class='ocrx_word' id='word_1_586' title='bbox 338 5340 370 5398; x_wconf 87' lang='lat' dir='ltr'>et</span> <span class='ocrx_word' id='word_1_587' title='bbox 387 5330 611 5400; x_wconf 85' lang='lat' dir='ltr'>resuscitatus</span> <span class='ocrx_word' id='word_1_588' title='bbox 626 5341 688 5399; x_wconf 83' lang='lat' dir='ltr'>est.</span> <span class='ocrx_word' id='word_1_589' title='bbox 1171 5334 1226 5404; x_wconf 87' lang='lat' dir='ltr'>bis</span> <span class='ocrx_word' id='word_1_590' title='bbox 1248 5351 1331 5423; x_wconf 86' lang='lat' dir='ltr'>ergo</span> <span class='ocrx_word' id='word_1_591' title='bbox 1352 5350 1465 5407; x_wconf 81' lang='lat' dir='ltr'>annos</span> <span class='ocrx_word' id='word_1_592' title='bbox 1481 5325 1542 5409; x_wconf 82' lang='lat'>76,</span> <span class='ocrx_word' id='word_1_593' title='bbox 1564 5341 1627 5400; x_wconf 90' lang='lat' dir='ltr'>aut</span> <span class='ocrx_word' id='word_1_594' title='bbox 1648 5327 1798 5401; x_wconf 90' lang='lat' dir='ltr'>circiter.</span> <span class='ocrx_word' id='word_1_595' title='bbox 1855 5321 1946 5395; x_wconf 87' lang='lat' dir='ltr'>Nam</span> <span class='ocrx_word' id='word_1_596' title='bbox 1969 5319 2161 5394; x_wconf 86' lang='lat' dir='ltr'>articulum</span> 
     </span>
    </p>
   </div>
   <div class='ocr_carea' id='block_1_16' title="bbox 0 0 2290 5748">
    <p class='ocr_par' dir='ltr' id='par_1_26' title="bbox 0 0 2290 5748">
     <span class='ocr_line' id='line_1_82' title="bbox 0 0 2290 5748; baseline 0 0"><span class='ocrx_word' id='word_1_597' title='bbox 0 0 2290 5748; x_wconf 95' lang='lat' dir='ltr'> </span> 
     </span>
    </p>
   </div>
  </div>
 </body>
</html>
