4538 5754
121 232 214 309 1051
714 230 839 306 vnn.
865 227 1220 310 uuuscnnra
1247 229 1547 310 rxaounca.
1957 182 1963 198 ’
2047 248 2133 329 rou

117 407 214 480 Haec
228 426 330 474 causa
346 415 381 473 et
395 402 432 471 in
441 400 590 472 Psalmis
606 415 641 473 et
658 402 745 472 alibi
758 427 859 494 saepe
875 404 1018 495 repetita
1036 416 1099 476 est.
1151 404 1374 477 iuventutem
1389 418 1422 476 et
1438 408 1608 498 populum
1623 409 1751 481 docere
1770 412 1969 504 possimus,
1995 429 2035 489 ut
2048 418 2128 492 salo·

119 509 172 582 lta
200 509 292 576 infra
313 504 444 574 dieitur
467 502 558 573 Psal.
584 502 683 574 tlt:
711 504 794 575 Non
813 505 916 577 nobis
932 504 1101 591 Domine,
1154 508 1239 576 taris
1254 508 1415 579 doctrina
1433 523 1648 600 propagetur
1661 513 1706 582 sd
1724 527 1884 605 posteros
1900 530 1936 588 et
1954 519 2001 588 ad
2016 520 2126 593 multu

119 634 194 682 non
211 609 333 690 nobis,
358 608 419 675 sed
436 606 651 676 nominituo
668 608 712 676 da
730 607 890 696 gloriam.
1153 622 1284 697 gentes.

220 709 378 780 Additur
392 718 425 777 et
440 728 543 776 causa
559 707 691 794 finalis,
716 733 806 802 quac
820 709 938 777 vicina
961 721 1011 777 est
1034 707 1102 776 im·
1256 705 1353 779 Haec
1373 724 1424 781 est
1440 711 1589 801 simplex
1606 710 1736 784 Psalmi
1750 718 1944 804 sententia,
1970 744 2121 814 quaeue·

119 813 296 909 pulsivae:
330 804 389 879 Ad
412 831 517 900 quem
543 809 649 878 finem
675 811 826 902 peteuda
851 821 903 879 est
918 808 1103 879 defensio?
1151 809 1208 879 bis
1226 810 1402 880 illustrior
1417 825 1451 881 et
1467 814 1607 883 dulcior
1622 817 1801 900 erit,cum
1817 821 1862 888 ad
1880 843 1987 890 usum
2002 822 2118 922 inpre-

119 915 215 988 Num
238 925 277 982 ut
302 909 413 981 ociosi
427 910 671 1000 voluptatibus
685 913 863 990 fruamur,
888 909 978 979 sicut
999 909 1103 1001 impii
1153 910 1293 981 catione
1308 913 1549 988 transferetur.
1603 916 1656 985 Ac
1671 916 1852 989 sciendum
1874 934 1927 992 est
1949 922 2042 994 iuler
2061 925 2119 995 cul·

120 1014 218 1088 huuc
242 1013 357 1083 solum
382 1033 455 1080 esse
478 1011 631 1082 fructum
654 1025 688 1082 et
704 1014 810 1082 finem
825 1012 989 1080 laborum
1006 1010 1103 1081 arbi·
1152 1025 1209 1083 tus
1225 1009 1292 1082 Dei
1314 1014 1520 1104 praecipuos
1540 1037 1630 1101 esse,
1666 1013 1750 1087 haec
1774 1020 1849 1110 ipsa
1872 1022 2010 1103 officia,
2033 1024 2118 1095 talen

119 1130 273 1193 truatur.
326 1112 481 1182 Dimicat
503 1108 700 1200 Antonius,
726 1127 767 1184 ut
789 1113 956 1204 repressis
976 1114 1102 1182 adver·
1153 1114 1347 1203 gratiarum
1364 1117 1539 1185 actionem
1556 1131 1591 1188 et
1604 1119 1823 1215 petitionem.
1874 1121 1968 1191 Nam
1984 1119 2117 1197 hnmana
2157 1202 2159 1206 ,

121 1220 222 1291 sariis
246 1238 387 1287 securus
410 1212 615 1284 dominetur
637 1228 672 1285 et
690 1215 932 1305 voluptatibus
952 1215 1101 1284 fruatur.
1147 1216 1244 1284 ‘ratio
1267 1216 1403 1309 alioqui
1423 1218 1576 1289 somniat
1601 1216 1684 1290 haec
1699 1223 1790 1291 bona
1809 1245 1892 1292 casu
1907 1227 2119 1296 autnescier-

121 1321 192 1393 Sed
206 1319 324 1391 David
341 1315 426 1404 petit
441 1315 703 1400 defensionem,
729 1330 768 1386 ut
786 1328 905 1406 postea
921 1315 1050 1385 serviat
1064 1315 1102 1384 in
1154 1317 1249 1387 tibus
1266 1315 1388 1386 offerri
1403 1333 1464 1389 aut
1479 1320 1604 1390 amitti.
1658 1321 1707 1391 At
1722 1346 1788 1392 nos
1799 1323 1955 1401 sciamus
1969 1322 2118 1396 eaEcele-

122 1426 229 1495 domo
259 1417 425 1500 Domini,
459 1417 570 1486 discat
597 1417 795 1487 doctrinam
825 1417 1033 1500 coelestem,
1069 1430 1103 1487 et
1155 1417 1226 1487 siae
1248 1441 1330 1486 vere
1356 1443 1374 1487 a
1397 1416 1473 1489 Deo
1498 1420 1595 1506 dari,
1620 1435 1655 1492 et
1678 1423 1769 1492 velle
1786 1421 1902 1494 Deum
1923 1437 1967 1495 ut
1988 1440 2118 1518 capeta-

123 1537 226 1597 ornet
241 1517 433 1590 Ecclesiam
457 1519 708 1608 propagatione
729 1519 892 1588 salutaris
911 1518 1103 1601 doctrinae,
1156 1542 1253 1602 mus,
1280 1543 1320 1588 ac
1337 1520 1442 1589 fidem
1466 1515 1531 1590 hac
1547 1521 1718 1612 petitione
1742 1547 1977 1597 exerceamus.
2029 1525 2119 1597 Tusci
2157 1605 2159 1615 ,

123 1623 328 1698 assuefaciat
342 1617 560 1690 iuventutem
577 1633 611 1689 et
628 1620 798 1710 populum
821 1619 1103 1709 adagnitionem
1154 1642 1251 1689 nuuc
1271 1620 1488 1692 denunciant
1511 1623 1644 1692 bellum
1668 1637 1704 1694 et
1726 1628 1960 1695 vastationem
1982 1628 2046 1698 toti
2063 1624 2120 1699 Eu-
2156 1705 2159 1709 ,

122 1728 203 1801 Dei.
261 1721 330 1792 Hic
357 1719 437 1790 finis
467 1720 525 1810 pio
552 1720 779 1810 gubernatori
812 1721 1013 1812 propositus
1044 1732 1104 1790 est.
1155 1744 1263 1819 rupae
1293 1734 1329 1792 ει
1357 1723 1543 1792 universae
1570 1719 1704 1794 Christi
1738 1722 1934 1796 Ecclesiae:
1973 1730 2121 1799 adversus

122 1829 211 1902 Cum
230 1821 736 1906 exacievictordomumredit,
753 1822 867 1892 maior
883 1822 1103 1919 curaanimo
1156 1817 1242 1890 haec
1266 1834 1361 1892 tanta
1385 1824 1538 1915 pericula
1562 1825 1631 1913 tegi
1655 1839 1688 1895 et
1705 1826 1849 1895 defendi
1863 1850 1931 1897 nos
1946 1851 1968 1898 a
1983 1829 2062 1901 Deo
2078 1852 2122 1921 pe·

123 1933 348 2009 obversatur,
378 1946 483 2015 quam
506 1935 580 1993 erat
602 1924 710 1995 altera
728 1924 873 2013 gerendi
899 1923 985 1993 belli
1010 1945 1105 2005 cura,
1155 1937 1290 2008 tamus,
1318 1947 1363 1992 ne
1385 1924 1495 2014 ipsius
1516 1927 1645 1996 noticia
1668 1928 1837 2001 deleatur.
1898 1926 1996 1999 Haec
2016 1931 2122 2029 petitis

126 2032 257 2105 scilicet
278 2026 457 2120 quomodo
480 2038 574 2095 recte
596 2020 788 2095 Ecclesiam
812 2027 994 2113 gubernet.
1048 2021 1103 2094 Ad
1157 2025 1236 2115 plus
1259 2025 1419 2121 proficiet
1442 2050 1549 2118 quam
1577 2050 1699 2116 regum
1727 2041 1762 2098 et
1791 2031 2011 2098 exercituum
2032 2053 2125 2115 arms,

125 2130 221 2204 hunc
236 2130 342 2198 finem
359 2125 486 2195 caeteri
503 2127 642 2195 labores
658 2127 702 2194 ab
718 2128 885 2196 omnibus
898 2121 1105 2195 hominibus
1157 2127 1246 2194 sicut
1276 2146 1381 2215 snpra
1414 2127 1546 2196 dictum
1571 2143 1640 2200 est:
1694 2127 1752 2197 llli
1773 2130 1812 2198 in
1834 2129 2021 2216 curribus,
2047 2132 2123 2201 etis

124 2230 414 2311 referendisunt,
439 2241 480 2297 ut
502 2251 566 2319 pro
592 2229 776 2299 vocatione
800 2227 929 2317 singuli
952 2227 1105 2295 serviant
1157 2226 1274 2318 equis,
1306 2224 1378 2294 Nos
1400 2241 1514 2295 autem
1548 2252 1680 2298 nornen
1703 2228 1852 2299 Domini
1867 2227 1936 2298 Dei
1958 2231 2124 2303 invocabi-
2157 2309 2161 2322 ‚

123 2331 370 2410 Ecclesiae,et
385 2328 521 2421 aliquid
537 2351 662 2426 operae
678 2329 862 2398 conferant
876 2329 919 2396 ad
937 2329 1102 2398 tuendam
1157 2350 1245 2395 mus.
1305 2323 1536 2418 Metaphorse
1563 2330 1695 2401 multae
1727 2331 1847 2400 dulces
1881 2346 1966 2402 sunt
2000 2331 2040 2400 in
2072 2328 2124 2402 hue

124 2453 159 2510 et
180 2435 377 2506 ornandam
398 2431 607 2502 doctrinam.
657 2429 717 2500 Sic
739 2443 773 2499 et
799 2428 937 2521 inaliis
958 2426 1106 2496 Psalmis
1157 2426 1321 2510 Psalmo,
1359 2452 1508 2519 quarum
1548 2429 1746 2501 intellectus
1773 2432 1886 2499 facilis
1922 2446 1985 2503 est.
2048 2433 2123 2503 Lao

125 2550 270 2632 propter
297 2528 392 2601 hunc
422 2531 528 2597 linem
560 2528 650 2620 petit
679 2530 770 2599 vitae
803 2530 1104 2627 prorogationem:
1159 2528 1308 2596 virentia
1339 2541 1373 2597 et
1404 2524 1572 2613 herbida,
1600 2555 1739 2614 amnes,
1774 2554 1914 2611 mensa,
1943 2532 2122 2621 significant

124 2640 209 2711 Non
226 2633 358 2704 mortui
373 2633 572 2702 laudabunt
588 2644 621 2700 te
636 2628 804 2702 Domine.
859 2629 906 2701 Ut
924 2629 1017 2699 enim
1034 2629 1105 2697 sint
1158 2628 1389 2698 nutritionem
1411 2628 1751 2701 letconsolationem.
1804 2630 1913 2720 Virga
1938 2646 1974 2704 et
1995 2631 2119 2703 baculu

126 2743 304 2819 doctores,
328 2755 466 2802 necesse
486 2749 536 2804 est
558 2733 696 2825 aliquos
711 2745 803 2801 recte
822 2731 978 2802 eruditos
991 2745 1024 2800 et
1040 2754 1105 2800 usu
1157 2730 1355 2819 significant
1368 2731 1609 2827 defensionem
1626 2744 1659 2803 et
1674 2733 1981 2821 gubernationem.

127 2839 353 2913 confirmatos
389 2834 518 2908 vivere.
576 2830 673 2902 Haec
707 2846 757 2903 εει
790 2831 921 2902 Psalmi
958 2854 1106 2915 summa,
2111 2896 2117 2907 ,

127 2965 231 3038 quem
254 2951 289 3009 et
309 2960 375 3006 nos
397 2937 537 3025 planius
552 2935 807 3025 intelligemus,
833 2958 914 3004 cum
936 2929 1004 3003 hoc
1029 2933 1105 3025 ipso
1295 2916 1635 3010 Af9¹lmssnltfm
1661 2936 1717 2986 ⁰⁰
1742 2916 2006 3007 (littwu‘lt‘o

127 3042 276 3117 consilio
299 3037 543 3121 recitabimus,
569 3051 609 3106 ut
633 3060 697 3106 nos
719 3059 859 3129 quoque
877 3033 952 3104 Deo
978 3033 1107 3123 gratias
1462 3045 1621 3129 psalmi
1653 3046 1838 3129 xxffll·

126 3166 269 3236 agamus
284 3165 351 3232 pro
369 3140 584 3222 nutritione,
610 3140 814 3207 defensione
828 3151 863 3206 et
879 3135 1106 3225 gubernatio·

125 3272 190 3331 ne,
215 3258 250 3315 et
265 3240 350 3312 haec
371 3241 446 3332 ipsa
470 3237 638 3310 beneficia
662 3241 708 3309 ab
732 3261 773 3307 eo
792 3252 961 3328 petamus.
1013 3233 1109 3307 Scri-

126 3352 264 3420 buntur
285 3344 380 3412 enim
406 3337 490 3410 haec
513 3341 647 3411 cantica
671 3363 746 3410 non
763 3353 908 3431 propter
923 3336 1108 3419 Davidem,

127 3452 188 3522 sed
211 3459 355 3538 propter
376 3441 578 3512 universam
594 3438 798 3510 Ecclesiam.
851 3439 1005 3530 Spiritus
1027 3460 1108 3507 san·
1260 3438 1451 3532 prophetia
1473 3457 1524 3514 est
1545 3445 1589 3513 de
1610 3438 1767 3513 Ecclesia
1790 3440 1857 3513 Dei
1881 3439 2121 3532 colligendae

128 3567 205 3622 ctus
224 3570 289 3639 per
307 3539 520 3633 Prophetam
543 3545 644 3612 docet
667 3564 789 3610 omnes
804 3540 900 3632 pios,
928 3536 1012 3609 llaec
1036 3560 1109 3609 ²³⁸2
1161 3558 1236 3615 toto
1251 3557 1424 3614 terrarum
1447 3544 1551 3624 orbe,
1575 3557 1609 3614 et
1625 3545 1753 3636 passim
1775 3544 1814 3612 in
1832 3545 1961 3613 mundi
1975 3540 2121 3636 imperiis

95 3656 99 3661 ’
127 3647 298 3722 beneficia
311 3645 395 3729 Dei,
421 3657 455 3715 et
475 3644 644 3736 promissa
670 3665 743 3712 esse
761 3639 949 3712 Ecclesiae.
1001 3638 1109 3712 Sunt·
1162 3643 1208 3716 Et
1223 3647 1407 3715 intertexta
1425 3643 1584 3715 doctrina
1600 3645 1687 3738 quid
1711 3647 1756 3716 sit
1774 3640 1954 3727 Ecclesia,
1980 3660 2014 3716 ct
2029 3640 2121 3738 qualia

128 3742 635 3848 quesumtaehaesententiae
655 3770 696 3815 ex
716 3744 840 3834 primis
864 3744 935 3812 illis
959 3741 1108 3835 promis·
1163 3748 1313 3839 populus
1335 3747 1399 3828 sit,
1424 3760 1458 3816 et
1480 3768 1571 3839 quae
1592 3746 1684 3815 bona
1708 3746 1898 3836 accipiata
1925 3743 2015 3819 Deo.
2063 3739 2161 3814 Etsi!

129 3852 290 3926 sionibus
305 3849 444 3919 traditis
456 3844 635 3920 Abrahae.
674 3843 722 3917 Ut
737 3843 848 3916 Gene.
868 3841 940 3916 15.:
966 3843 1050 3913 Noli
1064 3842 1105 3912 ti·
1163 3850 1271 3938 igitur
1296 3849 1402 3916 breve
1422 3870 1563 3915 carmen
1588 3859 1657 3931 est,
1683 3859 1800 3917 tamen
1823 3847 1972 3937 plenum
1991 3858 2123 3916 estero-
2157 3928 2161 3941 Ι

107 3945 426 4029 ,mereAbraham
462 3948 537 4037 Ego
556 3961 940 4039 protectortuussum,
967 3958 1109 4014 etmer-
1163 3949 1326 4020 ditionis:
1369 3963 1402 4018 et
1432 3948 1608 4017 enarratio
1634 3960 1685 4017 est
1717 3947 1967 4037 promissionis
1999 3944 2141 4021 entim.

130 4070 260 4130 cestua
279 4053 391 4122 valde.
1163 4045 1347 4130 Abrahae,
1380 4072 1419 4117 ac
1448 4049 1601 4138 pertinet
1621 4049 1665 4116 ad
1692 4070 1801 4136 genus
1827 4048 2125 4118 demonstrativus

231 4151 419 4244 obstrepis
441 4164 557 4220 antem
585 4149 689 4219 nobis
718 4146 910 4236 indignitas
931 4158 1051 4217 nostra
1079 4157 1109 4213 el
1163 4176 1223 4222 seu
1240 4145 1517 4222 διδασκαλικὸν.
1571 4148 1875 4219 luseriturautem
1893 4144 2125 4219 etadhorm‘v

130 4271 267 4334 accusat
288 4278 354 4324 nos
385 4253 617 4334 conscientia,
653 4252 749 4343 quod
771 4271 902 4340 poenas
923 4247 1041 4318 meriti
1063 4246 1110 4315 δί·
1164 4255 1209 4323 ad
1240 4273 1339 4340 reges
1373 4264 1408 4320 et
1430 4251 1626 4342 principes,
1675 4263 1715 4320 ut
1751 4248 1964 4342 patefaciant
2001 4246 2126 4341 imperit
2158 4258 2161 4284 ¹

129 4385 219 4432 mus.
272 4357 357 4428 ldeo
379 4354 547 4445 languefit
567 4374 646 4450 spes
670 4352 807 4422 auxiliis
833 4353 892 4419 sed
913 4362 1112 4440 opponatur
1164 4351 1379 4442 Evangelio,
1405 4375 1470 4421 nec
1487 4351 1836 4421 arceantvenientem
1852 4347 2051 4435 Christum,
2076 4348 2128 4419 sis·

129 4461 215 4533 huic
229 4457 442 4530 accusationi
457 4455 617 4526 doctrina
630 4448 815 4543 Evangelii
832 4455 876 4521 de
892 4454 1040 4539 gratuita
1055 4474 1110 4520 re·
1163 4469 1204 4526 ut
1225 4466 1258 4523 et
1284 4454 1421 4521 Psalmo
1442 4455 1598 4522 secundo
1620 4452 1810 4541 compellat
1831 4473 1949 4540 reges:
1981 4448 2031 4522 Et
2052 4466 2128 4522 nort

131 4563 302 4633 missione
326 4573 558 4649 peccatorum.
610 4553 698 4627 ltem
721 4549 786 4624 hac
808 4555 884 4643 ipsa
906 4578 990 4622 vox:
1021 4544 1111 4620 Prn-
1164 4579 1261 4646 reges
1285 4554 1489 4642 intelligite,
1509 4555 1597 4647 'quia
1622 4554 1785 4622 diabolus
1808 4553 1999 4644 praecipue
2022 4548 2128 4644 impel-

130 4672 209 4760 pter
243 4684 372 4731 numen
404 4668 528 4738 fuum,
563 4671 706 4749 propter
727 4657 875 4746 gloriam
897 4666 993 4724 tuam
1017 4653 1112 4724 Deus
1166 4659 1207 4728 lit
1228 4658 1480 4744 gubernatores
1503 4656 1647 4739 mundi,
1679 4669 1718 4724 ut
1738 4655 1972 4724 adversentur
1992 4651 2129 4724 Christe·

133 4767 298 4837 exaudias
325 4776 358 4832 el
382 4761 481 4830 iuves
505 4783 588 4844 nos,
614 4783 660 4829 ne
674 4754 842 4848 Epicurei
865 4768 899 4825 el
913 4751 1110 4846 blasphemi
1164 4758 1212 4830 Et
1229 4755 1267 4827 hi
1284 4761 1539 4828 excandescunt
1553 4758 1644 4840 ideo,
1660 4752 1994 4848 quiaEvangelium
2005 4757 2142 4843 drumm¹

133 4867 371 4936 vociferentur
392 4863 529 4929 nullam
561 4884 634 4932 esse
661 4856 854 4929 Ecclesiam
876 4853 963 4938 Dei,
997 4851 1112 4925 nihilo
1165 4859 1277 4944 idola,
1302 4872 1335 4928 et
1349 4858 1418 4928 alia
1434 4858 1582 4940 scelera,
1608 4857 1738 4950 quibus
1755 4855 1883 4947 polluti
1897 4871 1995 4936 sunt,
2021 4870 2132 4929 etms·

133 4967 245 5055 magis
267 4964 462 5051 doctrinam
484 4964 648 5032 traditam
671 4985 734 5051 per
753 4955 949 5050 Prophetas
964 4971 998 5028 et
1014 4954 1112 5046 Apo·
1165 4963 1251 5032 tatio
1268 4960 1428 5029 cultuum
1445 4958 1585 5026 videtur
1599 4958 1648 5027 eis
1665 4982 1786 5048 parere
1802 4957 2054 5047 dissipationes
2067 4978 2132 5028 sut·

135 5069 264 5145 stolus,
290 5066 448 5134 divinam
474 5086 564 5145 esse,
589 5087 693 5156 quam
716 5058 1011 5131 Mahometicam:
1049 5054 1112 5127 has
1165 5087 1244 5132 rum
1278 5060 1446 5149 gentium.
1500 5058 1783 5130 Praemonentur
1807 5081 1889 5146 ergo
1921 5073 1958 5129 et
1986 5058 2131 5150 regesi!

134 5165 372 5269 blasphemias
401 5165 554 5235 refutato
588 5163 756 5263 repressis
777 5164 958 5233 furoribus
982 5161 1112 5251 impio·
1166 5163 1333 5244 Psalmis,
1359 5185 1404 5231 ne
1425 5160 1568 5229 bellum·
1580 5175 1744 5231 moveant
1765 5163 1934 5230 adversus
1955 5157 2133 5237 Christum.

135 5296 235 5355 rum,
265 5283 299 5340 et
321 5268 472 5337 defensis
494 5267 612 5336 nobis.
662 5262 825 5356 Denique
851 5266 930 5334 ideo
963 5264 1112 5354 petimus
1136 5336 1139 5349 ,
1166 5290 1210 5333 ne
1226 5263 1416 5332 admittant
1429 5263 1494 5331 ista
1511 5262 1613 5347 odia,
1638 5264 1721 5355 quia
1738 5255 1902 5332 Christus
1926 5262 2076 5332 salutem
2096 5260 2134 5330 eit

49 5392 63 5413 ²
135 5374 394 5456 defensionem,
419 5382 461 5440 ut
476 5369 539 5439 diu
553 5366 745 5438 serviamus
762 5380 843 5437 tuae
859 5361 1055 5449 Ecclesiae,
1074 5380 1115 5435 ut
1136 5428 1142 5449 ,
1166 5366 1287 5455 oflert,
1322 5377 1357 5434 et
1384 5378 1618 5455 repugnantes
1647 5364 1772 5455 puniet
1803 5386 1842 5433 ac
1875 5361 2030 5447 delebit,
2062 5364 2134 5433 sicut

1208 3192 1364 3261 Domini
1379 3197 1439 3261 est
1454 3199 1559 3269 terro
1576 3199 1617 3261 et
1629 3191 1822 3283 plenitudo
1837 3197 1936 3283 aius,
1952 3190 2048 3266 orbis
2060 3201 2117 3263 ter·

1209 3314 1343 3363 rarum
1357 3302 1393 3362 et
1411 3289 1724 3383 pertulissetis
1743 3316 1796 3364 eo.
