4538 5754
112 188 187 265 aa
670 200 673 207 ·
731 141 794 255 v.
828 143 1153 254 unornuara
1184 171 1522 251 uranacncus.
1938 152 1940 157 “
2065 192 2144 271 su

112 383 223 432 unam
243 369 381 429 tantum
393 377 466 426 esse
483 322 779 424 conditionalium
798 322 1102 442 significationem.
1155 344 1254 418 llaec
1275 349 1349 424 fere
1370 347 1558 440 praecipua
1584 348 1792 425 discrimina
1811 369 1895 427 sunt
1917 350 2141 435 conditione.

114 460 216 545 Alias
238 475 322 531 sunt
337 459 510 538 causales,
537 448 795 554 ulrtoloytxri:
822 454 863 527 Si
877 466 1017 544 emptor
1039 456 1103 522 de·
1155 451 1265 534 lium,
1289 473 1381 543 quae
1398 449 1478 519 iden
1494 451 1675 537 recensui,
1700 455 1795 526 utin
1822 459 1954 530 talibus
1976 471 2141 558 proposi.
2229 449 2234 518 f

112 563 210 633 derit
231 563 407 654 precium,
434 583 534 628 merx
554 558 588 626 ei
605 557 761 631 dabitur.
811 555 853 628 Si
868 554 1104 648 quisdederit
1154 550 1313 622 tionibus
1328 550 1529 622 iudicandis
1545 552 1734 643 prudentia
1747 555 1971 647 adhibeatur,
1987 587 2168 639 acmou..
2228 556 2234 595 ³

113 665 170 735 vel
187 688 300 758 aquae
314 677 435 754 potum
452 661 516 730 uni
533 684 574 729 ex
591 659 753 728 minimis
774 680 935 728 meorum
959 670 1104 748 propter
1155 653 1273 723 stratis
1288 653 1467 739 fontibus,
1493 654 1583 724 aliae
1597 654 1735 726 vicinae
1749 658 2022 749 significationes
2037 669 2140 739 facile
2226 668 2254 729 ξ’

112 768 335 850 doctrinam,
364 763 509 839 dabitur
535 761 568 830 ei
595 760 803 853 praemium.
863 756 904 830 Si
924 759 1006 850 quis
1029 780 1102 828 nou
1154 754 1297 844 agnosci
1316 769 1502 847 poterunt,
1527 755 1652 836 abiis,
1677 758 1740 850 qui
1759 757 2025 835 Grammaticen
2048 786 2140 841 recte

112 867 192 938 vult
210 867 391 952 laborare,
413 888 488 936 nou
503 864 675 934 comedat.
726 859 829 931 Alias
851 883 926 932 non
948 880 1103 939 causam,
1155 856 1374 943 didicerunt,
1421 872 1455 929 et
1496 857 1568 926 vim
1611 859 1864 948 particularum
1905 869 2139 943 considerant.

113 971 174 1039 sed
211 968 376 1039 ordinem
401 979 561 1052 tautum,
602 976 664 1034 aut
689 963 831 1054 siguum
857 976 919 1032 aut
944 964 1104 1045 modum,
1155 956 1375 1048 Linguarum
1386 958 1689 1029 etiamdiversitas
1702 964 1957 1038 consideranda
1967 971 2140 1046 estaPro-
2227 963 2233 1020 t

115 1084 177 1141 aut
192 1082 331 1140 tantum
349 1069 574 1138 collationem
591 1064 803 1154 significant,
821 1064 1005 1157 inquibus
1022 1070 1104 1153 par·
1155 1061 1235 1130 bate
1251 1059 1410 1151 spiritus,
1433 1059 1464 1130 si
1481 1083 1522 1130 ex
1536 1057 1612 1131 Deo
1627 1075 1722 1138 suut.
1773 1063 1842 1135 Hic
1852 1062 1987 1139 Graece
2001 1058 2140 1147 locutus

115 1171 227 1243 ticula
242 1169 440 1260 praeposita
456 1181 685 1258 nuncupatur
700 1157 969 1265 συλλογιστικά.
996 1160 1102 1234 Ordo
1155 1175 1207 1232 est
1233 1160 1425 1254 interpres,
1458 1175 1492 1234 et
1523 1163 1697 1255 particula
1728 1162 1770 1238 Si
1798 1180 1850 1241 est
1877 1167 2140 1262 interrogativa,

116 1272 351 1360 significatur:
378 1269 418 1341 Si
436 1270 610 1340 intumuit
624 1283 756 1346 uterus,
782 1268 907 1360 pariet.
935 1266 1102 1357 Signum:
1154 1287 1237 1355 pro:
1264 1286 1310 1331 au
1327 1286 1368 1333 er
1383 1262 1473 1340 Deo.
1515 1261 1595 1334 Hoc
1609 1264 1745 1335 dictum
1761 1270 1917 1340 alienum
1933 1287 1995 1357 est,
2020 1299 2139 1369 apro.

117 1372 155 1446 Si
170 1395 277 1442 mane
298 1371 436 1441 coelum
450 1371 571 1456 rubet,
597 1383 717 1463 postea
734 1370 838 1440 llatus
856 1382 961 1439 erunt
977 1379 1102 1436 veuto-
1153 1365 1394 1456 positionibus
1407 1361 1658 1460 hypotheticis.
1712 1365 1812 1442 Alibi
1828 1371 1866 1440 iu
1891 1371 2042 1445 iurando
2068 1379 2138 1447 vim
2170 1397 2174 1404 ’

118 1499 208 1546 rum.
261 1471 412 1543 Modus:
446 1471 485 1543 Si
516 1474 560 1541 ad
589 1495 645 1541 me
676 1471 861 1543 accesseris
887 1470 946 1540 die
970 1467 1103 1539 consti·
1155 1462 1260 1537 habet
1278 1467 1499 1558 denegantis:
1518 1466 1557 1540 Si
1575 1466 1778 1544 introibunt
1791 1472 1832 1557 in
1844 1474 2003 1568 requiem
2017 1502 2140 1563 meam,

118 1589 211 1655 tuto,
245 1573 441 1644 numerabo
467 1572 535 1644 tibi
566 1573 763 1664 pecuniam.
815 1570 855 1643 Si
888 1571 968 1665 quis
995 1565 1102 1640 habet
1153 1568 1192 1636 id
1214 1584 1283 1653 est,
1309 1593 1384 1639 non
1407 1569 1613 1654 intrabunt,
1638 1594 1679 1641 ac
1708 1589 1841 1646 veteres
1866 1573 1993 1647 Graeci
2017 1582 2139 1650 eodem

121 1699 218 1745 aures
234 1676 417 1757 audiendi,
441 1675 573 1744 audiat.
623 1671 792 1744 Collatio:
820 1672 860 1746 Si
878 1671 1039 1743 conversi
1057 1672 1100 1740 ad
1152 1669 1261 1739 modo
1279 1671 1390 1740 locuti
1402 1683 1497 1741 sunt.
1524 1671 1593 1742 Sed
1612 1666 1699 1741 haec
1714 1679 1758 1746 ad
1776 1672 2042 1749 Grammaticen
2059 1705 2140 1773 per-

122 1773 252 1861 Drum,
278 1774 317 1845 ir‘r
333 1777 404 1846 vita
420 1774 562 1846 mortali
583 1774 808 1864 affliguntur,
833 1787 967 1869 quanto
991 1773 1101 1863 magis
1153 1771 1290 1856 tinent,
1313 1795 1417 1866 aqua
1433 1770 1648 1845 Dialecticus
1671 1777 1826 1850 nativam
1840 1777 2139 1873 {significationem

74 1957 76 1978 Ι
125 1877 318 1950 afficientur
342 1877 466 1970 poeuis
487 1873 656 1968 Epicurei
686 1890 951 1948 contemnentes
972 1874 1100 1946 Deum.
1152 1896 1280 1942 vocum
1295 1874 1457 1967 accipiat.

997 2094 1272 2114 m

904 2324 1055 2404 uranu
1099 2325 1350 2407 ausurus,

620 2464 713 2552 uu
763 2459 974 2553 uucts
1024 2458 1632 2606 aunuuuttuuttutu.

74 2725 77 2731 .
158 2635 257 2718 ΜΒ
274 2640 335 2705 ⁶⁸3
350 2642 460 2707 ”emi
474 2629 796 2728 diviiwi’mim
810 2631 1069 2712 Dilmun&
1153 2660 1295 2750 chusae,
1316 2662 1500 2734 iudicandi
1521 2663 1676 2738 effectus.
1729 2657 1778 2736 Ut
1799 2661 1909 2753 igitur
1930 2661 2139 2742 architectus
2181 2700 2188 2717 ¹

74 2826 76 2831 ,
132 2749 240 2838 Vetus
256 2764 389 2838 divisio
415 2761 502 2837 haec
524 2780 589 2838 est:
616 2764 699 2837 Alia
724 2788 806 2859 pars
821 2765 1034 2838 Dialectices
1054 2779 1106 2836 est
1154 2766 1336 2838 materiam
1360 2779 1396 2839 et
1418 2767 1569 2835 [ormam
1596 2763 1782 2835 discernit:
1813 2767 1863 2836 ita
1885 2765 1925 2836 iu
1946 2765 2138 2844 Dialectice

131 2865 329 2954 iudicatrix,
360 2868 431 2940 alia
456 2868 649 2943 inventrix.
699 2866 842 2940 Dicitur
863 2882 980 2939 autem
1006 2866 1106 2936 ludi·
1153 2868 1253 2939 aliud
1269 2866 1439 2957 cogitabis
1457 2888 1531 2935 esse
1546 2865 1731 2936 materiam
1748 2887 1812 2936 seu
1827 2890 1918 2953 reru,
1944 2869 2042 2942 aliud
2064 2876 2138 2944 for-

130 2970 227 3042 utrix
242 2970 305 3038 illa
321 2992 421 3062 pars,
446 2970 490 3041 de
505 2994 573 3062 qua
590 2965 909 3064 hacteuusdictum
924 2983 993 3054 est,
1016 2992 1105 3062 quae
1153 2994 1267 3054 mam,
1301 2970 1339 3039 id
1363 2983 1414 3040 est
1435 2965 1713 3050 connexionem,
1753 2989 1816 3038 seu
1834 2975 2137 3063 consequentiam.

129 3069 289 3143 disceruit
304 3091 426 3156 voces,
451 3070 597 3153 iudicat,
621 3095 712 3164 quae
729 3084 821 3142 recte
838 3083 1105 3152 connectantur,
1154 3068 1231 3142 Etsi
1247 3085 1365 3141 autern
1379 3068 1667 3140 adiudicandum
1681 3067 1770 3139 utile
1783 3081 1835 3139 est
1848 3070 2030 3143 includere
2039 3079 2135 3147 nuda

128 3196 298 3268 quaeuou
314 3184 409 3243 reete
426 3170 633 3264 iungantur.
683 3170 863 3243 Discernit
885 3185 919 3244 et
942 3172 1106 3265 proposi-
1154 3173 1310 3243 membra
1334 3184 1623 3262 argumentorum
1649 3168 1754 3241 certis
1781 3183 1816 3241 ct
1843 3175 2136 3249 convenientibus

127 3275 264 3361 dones,
278 3287 314 3348 et
329 3268 474 3361 iudicat,
501 3276 646 3368 quando
661 3288 754 3345 recte
768 3269 980 3346 cohaereant
993 3298 1105 3345 mem·
1153 3275 1277 3345 lormis
1302 3273 1587 3370 syllogismorum
1611 3285 1646 3343 et
1663 3265 1986 3366 enthymematum:
2017 3280 2136 3349 tamen

127 3376 182 3448 bra
194 3377 237 3447 in
248 3374 483 3471 syllogismis,
508 3389 544 3446 et
564 3377 710 3446 caeteris
731 3377 856 3447 formis
877 3380 1105 3466 argumento-
1153 3391 1326 3472 quatenus
1350 3377 1389 3445 iu
1410 3397 1573 3445 sermone
1596 3389 1630 3446 et
1650 3373 1813 3445 oratioue
1839 3375 2003 3466 populari
2028 3393 2135 3450 uten-

126 3501 208 3555 tum.
243 3478 367 3550 Altera
380 3499 463 3570 pars
478 3491 626 3549 vocatur
640 3476 842 3564 luveutrix,
867 3502 958 3571 quae
973 3490 1104 3560 monet,
1152 3483 1238 3550 dum
1264 3479 1310 3550 sit
1336 3473 1394 3548 his
1420 3477 1541 3562 metis,
1579 3488 1614 3547 et
1645 3477 1824 3571 quomodo
1855 3478 2037 3550 vestienda
2064 3482 2136 3555 siut

126 3582 300 3674 quomodo
325 3601 381 3652 res
409 3577 675 3669 investigandae
705 3581 796 3664 siut,
828 3595 889 3650 aut
920 3579 1102 3672 proposito
1151 3583 1309 3666 membra
1329 3591 1640 3670 argumentorum,
1665 3579 1858 3650 ostendunt
1881 3583 2037 3673 exempla
2054 3608 2135 3654 ora-

125 3705 236 3755 rerum
252 3680 412 3766 cumulo,
437 3684 539 3751 docet
555 3682 684 3772 eligere
699 3704 752 3767 ea,
776 3705 867 3775 quae
883 3695 1102 3774 praesentem
1150 3698 1282 3757 torum.
1332 3677 1411 3752 Etsi
1427 3681 1523 3751 enim
1538 3680 1722 3770 diligentia
1737 3675 1939 3750 adhibenda
1957 3685 2059 3754 estin
2075 3708 2135 3756 ar-

126 3785 306 3857 materiam
332 3782 523 3854 illustrant.
572 3781 670 3854 Haec
704 3776 769 3852 ars
793 3798 940 3855 vocatur
961 3777 1103 3876 τοπικὴ,
1150 3784 1343 3874 gumentis‚
1363 3799 1404 3856 ut
1419 3782 1577 3852 membra
1593 3780 1950 3871 rectedispouantur,
1976 3799 2134 3860 etmetas

125 3885 243 3972 idest,
266 3885 429 3957 doctriua
454 3884 634 3975 locorum,
659 3885 723 3977 qui
744 3898 828 3956 sunt
849 3887 948 3956 velut
966 3885 1102 3955 iudices
1150 3886 1285 3979 aliquas
1308 3885 1395 3955 artis
1417 3879 1586 3967 habeant,
1618 3895 1738 3954 tamen
1759 3885 1895 3954 accedit
1923 3901 2071 3960 ornatus
2099 3903 2135 3959 et

126 4011 259 4073 rerum,
294 3987 352 4056 vel
377 3986 724 4077 investigandarum,
757 3988 814 4055 vel
849 3988 1102 4077 eligendarum,
1150 3988 1251 4079 copia
1271 4011 1332 4058 seu
1349 3988 1462 4071 nitor,
1488 3999 1528 4056 ut
1544 3985 1685 4075 plenior
1698 3999 1733 4057 et
1747 3984 1931 4058 sonantior
1947 3989 1993 4059 sit
2007 3991 2133 4083 oratio.

125 4103 160 4162 ut
177 4088 346 4171 Medicus
371 4088 555 4181 proposito
579 4090 680 4179 signo
707 4101 870 4174 externo,
904 4102 945 4171 ut
968 4088 1101 4158 veloci·
1150 4089 1239 4160 Nam
1252 4087 1447 4160 Dialectice
1461 4086 1615 4158 brevitas
1632 4110 1697 4157 nec
1717 4086 1825 4159 ferire
1839 4111 1958 4173 aures,
1992 4114 2056 4159 nec
2070 4114 2131 4160 su-

125 4205 208 4279 tate,
242 4191 300 4262 vel
319 4189 572 4284 inaequalitate
598 4190 721 4281 pulsus
743 4191 910 4276 arteriae,
942 4191 1101 4284 sequitur
1149 4193 1225 4263 bito
1244 4192 1355 4283 arripi
1379 4202 1513 4283 potest,
1539 4189 1776 4281 praesertima
1797 4191 1958 4263 rudibus.
2011 4190 2130 4278 Quare

125 4294 235 4367 locum
259 4294 307 4364 ab
331 4292 475 4378 effectu,
507 4294 573 4363 scit
598 4292 691 4382 signi
724 4286 831 4363 buius
861 4294 1099 4389 quaerendam
1150 4293 1336 4387 praecipua
1374 4292 1531 4361 membra
1564 4291 1734 4364 illustrari
1768 4303 1924 4381 oportet,
1960 4304 2001 4361 ut
2029 4294 2130 4385 quasi

127 4421 190 4469 esse
202 4417 365 4476 causam,
391 4389 459 4465 hoc
475 4405 539 4479 est,
564 4395 700 4464 fontem
716 4394 852 4486 pulsus,
877 4393 1010 4464 scilicet
1026 4418 1099 4480 cor,
1151 4396 1297 4489 propius
1315 4393 1471 4486 conspici
1488 4393 1634 4483 possint.
1687 4390 1838 4482 Utrique
1851 4401 1967 4460 autem
1987 4395 2130 4484 prodest

127 4496 423 4592 quarternum,
462 4498 558 4565 unde
582 4520 644 4565 cor
666 4496 852 4567 incensum
872 4496 926 4569 sit.
986 4495 1099 4588 Saepe
1151 4520 1226 4579 ars,
1252 4497 1386 4568 dicenti
1404 4510 1437 4566 et
1453 4495 1638 4565 iudicanti.
1687 4490 1912 4562 Lociseriem
1929 4497 2129 4565 rerumeli-

127 4616 235 4673 rutem
249 4599 339 4670 loeis
359 4597 497 4667 utimur
520 4621 595 4666 nou
615 4611 687 4667 tam
710 4600 756 4667 ad
781 4597 1099 4687 investigationem,
1150 4601 1363 4688 gendarum,
1394 4610 1430 4668 et
1454 4597 1553 4691 quasi
1581 4597 1674 4664 viam
1701 4592 1919 4683 explicandi,
1951 4608 1987 4667 et
2019 4612 2128 4669 metas

128 4726 222 4797 qoam
238 4702 286 4771 ad
300 4698 507 4772 electionem
521 4723 651 4784 rerum,
673 4723 822 4793 quarum
839 4699 1098 4792 cumulus'pro-
1149 4701 1350 4772 dicentibus
1365 4710 1574 4770 monstrant.
1626 4691 1765 4764 Deinde
1781 4695 1893 4764 lector
1905 4697 1961 4765 vel
1985 4699 2128 4770 auditor

128 4805 252 4895 positus
272 4815 344 4887 est,
369 4813 410 4873 ut
432 4801 472 4869 iu
496 4795 653 4871 Ecclesia
677 4801 820 4871 docenti
842 4825 914 4871 uon
938 4814 1020 4873 sunt
1042 4825 1097 4871 res
1148 4803 1287 4892 singula
1302 4802 1461 4872 membra
1478 4797 1578 4892 quasi
1592 4800 1746 4867 detracta
1763 4809 1858 4866 veste
1873 4798 2068 4885 conferens,
2092 4816 2127 4873 et
2239 4872 2241 4876 ,

129 4904 372 4988 inveniendae,
395 4903 581 4983 nonenim
598 4902 775 4994 gignimus
795 4903 1011 4974 doctrinam:
1037 4904 1098 4973 sed
1148 4904 1339 4975 Dialectice
1354 4916 1561 4983 contexens,
1587 4898 1701 4982 videt,
1726 4922 1773 4967 an
1787 4912 1881 4969 recte
1905 4893 2126 4999 cohaereant,

129 5031 198 5080 cum
211 5029 293 5100 pars
308 5005 449 5098 aliquae
464 5005 667 5074 coelestium
681 5003 892 5075 concinnum
918 5003 1097 5097 proposita
1148 5019 1183 5077 et
1198 5030 1288 5100 quae
1304 5005 1461 5077 membra
1479 5002 1579 5071 firma
1603 5000 1676 5071 sint
1698 5013 1760 5070 aut
1782 4998 1935 5076 infirma.
1986 4997 2062 5073 Hac
2082 5007 2126 5074 de

74 5134 77 5189 ,
131 5123 190 5194 est,
219 5106 320 5200 eligit
352 5129 409 5176 res
434 5106 638 5197 praecipuas
660 5108 815 5197 prudens
839 5106 1032 5198 interpres,
1058 5121 1098 5179 et
1147 5131 1187 5178 re
1209 5122 1301 5180 extat
1323 5103 1568 5176 venustissima
1592 5100 1789 5174 admonitio
1810 5104 1904 5195 apud
1929 5099 2126 5191 Quintilia-

74 5204 79 5223 '
130 5209 489 5300 lodmoustrancquo
507 5207 633 5277 ordine
649 5209 721 5278 sint
737 5209 973 5298 explicandae,
989 5232 1097 5301 quae·
1147 5234 1247 5282 num.
1299 5204 1347 5279 Et
1364 5208 1451 5279 utile
1466 5218 1534 5290 est,
1560 5203 1773 5303 exemplaes
1789 5203 2010 5303 orationibus
2025 5203 2125 5293 Cice7

129 5315 225 5384 reuda
246 5309 429 5393 delinitio,
454 5308 637 5379 faciendae
659 5310 887 5400 partitiones,
921 5310 1097 5381 eruendae
1147 5311 1245 5381 conis
1262 5325 1296 5384 et
1311 5309 1462 5382 aliorum
1477 5304 1648 5404 proferri,
1673 5327 1763 5401 quae
1778 5306 2129 5378 osteudautnouso-

165 5417 339 5486 strum
360 5414 464 5482 Ocra.
486 5413 568 5480 Vos.
584 5411 678 5484 Xlll.
1565 5403 1616 5482 41
