4538 5754
54 277 134 350 sos
203 219 207 225 ’
680 269 725 346 ι.
784 265 1109 345 nnornuara
1139 263 1476 344 nrsuncuons.
1985 242 2081 353 ‘sss

53 453 165 540 figura
189 446 257 519 hoc
278 449 386 518 modo
407 446 580 538 applicet,
606 444 688 539 quia
712 445 868 516 ostendit
895 445 933 513 in
957 445 1043 513 sub·
1095 439 1275 535 Quicquid
1300 440 1433 511 dicitur
1457 439 1706 512 universaliter
1729 445 1774 513 de
1798 467 1944 535 genere,
1971 449 2017 518 id·
2033 451 2079 520 de

55 554 146 622 iccto
163 551 307 620 maioris
324 573 444 619 revera
459 546 597 617 includi
617 548 817 617 subiectum
841 546 1044 617 conclusio-
1094 544 1208 634 speeie
1235 543 1371 612 inclusa
1397 541 1435 610 in
1460 564 1587 639 genere
1609 544 1680 613 dici
1703 568 1842 616 necesse
1866 561 1929 620 est.
1981 547 2078 620 llaec
2141 574 2181 644 ss

55 653 124 722 nis.
158 650 211 722 lta
229 654 316 720 duas
331 648 590 742 propositiones
605 649 680 717 fieri
698 660 924 732 necesseest,
951 647 1044 717 inter
1094 645 1273 717 sententia
1284 666 1387 715 causa
1404 657 1475 724 est,
1502 657 1650 734 propter
1671 669 1776 737 quam
1797 649 1921 738 positis
1943 651 2076 720 maiore

55 778 92 824 se
108 755 290 823 devinctas
304 765 338 823 et
362 773 555 836 connexas,
585 751 735 841 repetito
757 751 894 835 medio,
918 761 959 819 ιιι
979 771 1042 839 ap-
1094 761 1128 819 et
1144 745 1283 816 minore
1298 746 1430 834 figura,
1456 767 1595 813 necesse
1609 757 1663 814 est
1679 759 1778 840 sequi
1801 750 2077 822 conclusionem.

55 868 178 945 parcat
192 853 328 924 includi
343 852 542 923 subiectum
563 850 802 921 conclusionis
818 850 856 920 in
881 849 1041 921 subiecto
1092 846 1139 920 Et
1155 841 1262 916 huius
1283 845 1452 938 principii
1475 845 1671 931 evidentia,
1697 872 1787 940 quae
1810 853 1964 922 ostendit
1990 877 2076 923 eon·
2114 883 2116 887 ⁷

55 956 217 1041 maioris,
240 968 296 1024 nt:

210 1051 349 1126 Omnes
370 1076 425 1123 res
448 1052 613 1124 conditae
634 1050 745 1123 aDeo
769 1051 807 1119 in
830 1062 957 1122 nutura
972 1047 1041 1122 hu-

264 1179 388 1235 mana,
414 1169 499 1225 sunt
516 1177 572 1223 res
590 1157 718 1225 bonae

211 1250 367 1352 στοργαὶ
394 1268 477 1325 sunt
503 1279 559 1325 res
583 1256 745 1328 conditae
767 1277 788 1323 a
811 1248 922 1324 Deo
910 1278 950 1322 ιιι
975 1249 1042 1323 ho·

262 1358 370 1430 mine.

56 1456 125 1528 His
141 1458 278 1528 duabus
294 1430 600 1550 propositionibus
611 1455 749 1550 positis,
774 1454 969 1525 necessario
987 1478 1040 1525 se·

56 1561 183 1652 quitur
197 1559 394 1629 conclusio.

210 1656 307 1749 Ergo
326 1655 481 1757 στοργαὶ
496 1673 579 1730 ιιιιιι
596 1681 651 1728 ιιι
667 1657 793 1729 bonae.

159 1757 245 1830 ldeo
260 1773 376 1830 autem
400 1762 559 1854 sequitur
583 1759 783 1840 conclusio,
810 1758 892 1851 qnia
915 1772 1041 1828 natura

56 1874 185 1930 notum
202 1874 272 1940 cst,
298 1862 479 1955 quicquid
485 1885 566 1931 vere
588 1874 622 1931 et
642 1861 890 1930 universaliter
915 1862 959 1928 de
981 1882 1041 1948 ge-

1092 948 1285 1020 clusionem
1304 946 1499 1017 necessario
1513 947 1634 1041 sequi,
1661 949 1836 1019 certitudo
1854 954 1989 1022 munita
2014 969 2076 1039 est,

1092 1049 1560 1132 etconbrmanturmentes,
1587 1062 1627 1119 ut
1652 1051 1728 1119 sine
1752 1051 1974 1122 dubitatione
1998 1079 2074 1123 am-

1090 1154 1289 1244 plectantur
1322 1150 1621 1243 consequentiam.
1658 1150 1790 1222 Plana
1829 1164 1863 1220 et
1894 1156 2075 1246 perspicua

1092 1266 1175 1324 sunt
1190 1275 1280 1345 quae
1297 1253 1395 1330 dico,
1422 1254 1483 1320 sed
1500 1264 1619 1321 tamen
1637 1254 1775 1323 accedat
1800 1254 1966 1340 attentio,
1991 1257 2074 1374 quia

1092 1367 1236 1447 propter
1251 1353 1440 1422 exilitatem
1457 1346 1544 1420 haec
1567 1353 1686 1424 minus
1707 1355 1928 1445 aspiciuntur
1951 1356 2042 1424 ab''
2017 1380 2074 1436 ιιι,

1091 1456 1152 1547 qui
1172 1478 1245 1522 non
1261 1453 1564 1547 quaeruntfontes
1586 1455 1780 1524 doctrinae.
1831 1454 1932 1527 Sicut
1955 1469 2074 1526 autem

1091 1552 1186 1626 hic
1176 1579 1213 1623 ιιι
1238 1578 1363 1645 genere
1384 1553 1520 1624 includi
1543 1556 1693 1646 speciem
1711 1555 1863 1641 dico,
1835 1579 1885 1624 sse
1899 1557 1943 1624 de
1959 1558 2074 1648 specie

1091 1660 1184 1727 etde
1200 1656 1388 1725 individuo
1406 1656 1559 1741 dicatur,
1585 1669 1620 1725 et
1636 1655 1748 1724 multo
1761 1657 1870 1745 magis
1885 1658 1929 1725 de
1945 1659 2074 1727 defini·

1093 1759 1188 1828 tione
1213 1772 1248 1827 et
1271 1758 1428 1827 delinito.
1478 1755 1569 1826 Nam
1588 1780 1667 1827 cum
1684 1756 1841 1826 delinitio
1858 1760 1902 1827 de
1927 1759 2072 1831 delinito
2100 1796 2102 1801 ·

1092 1860 1237 1943 dicitur,
1263 1858 1318 1926 vel
1343 1868 1502 1941 econtra,
1530 1858 1677 1948 perinde
1701 1871 1771 1942 est,
1797 1883 1836 1927 ac
1858 1860 1888 1928 si
1910 1860 2003 1950 idem
2029 1865 2073 1930 de

56 1985 142 2030 nere
165 1961 317 2043 dicitur,
347 1962 384 2031 id
408 1961 602 2054 praedicari
626 1964 670 2031 de
691 1961 806 2054 specie
835 1959 1012 2030 incluse
1001 1983 1040 2027 ιιι
1092 1964 1219 2053 seipso
1237 1960 1385 2029 dicatur.
1438 1955 1534 2026 llaec
1551 1959 1643 2026 insra
1658 1974 1812 2053 repetam
1829 1961 1866 2029 in
1883 1961 2072 2034 collatione

56 2084 195 2152 genere.
246 2059 344 2132 llaec
360 2063 466 2154 plana
482 2076 517 2134 ιι
537 2063 720 2155 perspicua
745 2077 829 2132 sunt
852 2061 1041 2132 mediocri-
1090 2064 1294 2152 figurarum.
1346 2059 1450 2129 Prius
1464 2058 1558 2127 enim
1574 2060 1753 2148 generales
1773 2063 1912 2150 regulas
1935 2063 1979 2131 de
2000 2064 2073 2158 syl-

55 2176 111 2233 ter
124 2162 328 2253 aspicienti,
353 2178 387 2234 et
402 2164 640 2235 consideranti
661 2164 823 2233 ordinem
842 2177 876 2234 et
897 2162 1040 2232 vincula
1091 2163 1267 2252 logismis,
1294 2175 1327 2232 et
1343 2162 1470 2250 figuras
1484 2183 1526 2259 ac
1538 2161 1662 2230 modos
1678 2162 1911 2233 recitabimus.
1946 2161 2073 2234 Postea

57 2264 356 2356 propositionum.
416 2263 457 2335 ln
483 2262 629 2335 Graecis
654 2259 876 2347 Rhetoricis,
911 2265 983 2333 imo
1006 2276 1041 2334 et
1091 2270 1135 2338 de
1153 2287 1255 2335 causa
1271 2263 1404 2344 dicam,
1431 2283 1539 2352 quare
1561 2272 1631 2330 tres
1655 2285 1729 2331 esse
1750 2262 1877 2352 figuras
1900 2278 2073 2355 oporteat,

58 2365 153 2456 apud
169 2361 408 2450 Aristotelem,
423 2366 538 2435 maior
551 2379 586 2436 et
600 2365 719 2434 minor
732 2365 1039 2438 vocanturoi‘ccor.
1091 2366 1153 2460 qui
1175 2365 1220 2434 sit
1239 2366 1327 2433 ordo
1353 2363 1391 2430 in
1413 2361 1562 2450 singulis
1584 2375 1617 2431 et
1640 2386 1729 2455 quae
1746 2365 1835 2434 rstio
1852 2382 2072 2458 consequen-

56 2463 186 2536 Postea
203 2479 328 2536 vocant
341 2461 563 2560 κρινόμενον
579 2467 618 2534 in
633 2468 835 2562 syllogismo
858 2490 935 2535 eam
957 2490 1040 2557 par·
1090 2470 1172 2540 tiae.
1224 2462 1328 2534 Nunc
1344 2476 1383 2532 ut
1399 2463 1525 2533 caeteri
1540 2460 1742 2549 Dialectici,
1768 2466 1923 2535 recitabo
1939 2468 2073 2536 doctri-

57 2581 146 2650 tem‚
174 2588 236 2636 seu
252 2590 326 2636 eam
344 2569 637 2659 propositionem,
659 2591 747 2660 quae
761 2567 895 2658 indiget
911 2568 1040 2636 confir·
1090 2592 1173 2637 uam
1187 2566 1346 2655 regulae,
1371 2563 1452 2634 Dici
1467 2565 1511 2633 de
1525 2563 1641 2648 omni,
1667 2588 1757 2658 quae
1775 2589 1919 2656 prorsus
1944 2591 1985 2636 ex
2007 2568 2072 2639 illo

56 2667 227 2746 macione,
253 2668 339 2736 alias
355 2670 537 2748 maiorem,
552 2667 637 2737 alias
653 2669 839 2743 minorem.
869 2665 1038 2760 Exposui,
1090 2671 1187 2739 fonte
1204 2667 1338 2750 oritur,
1362 2689 1467 2759 quem
1483 2667 1696 2750 monstravi,
1722 2668 1885 2738 videlicet
1902 2668 1941 2736 in
1959 2670 2074 2760 prima

59 2791 169 2861 quare
184 2791 323 2837 necesse
339 2770 385 2839 sit
401 2793 474 2838 esse
490 2773 578 2839 duas
599 2769 878 2861 propositiones,
904 2784 938 2840 et
960 2783 1039 2838 tan·
1089 2771 1199 2860 figura
1215 2768 1358 2860 procedi
1383 2790 1401 2834 a
1424 2788 1549 2854 genere
1572 2768 1617 2836 ad
1642 2767 1790 2856 speciem
1814 2769 2073 2846 universaliter.

59 2883 134 2938 tntn
160 2882 232 2939 tres
254 2870 443 2952 terminos,
484 2871 568 2965 qnia
593 2871 630 2938 in
656 2871 769 2960 prima
794 2871 904 2960 figura
928 2871 1039 2959 repeti
1090 2866 1235 2940 Ornant
1249 2867 1437 2959 splendido
1453 2867 1576 2951 titulo,
1600 2881 1727 2938 vocant
1744 2869 1838 2941 enim
1856 2869 2073 2963 principium

59 2969 215 3039 medium
240 2983 398 3060 oportet,
430 2985 470 3041 ut
498 2971 735 3063 conspiciatur
759 2971 894 3040 includi
918 2973 1039 3042 subis·
1091 2972 1344 3061 regnlativum,
1370 2966 1451 3036 Dici
1468 2969 1511 3035 de
1532 2968 1652 3052 omni,
1678 2969 1760 3060 quia
1776 2985 1826 3040 est
1842 2973 1931 3040 ordo
1950 2974 2072 3041 termi-

59 3084 152 3140 ctum
169 3070 406 3140 conclusionis
421 3073 459 3140 in
477 3073 634 3142 subiecto
648 3070 803 3141 maioris.
840 3071 931 3142 Nam
953 3073 1040 3141 alias
1090 3097 1219 3142 norum
1234 3073 1272 3140 in
1289 3069 1402 3161 prima
1418 3069 1544 3158 figura:
1571 3093 1753 3162 quaecum
1771 3071 1817 3140 sit
1827 3072 1976 3140 maxime
1988 3078 2073 3163 'per-

61 3172 172 3240 maior
196 3173 410 3264 propositio,
443 3196 533 3264 quae
559 3187 610 3242 est
631 3173 775 3242 initium
799 3175 1039 3244 confirmatio·
1090 3175 1228 3264 spicue,
1255 3173 1390 3250 dicunt,
1417 3183 1568 3239 caeteras
1578 3171 1707 3259 figuras
1721 3173 1923 3241 confirmari
1937 3187 1972 3243 et
1987 3174 2072 3243 illu-

61 3272 134 3358 nis,
158 3295 235 3341 non
249 3274 487 3364 applicaretur
502 3276 545 3343 ad
562 3275 838 3345 conclusionem.
1091 3275 1214 3359 strari,
1247 3297 1327 3343 cum
1355 3274 1575 3341 reducuntur
1596 3273 1640 3340 ad
1665 3271 1826 3362 primam.
1885 3270 1983 3343 llaec
2006 3277 2072 3344 etsi

375 3448 383 3464 ‚
939 3450 947 3466 .
1090 3399 1173 3446 vera
1187 3388 1281 3454 sunt,
1308 3387 1427 3445 temen
1442 3374 1590 3442 obscure
1605 3372 1785 3447 dicuntur.
1824 3373 1895 3446 Sed
1909 3373 2072 3467 planiora

102 3446 229 3527 Qum
250 3443 487 3539 Wll⁰tl⁸⁸m¹⁴⁸
511 3452 566 3515 ‘³⁸‘
589 3440 686 3517 lm
711 3443 1000 3540 mmmmm?
1091 3479 1177 3549 fient
1190 3474 1385 3569 conspectis
1404 3472 1599 3565 figurarum
1614 3473 1741 3548 causis.
2147 3486 2150 3491 ’

156 3574 394 3667 Praecipuum
418 3573 485 3648 hoc
508 3576 725 3650 Dialecticae
747 3602 836 3672 opus
861 3594 930 3665 est,
958 3607 1038 3653 mu-

62 3676 135 3747 nire
149 3678 398 3748 certitudinem
415 3681 772 3768 argumentationum,
791 3682 940 3751 ostensis
954 3707 1038 3753 cau-

61 3780 105 3848 sis
121 3780 406 3871 consequentiae.
460 3780 547 3849 Nam
563 3795 596 3851 et
616 3781 842 3851 mediocriter
862 3783 1038 3872 ingeniosi

62 3881 134 3950 sine
157 3880 270 3949 literis
292 3892 439 3971 possunt
459 3882 682 3965 ratiocinari,
712 3897 747 3952 et
773 3885 884 3955 multa
906 3887 1036 3956 similis

62 3982 231 4050 artificum
246 3982 370 4054 facere.
402 3979 472 4051 Sed
489 4004 610 4052 causas
625 4005 700 4051 non
715 3986 849 4068 vident,
873 4010 938 4056 cur
952 4012 1037 4058 con-

60 4081 262 4175 sequentiae
284 4083 441 4166 valeant,
466 4106 506 4152 ac
532 4097 717 4176 propterea
737 4109 838 4176 saepe
860 4089 1037 4175 deerraut,

46 4198 117 4254 -ant
132 4183 227 4252 male
238 4137 462 4254 cohaerentia
477 4185 631 4254 refutare
646 4209 719 4254 non
736 4200 896 4277 possunt,
922 4192 1036 4259 sontes

58 4284 164 4372 igitur
179 4285 219 4353 in
234 4293 310 4352 arte
323 4298 575 4359 monstrantur.
601 4284 649 4357 Ut
663 4300 778 4356 autem
794 4289 910 4358 valere
925 4288 1037 4361 arith-

58 4386 203 4454 meticos
226 4384 448 4478 syllogismos
468 4387 624 4457 ostendit
646 4388 844 4459 intellectus
875 4394 1036 4484 proposi·

59 4486 216 4569 tionum,
243 4487 306 4578 qui
321 4500 446 4557 natura
464 4488 502 4557 in
516 4490 694 4559 mentibus
711 4490 821 4571 lucet,
847 4505 902 4561 ut:

96 4654 99 4659 .
168 4608 172 4613 “
210 4585 291 4657 Una
306 4588 396 4657 libra
414 4613 511 4658 cerae
526 4592 619 4660 valet
633 4586 820 4672 drachma,

211 4683 281 4755 llic
297 4704 380 4761 sunt
393 4693 513 4760 decem
528 4692 657 4777 librae,
918 4683 922 4691 ’

208 4785 323 4878 lgitstr
335 4793 453 4861 valent
468 4794 586 4861 decem
603 4787 790 4862 drachmis.

159 4887 213 4961 lta
228 4889 268 4961 in
287 4891 366 4960 aliis
388 4895 546 4965 materiis
567 4895 656 4965 valet
680 4898 930 4988 consequentia
953 4924 1036 4991 pro·

57 5006 135 5084 pter
149 4992 325 5084 quaedam
339 4994 512 5086 principia
530 5009 654 5065 natura
672 5010 773 5081 nota,
800 5022 889 5089 quae
904 5025 1035 5071 conne-

56 5095 198 5164 xionem
211 5097 443 5163 necessariam
461 5096 634 5180 efficiunt,
661 5099 753 5166 utin
775 5100 938 5188 singulis
946 5103 1036 5192 figu-

57 5197 106 5265 ris
128 5195 330 5265 ostendam.
381 5195 434 5264 Ac
455 5220 552 5265 nunc
577 5198 752 5287 deprime
776 5199 886 5288 figura
908 5203 1034 5296 dicam,

57 5297 139 5388 quia
156 5296 277 5364 minus
289 5294 434 5365 videtur
448 5298 651 5386 confragosa
669 5301 867 5390 dispositio.
912 5307 954 5372 ln
969 5301 1035 5376 hac

57 5397 145 5467 ratio
160 5411 213 5471 est
226 5395 499 5492 consequentiae
513 5399 697 5472 manifesta
711 5415 749 5501 ιι
761 5400 908 5513 immota
933 5385 1041 5477 hacc:

1302 3646 1401 3734 Ouid
1421 3653 1556 3719 uocant
1578 3644 1657 3718 diei
1681 3644 1729 3718 de
1748 3642 1872 3718 omni?

1191 3785 1271 3854 Dici
1288 3787 1332 3852 de
1346 3782 1444 3852 omni
1468 3793 1538 3866 est,
1563 3782 1706 3874 quando
1727 3777 1820 3850 nihil
1842 3797 1957 3875 potest
1978 3788 2071 3856 sumi

1087 3888 1155 3956 sub
1170 3886 1326 3956 subiecto
1347 3884 1508 3967 maioris,
1534 3885 1580 3951 de
1597 3907 1667 3975 quo
1685 3907 1758 3952 ιιοιι
1774 3883 1914 3955 dicatur
1930 3890 2072 3976 praedi·

1088 4002 1204 4058 catum
1221 3987 1376 4069 maioris.
1428 3985 1570 4055 Dicide
1593 3985 1694 4054 nullo
1717 3997 1785 4067 est,
1811 3989 1954 4078 quaudo
1977 3984 2070 4056 nihil

1088 4092 1154 4159 sub
1170 4088 1328 4159 subiecto
1346 4087 1489 4155 maioris
1505 4086 1597 4155 sumi
1621 4100 1754 4179 potest,
1781 4109 1894 4180 aquo
1916 4111 1990 4156 non
2012 4112 2070 4158 re-

1088 4204 1273 4269 moveatur
1294 4188 1546 4281 praedicatum.

1116 4360 1214 4447 Ouid
1239 4359 1372 4432 docent
1398 4370 1438 4432 et
1465 4357 1536 4454 quo
1561 4347 1757 4453 pertinent
1780 4355 1853 4428 tae
1879 4357 2056 4455 regulae?

1192 4492 1350 4589 Proprie
1360 4494 1629 4585 dispositionem
1644 4493 1778 4583 primae
1792 4489 1934 4579 figurae,
1951 4505 1984 4561 ct
1995 4515 2068 4561 ιιοιι

1088 4597 1238 4666 aliarum
1254 4598 1459 4668 ostendunt.
1511 4591 1559 4666 Et
1573 4596 1645 4661 duo
1663 4605 1845 4684 praecepta
1870 4593 2066 4665 continent.

1071 4698 1269 4785 atterum,
1300 4699 1430 4790 quod
1419 4721 1490 4766 ram
1513 4695 1615 4765 toties
1639 4695 1733 4778 dixi,
1760 4694 1798 4762 in
1820 4693 1933 4784 prima
1955 4694 2067 4786 figura
2148 4749 2150 4756 .

1087 4800 1231 4892 procedi
1247 4824 1266 4871 a
1280 4822 1407 4889 genere
1422 4800 1467 4867 ad
1481 4795 1649 4887 speciem.
1676 4797 1725 4865 ita
1741 4789 1799 4864 hic
1815 4795 1946 4866 dicitur
1961 4821 2068 4888 opor-

1087 4917 1161 4972 tere
1182 4902 1377 4972 subiectnm
1402 4897 1552 4970 minoris
1571 4921 1653 4967 vere
1677 4895 1875 4966 includito
1909 4897 2067 4968 subiecto

1087 5004 1241 5075 maioris.
1295 4999 1458 5071 Alterum
1480 5011 1704 5091 praeceptum
1728 5010 1796 5082 est,
1826 5012 1867 5069 ut
1886 4998 2000 5068 maior
2022 5000 2066 5071 sit

1087 5104 1308 5202 universalis,
1324 5102 1517 5195 etquidem
1534 5101 1705 5193 complete
1719 5099 1938 5172 universalis.
1969 5098 2067 5171 Con-

1087 5194 1305 5297 gruiti‘gitur
1322 5199 1390 5274 hoc
1413 5215 1636 5294 praeceptum
1653 5215 1783 5273 etcum
1800 5200 1996 5290 puerilibus
2010 5227 2067 5271 re-

1073 5308 1194 5398 gulis:
1237 5304 1291 5377 Ex
1332 5306 1432 5396 puris
1466 5303 1739 5424 particularibus
1772 5298 1863 5371 nihil
1896 5303 2066 5393 sequitur.

1087 5407 1193 5481 ιιιιιι·
1220 5407 1274 5481 Νι
1288 5408 1361 5480 sint
1376 5409 1497 5502 plures
1514 5406 1657 5478 termini
1672 5404 1710 5474 in
1736 5401 1945 5498 syllogismo
1966 5424 2087 5488 quarn

1512 5499 1596 5583 bb*
1655 5498 1658 5503 ’
