4538 5754
117 232 194 362 sss

117 459 284 532 ciendum
310 458 404 543 esse,
436 453 643 548 praesertim
666 479 747 526 cum
770 456 815 525 de
835 445 959 548 'aliqua
980 479 1020 524 re
1042 456 1111 525 do-

119 585 197 632 cere
215 554 382 630 homiues
398 558 503 628 volet
557 556 640 645 Quo
664 546 791 648 genere
813 559 965 627 multum
987 557 1026 626 iu
1041 553 1111 626 Ec-

119 662 238 733 clesiis
266 674 301 730 et
323 661 362 728 in
385 654 527 730 Scholis
549 661 723 729 utendum
746 671 809 729 est.
861 654 909 728 Et
931 659 1111 727 suasoriae

120 786 245 834 causae
280 760 393 831 multa
428 773 638 831 mutuantur
677 784 703 830 a·
730 782 858 851 genere
885 759 1109 828 didascalico.

120 865 233 956 Saepe
255 861 352 932 enim
377 861 416 930 in
440 862 673 931 deliberando
703 863 748 930 de
776 861 898 954 aliquo
927 859 1110 930 communi

119 966 198 1035 loco
231 965 331 1056 prius
358 963 578 1053 disputatur,
610 985 716 1055 quam
748 962 834 1055 quid
864 961 911 1031 sit
933 962 1108 1052 agendum

125 1065 368 1138 constituitur.
420 1061 566 1133 Utrum
585 1066 630 1132 de
647 1063 740 1133 bello
757 1061 911 1133 Turrico
935 1063 1110 1131 delibera-

121 1192 212 1251 mus,
240 1166 346 1235 initio
361 1165 513 1235 docendi
526 1180 611 1237 sunt
626 1161 799 1248 homines,
825 1165 921 1257 quod
937 1158 1110 1235 Christia-

120 1294 168 1338 no
184 1269 290 1338 liceat
314 1267 406 1336 bella
426 1287 563 1354 gerere,
585 1280 620 1334 et
633 1263 731 1335 Deus
755 1265 980 1356 praeceperit.
997 1264 1109 1354 magi·

120 1369 311 1451 stratibus,
336 1381 377 1438 ut
389 1366 576 1437 latrocinia
593 1367 794 1458 depellant,
822 1374 941 1456 po'stea
956 1365 1109 1437 incitan-

119 1473 155 1540 di
173 1485 257 1542 sunt
277 1468 455 1561 principes
469 1470 515 1537 ad
531 1468 666 1538 bellum
683 1467 960 1558 suscipiendum.

393 1640 454 1710 De
477 1659 615 1734 genere
641 1637 833 1724 iudiciali.

222 1771 368 1839 Veteres
384 1770 571 1861 praecipue
592 1783 737 1862 propter
758 1765 854 1838 hunc
877 1791 980 1839 usum
1005 1788 1108 1834 exco-

120 1877 322 1966 gitaverunt
338 1865 558 1955 rhetoricen,
582 1884 621 1941 ut
639 1861 889 1963 praepararent
904 1869 1109 1939 adolescen-

122 1992 174 2046 tes
192 1975 236 2043 ad
251 1975 381 2042 forum.
408 1989 409 1993 ’
432 1969 517 2041 ldeo
540 1985 613 2042 tota
636 1974 709 2041 fere
730 1968 906 2042 rhetorica
928 1968 1109 2039 consumi·

120 2092 181 2148 tur
200 2076 238 2143 in
263 2069 320 2142 his
343 2074 553 2163 praeceptis,
578 2074 623 2142 de
642 2074 835 2144 tractandis
858 2068 1108 2142 controversiis

118 2176 332 2248 forensibus.
383 2172 488 2243 Nunc
504 2175 570 2244 etsi
585 2175 702 2264 imago
718 2176 891 2266 quaedam
906 2171 1034 2242 veteris
1049 2192 1108 2239 ar-

119 2279 218 2352 tilicii
241 2276 381 2367 reliqua
397 2288 450 2345 est
465 2275 504 2343 in
519 2277 617 2359 foro,
641 2288 760 2345 tamen
777 2296 900 2344 causas
921 2285 1031 2362 agunt
1046 2269 1106 2342 lu·

118 2376 343 2459 risconsulti,
389 2376 452 2469 qni
489 2373 662 2447 adhibent
693 2375 847 2445 multum
875 2399 916 2443 er
939 2397 1001 2443 sua
1033 2385 1108 2443 arte

118 2484 309 2574 plaeraque
324 2489 442 2546 tamen
458 2472 667 2546 arhetorica
683 2478 835 2546 mutuati
851 2490 936 2547 sunt
959 2474 1014 2542 illi
1039 2473 1106 2564 ipsi

119 2583 327 2673 scriptores,
366 2600 457 2670 quos
487 2578 610 2668 legunt
632 2577 888 2648 Iurisconsulti.
947 2575 1017 2646 Sed
1041 2597 1108 2643 nos

119 2684 295 2756 tradimus
309 2674 397 2748 haec
411 2692 615 2770 praecepta,
640 2679 696 2748 vel
719 2679 764 2747 ad
789 2678 996 2748 iudicandas
1017 2676 1106 2744 alio·

118 2809 197 2855 rum
213 2781 394 2871 oratione,
414 2781 471 2848 vel
486 2793 527 2850 ut
543 2781 648 2849 etiam
664 2780 882 2848 instruamus
903 2779 1106 2848 adolescen-

118 2901 168 2957 tes
183 2886 228 2955 ad
246 2881 505 2954 controversias
519 2881 558 2950 in
571 2877 743 2971 Epistolis
759 2882 975 2971 tractandas,
1002 2892 1038 2949 et
1058 2880 1102 2947 ad

120 2985 352 3058 ecclesiastica
384 2985 542 3073 negocia.
598 2979 689 3051 Nam
716 2982 975 3073 disputationes
995 2980 1105 3050 eccle-

119 3076 297 3172 siasticae,
322 3107 449 3175 magna
467 3108 508 3154 ex
525 3096 624 3175 parte
639 3082 911 3155 similitudinem
928 3083 1105 3174 quandam

118 3187 253 3260 habent
281 3186 477 3256 forensium
510 3184 757 3253 certaminum.
824 3182 1108 3274 interpretantur

118 3292 216 3362 enim
231 3290 344 3383 leges,
369 3286 571 3357 dissolvunt
585 3279 820 3378 ἅντινομίας,
846 3285 1011 3357 videlicet
1025 3307 1107 3352 sen-

117 3393 266 3474 tentias,
299 3412 388 3482 quae
412 3388 622 3479 inspeciem
645 3409 804 3478 pugnare
826 3387 1012 3470 videntur,
1045 3408 1106 3453 ex·

117 3496 254 3586 plicant
269 3491 452 3579 ambigua,
477 3490 656 3559 interdum
680 3489 725 3557 de
739 3488 838 3567 inre,
864 3489 1043 3557 interdum
1062 3488 1106 3555 de

116 3599 208 3666 lacto
223 3592 426 3683 disputant,
449 3602 626 3684 quaerunt
638 3590 813 3660 factorum
831 3589 991 3658 consilia.
1021 3584 1105 3655 ldeo

115 3693 183 3767 hoc
196 3715 311 3785 genus
327 3693 365 3761 in
382 3687 438 3761 his
452 3692 582 3762 nostris
598 3692 779 3775 moribus,
805 3690 910 3762 etiam
933 3711 1103 3777 magnum

116 3794 222 3868 babet
236 3817 352 3867 usum.
399 3791 468 3864 Sed
484 3806 523 3862 nt
539 3814 666 3881 genere
682 3792 841 3861 iudiciali
860 3792 946 3863 certi
964 3791 1033 3860 loci
1049 3811 1105 3858 as·

116 3898 251 3990 signari
266 3895 420 3988 possint,
447 3895 552 3963 initio
569 3893 823 3964 discernuntur
837 3906 956 3965 status.

427 4104 430 4111 ·
480 4066 541 4136 De
561 4061 739 4176 statibus.

215 4201 326 4273 Nulla
342 4221 423 4292 pars
445 4198 531 4270 artis
556 4197 667 4288 magis
689 4198 882 4268 necessaria
904 4209 974 4282 est,
996 4219 1103 4288 quam

114 4317 299 4402 praecepta
324 4304 369 4372 ds
390 4300 557 4399 statibus,
581 4299 618 4367 in
643 4299 774 4393 quibus
796 4294 863 4369 hoc
885 4299 1040 4389 primum
1064 4321 1104 4366 ac

116 4408 347 4502 praecipuum
363 4414 434 4485 cst,
459 4400 554 4475 utin
571 4407 670 4470 omni
684 4400 850 4490 negocio,
874 4423 935 4470 seu
958 4411 1104 4468 contro·

114 4511 226 4580 versia
257 4505 457 4592 diligenter·
476 4503 757 4586 consideremus,
797 4502 878 4594 quis
907 4501 955 4571 sit
980 4508 1103 4585 status,

116 4608 181 4682 hnc
197 4623 271 4693 est,
295 4630 386 4700 quae
399 4604 445 4672 sit
464 4604 672 4695 principalis
687 4605 867 4696 quaestio,
892 4626 953 4671 seu
971 4626 1103 4693 propo-

116 4716 214 4792 sitio,
248 4732 337 4803 quae
359 4706 520 4775 continet
542 4728 717 4775 summam
741 4704 895 4792 negocii,
927 4704 973 4772 ad
996 4726 1101 4797 qnam

114 4814 235 4888 omnia
251 4820 460 4899 argumenta
474 4807 656 4877 referenda
669 4820 770 4891 sunt,
795 4806 951 4875 velutad
967 4805 1102 4895 princi·

113 4918 229 5009 palem
246 4910 537 4982 conclusionem,
557 4907 664 4980 Nulla
679 4907 918 4979 controversia
937 4906 1102 4995 intelligi,

114 5014 208 5088 nihil
240 5015 367 5083 ordine
399 5010 587 5101 explicari,
617 5009 706 5090 dici,
737 5023 800 5080 aut
821 5008 956 5100 percipi
977 5020 1102 5099 potest,

753 278 817 358 lV.
857 276 1144 357 ELEMENTA
1187 277 1525 358 Rfluuotttctts
1667 307 1670 313 ·

2072 284 2166 396 ἰεοΙ

1161 455 1353 525 constituta
1376 466 1445 538 est,
1470 454 1609 547 deque
1634 452 1825 526 dicendum
1853 454 1918 540 sit,
1943 457 2057 527 oratio
2073 482 2148 531 non

1161 556 1272 646 magis
1288 550 1472 645 cohaeret,
1499 579 1605 648 quam
1622 556 1685 624 illa
1706 559 1800 649 apud
1814 554 2008 627 Horacinm
2032 560 2157 652 pictu··
2199 572 2203 591 “

1161 681 1218 742 ra,
1251 658 1382 750 inqua
1406 652 1563 726 humano
1586 658 1692 747 capiti
1716 659 1887 728 cervicem
1909 660 2025 751 pictor
2046 663 2147 755 equi·
2188 659 2191 672 '

1161 782 1244 828 nam
1262 760 1362 830 addit
1386 771 1452 828 etc.
1506 757 1558 828 lta
1579 759 1787 849 interpretes
1802 757 1926 846 Pauli,
1952 762 2035 854 quia
2058 785 2147 833 nns-
2235 832 2262 855 „

1161 884 1268 953 quam
1284 852 1566 951 excerpebantex
1576 860 1649 928 ulla
1663 861 1901 952 disputatione
1916 874 2045 932 certam
2062 887 2146 954 prn-

1161 962 1393 1052 positionem,
1428 984 1494 1030 nec
1521 961 1708 1047 videbant,
1748 964 1928 1055 quomodo
1956 966 2001 1033 ad
2031 984 2145 1035 unum

1161 1063 1304 1156 aliquod
1321 1075 1427 1153 caput
1442 1064 1740 1132 accommodanda
1759 1077 1872 1135 essent
1894 1054 2014 1134 omnia
2033 1086 2145 1156 argu·

1159 1179 1297 1243 menta,
1323 1174 1398 1234 toto
1413 1164 1512 1232 coelo
1529 1186 1550 1231 a
1565 1164 1736 1234 sententia
1756 1166 1989 1237 εἰιειιειιειιι.ι
2030 1163 2146 1236 lntcr-

1160 1266 1246 1335 dum
1264 1265 1369 1335 etiam
1385 1266 1561 1333 enarratio
1572 1267 1750 1355 pugnabat
1767 1290 1845 1335 cum
1861 1280 1996 1347 autore.
2024 1264 2145 1353 Quare

1160 1366 1349 1456 diligenter
1362 1366 1616 1435 assuefaciendi
1641 1381 1723 1436 sunt
1747 1367 2005 1452 adolescentes,
2030 1369 2070 1436 in
2092 1369 2144 1438 ls-

1159 1465 1283 1556 gendis
1297 1467 1510 1537 disertorum
1528 1467 1752 1537 orationibus
1774 1490 1814 1536 ac
1834 1458 2161 1560 disputationibus

1161 1582 1198 1639 ut
1213 1582 1342 1639 statum
1366 1582 1558 1661 quaerant,
1584 1579 1625 1638 ut
1649 1568 1687 1635 in
1712 1569 1902 1638 scribendo
1925 1594 1965 1638 ac
1989 1570 2142 1641 dicendo

1159 1671 1418 1761 propositiones
1443 1669 1678 1753 constituant,
1710 1682 1745 1739 et
1767 1672 1810 1738 ad
1840 1665 1904 1739 has
1937 1683 2143 1760 argumenta
2195 1687 2206 1745 ·.

1159 1772 1435 1840 accommodent.
1487 1767 1716 1860 Praeceptum
1747 1766 1815 1840 hoc
1842 1770 1920 1840 leve
1941 1795 1981 1840 ac
2006 1773 2142 1862 puerile

1158 1871 1301 1943 videtur
1315 1871 1352 1939 in
1367 1870 1532 1962 speciem,
1549 1872 1609 1940 sed
1626 1870 1815 1941 utilitatem
1827 1867 1933 1942 habet
1942 1872 2143 1947 maximam.
2166 1870 2169 1874 ⁴

1158 1967 1212 2042 Ac
1227 1995 1356 2063 paucos
1368 1971 1549 2052 invenies,
1569 1972 1630 2064 qui
1647 1971 1684 2039 in
1700 1973 1851 2044 dicendo
1864 1975 2063 2054 observent,
2080 1973 2143 2066 qui

1157 2075 1344 2144 consulant
1368 2074 1500 2165 seipsos
1522 2072 1609 2165 quid
1630 2073 1761 2143 dicturi
1783 2075 1873 2158 sint,
1899 2096 1988 2166 qnae
2014 2074 2061 2145 sit
2082 2074 2141 2144 fu·

1157 2189 1235 2246 tura
1252 2175 1389 2264 negocii
1407 2197 1554 2243 summa.
1587 2171 1784 2267 Siquando
1806 2174 2013 2267 amphoram
2039 2175 2142 2244 insti-

1157 2289 1282 2362 tuunt,
1314 2290 1355 2348 ut
1376 2272 1521 2345 Horacii
1544 2275 1660 2346 verbis
1681 2290 1844 2362 utamur,
1877 2289 2040 2347 currente
2064 2290 2168 2347 rota
2207 2330 2213 2340 ,

1157 2391 1274 2448 ιοιιιειι
1291 2399 1416 2446 urceus
1432 2377 1515 2447 exit.

1257 2475 1382 2571 Neque
1403 2502 1487 2547 vero
1511 2480 1785 2567 tantumstatus
1812 2478 2054 2549 observandus
2077 2494 2141 2565 est,
2207 2552 2215 2568 ,

1156 2580 1218 2647 sed
1241 2581 1324 2672 quia
1349 2603 1433 2649 vero
1456 2579 1635 2672 quaelibet
1658 2578 1918 2663 controversia,
1940 2605 2052 2650 uuum
2074 2581 2142 2650 ali·

1156 2703 1261 2773 quem
1276 2681 1504 2771 praecipuum
1523 2680 1767 2774 syllogismum
1782 2679 1961 2760 continet,
1987 2683 2050 2775 qui
2066 2706 2142 2751 ma·

1155 2782 1249 2851 xime
1281 2782 1398 2851 munit
1421 2794 1569 2862 statum,
1602 2782 1632 2849 is
1649 2804 1796 2873 quoque
1824 2780 2008 2852 dialectico
2040 2807 2141 2853 more

1155 2882 1311 2951 breviter
1327 2884 1565 2973 excerpendus
1582 2897 1644 2966 est,
1667 2897 1708 2951 ut
1724 2883 1820 2950 nuda
1838 2904 1877 2950 ac
1893 2884 2013 2953 brevia
2028 2909 2140 2953 mem·

1157 2983 1220 3052 bra
1238 2983 1436 3063 intuentes,
1463 2982 1593 3052 rectius
1609 2983 1769 3052 iudicare
1784 2981 1970 3073 possimus.
2019 2983 2140 3072 Quare

1155 3079 1314 3155 rhetores
1336 3085 1546 3154 indiderunt
1570 3084 1717 3154 nomina
1743 3085 1903 3175 partibus
1932 3084 2139 3178 syllogismi.

1155 3185 1275 3256 Status
1307 3200 1358 3257 εει
1389 3185 1580 3265 conclusio.
1642 3184 1729 3255 Nam
1760 3184 1940 3253 conclusio
1973 3201 2023 3256 est
2053 3211 2139 3278 pro-

1155 3287 1283 3377 positio
1311 3286 1537 3378 principalis,
1589 3300 1669 3376 post
1704 3285 2046 3375 argumentationem
2083 3310 2140 3358 re·

1156 3388 1274 3477 petita.
1332 3384 1382 3459 Ει
1401 3402 1530 3460 statum
1552 3389 1639 3457 alias
1663 3400 1790 3457 vocant
1808 3379 2031 3482 asperitates,
2072 3412 2139 3459 vo·

1155 3501 1236 3559 cant
1252 3502 1286 3559 ει
1296 3482 1501 3578 ὑπόθεσιν,
1527 3512 1589 3558 seu
1608 3482 1865 3580 ὑποκείμενον,
1892 3491 1988 3559 unde
2008 3491 2140 3561 mansit
2233 3517 2240 3528 ·

1155 3613 1287 3659 nomen
1300 3590 1449 3661 subiecti
1467 3591 1506 3658 iu
1521 3585 1670 3674 scholis,
1696 3613 1761 3679 pro
1781 3590 1926 3659 materia
1949 3605 1983 3660 ει
2001 3614 2139 3661 summa

1155 3691 1284 3779 operis.
1334 3690 1509 3761 Maiorem
1526 3704 1559 3760 ει
1575 3691 1749 3760 minorem
1765 3704 1892 3760 vocant
1909 3692 2040 3766 αἴτιον.
2092 3693 2136 3762 In

1154 3785 1210 3860 his
1235 3793 1362 3876 altera,
1393 3793 1437 3861 de
1459 3816 1528 3884 qua
1551 3791 1732 3860 dimicatio
1754 3805 1825 3876 est,
1854 3804 1889 3861 et
1914 3817 1984 3886 qua
2006 3793 2138 3863 confir-

1155 3906 1268 3979 mata,
1303 3893 1483 3962 conclusio
1514 3892 1554 3962 fit
1579 3891 1704 3981 plana,
1738 3904 1884 3962 vocatur
1903 3888 2138 3989 κρινόμενον,

1153 4007 1194 4063 ιιι
1207 4017 1272 4085 pro
1288 3993 1428 4065 Milone
1446 4006 1556 4084 status
1576 4006 1638 4067 est.
1690 3990 1783 4064 Milo
1804 3992 1971 4064 Clodium
1997 3996 2137 4081 occidit,

1154 4095 1275 4168 αἴτιον
1296 4109 1364 4182 εει,
1396 4096 1468 4165 vim
1492 4096 1527 4163 vi
1553 4095 1723 4186 repellere
1747 4097 1842 4172 licet.
1901 4095 1994 4167 Milo
2018 4110 2134 4168 autem

1154 4198 1227 4267 vim
1243 4199 1279 4265 vi
1302 4197 1446 4290 repulit.
1498 4195 1541 4265 In
1564 4193 1621 4267 his
1636 4196 1756 4268 minor
1777 4210 1829 4268 est
1850 4196 2001 4288 incerta,
2029 4217 2134 4290 quam

1152 4299 1183 4367 si
1206 4299 1316 4368 iudici
1340 4299 1541 4390 probaverit
1555 4296 1699 4384 Cicero,
1724 4298 1816 4368 Milo
1833 4296 1961 4372 vincet.
2014 4296 2137 4391 Itaque

1153 4399 1191 4467 in
1207 4395 1275 4469 hoc
1291 4400 1515 4495 syllogismo,
1539 4401 1659 4469 minor
1672 4415 1723 4471 est
1736 4389 1969 4494 κρινόμενον.
2021 4397 2136 4470 luter-

1153 4502 1236 4571 dum
1250 4504 1364 4572 maior
1378 4516 1429 4572 est
1445 4493 1677 4594 κρινόμενον.

1303 4600 1539 4693 Evangelium
1556 4626 1629 4672 non
1647 4600 1769 4670 abolet
1787 4599 1942 4689 polilias.

1307 4703 1446 4775 Tenere
1463 4704 1665 4796 proprium,
1692 4713 1743 4770 εει
1758 4723 1813 4768 res
1826 4701 1980 4791 politica.
2026 4735 2027 4739 ¹

1303 4807 1419 4897 Igitur
1434 4802 1666 4894 Evangelium
1690 4826 1765 4871 non
1789 4815 1884 4872 vetat
1906 4817 2024 4872 tenere
2047 4819 2132 4888 prn-

1355 4908 1487 5000 prium.
1784 4952 1787 4959 ·

1252 5006 1321 5078 Hic
1335 5008 1451 5077 maior
1466 5019 1518 5074 est
1530 4996 1759 5099 κρινόμενον.
1802 5001 1892 5071 Nam
1908 4997 2048 5070 homini
2063 4997 2131 5064 im·

116 5120 185 5188 uisi
204 5115 441 5187 constituatur
455 5111 573 5202 aliqua
591 5110 799 5201 propositio,
821 5133 912 5202 quae
927 5132 1100 5179 summam
1150 5111 1264 5200 perito
1279 5109 1537 5181 ostendendum
1553 5119 1622 5185 est,
1647 5107 1742 5198 quod
1761 5098 1996 5191 Evangeliu'm
2010 5101 2133 5168 doceat

117 5241 241 5289 causae
263 5205 547 5304 comprehendat.
607 5217 658 5280 Ac
678 5235 780 5303 saepe
802 5213 841 5281 in
865 5211 1099 5281 concionibus
1149 5212 1195 5279 de
1212 5211 1285 5281 vita
1300 5225 1461 5294 aeterna,
1487 5220 1523 5277 et
1537 5206 1669 5276 iustitia
1684 5205 1800 5275 cordis
1815 5208 1893 5293 erga
1909 5199 2035 5273 Deum.
2069 5196 2130 5264 ln·

117 5321 344 5389 indoctorum
359 5313 508 5384 iudicari
524 5326 653 5405 potest,
679 5327 810 5406 quanta
828 5309 935 5383 buius
955 5335 1099 5403 praece·
1149 5312 1252 5382 terim
1268 5312 1356 5380 loris
1370 5312 1489 5381 iubeat
1501 5332 1566 5378 nos
1580 5307 1636 5378 uti
1658 5306 1811 5397 politicis
1834 5297 2130 5377 ordinationibus,

118 5421 170 5509 pti
185 5419 245 5488 vis
261 5414 329 5501 sit,
350 5414 430 5502 ubi,
453 5429 638 5509 postquam
660 5415 760 5485 nulla
781 5426 874 5498 certa
901 5413 1096 5506 propositio
1149 5413 1240 5484 sicut
1259 5413 1358 5500 cibo,
1382 5426 1488 5505 potu,
1513 5411 1616 5495 aire,
1642 5420 1677 5478 ει
1691 5408 1770 5476 εΙίἰε
1787 5402 1975 5476 bonis'Dei·
1992 5408 2129 5469 creatu-
