4538 5754
152 282 227 357 498
770 280 850 359 tv.
900 280 1176 357 stastatuta
1204 278 1537 357 RHETOPleliS.
2084 282 2169 361 'tte

152 450 361 536 sententias,
385 474 492 544 quam
509 451 699 541 diligenter
720 466 929 523 conservent
955 456 1133 535 derorum,
1186 467 1408 536 mutuemur,
1440 455 1501 521 sed
1524 445 1690 542 phrasin,
1718 447 1785 521 hoc
1808 466 1878 538 est,
1903 454 2024 527 iuncta
2051 458 2169 544 verba,

152 567 287 648 quanto
311 553 461 649 consilio
482 551 674 644 disponant
696 562 812 643 partes
828 552 867 621 iu
885 555 1010 625 causis.
1063 552 1133 623 Ubi
1185 552 1303 645 qualia
1318 566 1416 623 sunt:
1443 557 1528 624 dare
1542 554 1726 634 damnum,
1748 553 1862 624 iacere
1875 557 2058 644 damnum,
2080 559 2168 629 dare

96 706 100 741 ,
153 667 364 746 praeparent
385 653 607 737 auditorem,
638 654 701 723 ubi
726 668 892 739 narrent,
922 654 987 725 ubi
1009 651 1131 743 dispu-
1184 653 1309 739 verba,
1335 656 1420 721 dare
1434 654 1472 722 in
1496 676 1614 723 casum
1638 654 1912 743 rempublicam,
1935 658 2038 749 'rapio
2061 660 2167 729 dolo-

96 750 99 815 i
152 768 243 839 tent,
268 753 333 825 ubi
346 755 502 831 celotesst
514 755 772 839 adversarium,
796 756 977 849 quomodo
992 754 1030 827 in
1052 751 1131 842 epi·
1183 777 1269 827 rem.
1309 751 1391 827 Non
1407 755 1502 823 cuim
1517 754 1684 823 elicimus:
1711 755 1803 844 cepit
1823 779 1878 825 sne
1895 758 2019 845 dolor,
2044 775 2079 832 et
2096 755 2165 831 hue

97 902 100 913 ·
151 856 241 945 logis
258 856 395 944 addant
416 868 535 926 motus
558 867 594 925 et
619 855 763 924 affectos
786 855 952 925 orationi.
1008 852 1131 944 ltaque
1181 878 1292 943 genus
1306 854 1456 924 infinita.
1506 852 1629 947 Neque
1643 854 2052 948 enimquaelibetooces
2077 884 2166 931 con-

96 918 101 1027 l
144 956 218 1025 -ctsi
234 976 328 1025 unus
340 953 464 1027 Cicero
478 954 778 1025 maximeexccllit
790 956 895 1025 etiam
916 957 956 1023 in
979 950 1035 1024 his
1055 954 1129 1021 sir·
1182 955 1281 1043 iungi
1297 954 1423 1023 solcut.
1447 1014 1449 1019 .
1474 952 1702 1025 Consuetudo
1718 954 1826 1045 igitur
1839 952 2001 1031 Romana
2021 960 2060 1029 in
2080 985 2164 1030 ver.

151 1057 305 1141 tutibus,
329 1068 447 1127 tamen
461 1055 523 1125 alii
537 1079 679 1150 quoque
696 1080 768 1125 non
786 1057 901 1133 solnm
910 1055 1041 1133 Latini,
1067 1054 1127 1121 sed
1181 1054 1237 1123 bis
1251 1055 1439 1143 iungendis
1452 1054 1622 1124 imitanda
1638 1068 1700 1128 est.
1750 1054 1842 1125 Nam
1864 1070 1898 1127 et
1918 1058 2086 1147 graeca'et
2107 1062 2162 1131 la-

150 1170 184 1227 et
199 1154 329 1227 Graeci
345 1178 504 1225 exercere
519 1169 555 1226 et
567 1178 691 1227 acuere
710 1158 886 1227 studiosos
907 1166 1073 1247 possum.
1097 1153 1128 1221 si
1181 1154 1255 1225 tina
1276 1155 1419 1243 lingua,
1444 1155 1548 1225 initio
1572 1157 1619 1225 ita
1650 1169 1834 1248 corruptae
1861 1157 2047 1241 videntur,
2075 1158 2162 1233 'cum

96 1234 100 1373 l
150 1259 247 1326 locos
262 1270 368 1347 atque
383 1256 529 1325 consilia
546 1278 669 1326 eorum
692 1256 729 1325 in
753 1258 969 1327 inveniendo
992 1280 1033 1325 ac
1054 1254 1130 1323 dis-
1180 1269 1316 1326 exterae
1333 1256 1578 1325 nationes‘una
1595 1280 1675 1325 cum
1686 1256 1851 1348 imperiis
1866 1250 1924 1327 eas
1941 1260 2080 1348 linguas
2102 1285 2161 1332 ae·

96 1398 100 1469 q
143 1359 316 1448 ,ponendo
332 1354 525 1428 imitentur.
575 1352 625 1428 Et
644 1357 1037 1447 interdum-gloriosum
1060 1354 1127 1425 erit
1180 1357 1354 1447 ciperem,
1379 1370 1413 1426 et
1429 1356 1546 1425 verbis
1564 1358 1708 1449 quidem
1731 1357 1834 1426 bonis
1857 1371 2054 1431 uterentur.
2088 1360 2162 1433 Ne-

96 1480 100 1521 t
141 1482 205 1527 ‚res
235 1458 375 1525 easdem
400 1456 548 1546 abillis
580 1472 737 1549 sumptas
766 1460 810 1528 ad
837 1472 988 1537 ssostras,
1005 1476 1127 1527 causas
1179 1479 1248 1550 que
1263 1457 1358 1526 enim
1375 1455 1662 1542 aliaaudiersnt,
1685 1458 1746 1527 sed
1773 1458 1811 1525 in
1834 1458 2014 1549 iungendo
2037 1458 2161 1554 pecea-

96 1616 100 1629 .
148 1570 227 1648 apte
249 1556 450 1632 transferre.
501 1554 810 1645 Quemadmodum
831 1561 942 1637 multa
967 1557 1128 1628 videmus
1178 1572 1269 1629 rent.
1319 1554 1514 1629 lnusitatus
1529 1557 1624 1626 enim
1641 1560 1831 1628 verborum
1848 1583 2056 1647 concursus,
2083 1566 2159 1631 non

97 1646 100 1687 ³
147 1658 356 1729 Ciceronem
383 1657 429 1728 ab
460 1654 632 1743 iocerne,
663 1654 856 1731 aPlatone
889 1673 925 1732 et
949 1683 970 1729 a
993 1656 1127 1729 Damo-
1169 1659 1294 1727 solum
1316 1658 1558 1747 confragosam
1583 1672 1618 1728 et
1642 1659 1828 1729 obscuram
1853 1661 2070 1747 orationem,
2095 1668 2158 1732 sed

96 1810 104 1855 3
148 1754 492 1850 sthene-sumpsisse.
549 1755 764 1853 Quanquam
794 1755 861 1831 hoe
887 1760 998 1851 magis
1025 1780 1127 1853 prae-
1178 1781 1323 1849 prorsus
1337 1780 1467 1828 novam
1480 1759 1638 1849 lingssam
1652 1758 1756 1849 parit.
1786 1758 1908 1852 ltaque
1922 1760 2158 1853 quodCaesar

147 1861 313 1929 standum
330 1871 398 1942 est,
423 1871 464 1929 ut
477 1857 654 1929 diseamus
671 1860 801 1931 similia
817 1862 1058 1952 exemplorum
1072 1858 1127 1948 gi·
1178 1858 1268 1929 dixit
1279 1852 1487 1929 inusitatum
1502 1859 1650 1929 verbum
1664 1882 1737 1927 non
1753 1859 2160 1955 aliteratquescopuluns

138 1980 273 2048 gssere,
304 1956 395 2029 sicut
416 1957 503 2028 boni
526 1958 677 2052 pictores
699 1987 774 2032 uon
802 1974 1031 2041 mutuantur,
1064 1959 1125 2027 sed
1177 1958 1384 2048 fugiendum
1398 1981 1484 2029 esse.
1517 1956 1616 2028 Idem
1638 1960 1683 2029 de
1699 1958 1814 2039 verbis
1829 1952 1950 2032 eontra
1967 1978 2159 2034 consuetu·

146 2059 332 2131 imitantur
346 2061 478 2129 sormss
493 2082 533 2129 ae
547 2075 664 2149 gestus
678 2062 837 2135 virorum
855 2082 1056 2152 corporum.
1178 2059 1297 2127 dinem
1314 2060 1465 2144 iunctis,
1487 2058 1649 2150 ,praecipi
1675 2058 1881 2129 iudicemus.
1938 2062 2035 2133 Idem
2056 2077 2090 2134 et
2111 2068 2157 2134 de

247 2156 313 2229 Est
337 2171 372 2228 et
395 2159 568 2246 generalis
588 2163 761 2252 quaedam
783 2161 933 2233 imitatio
953 2158 1125 2257 elocutio·
1177 2154 1394 2251 metaphoris
1415 2158 1638 2230 sentiendum
1672 2171 1744 2237 est.
1777 2183 1926 2251 quarum
1955 2162 2095 2236 novitas
2121 2179 2157 2233 et

147 2260 212 2344 nis,
238 2260 395 2351 quodad
410 2260 675 2347 grammaticum
689 2282 887 2331 sermonem
903 2262 1040 2347 attinet,
1061 2258 1125 2355 qui
1176 2260 1365 2330 ambiciosa
1379 2274 1449 2347 est,
1475 2272 1511 2329 et
1524 2259 1723 2329 orationem
1741 2261 1859 2330 reddit
1872 2262 2071 2337 obscuram.
2105 2260 2156 2335 Et

137 2376 219 2430 «non
239 2359 356 2429 solum
377 2358 489 2429 latina
517 2360 643 2445 verba,
666 2363 727 2431 sed
751 2361 857 2431 etiam
878 2356 1024 2452 phrasin
1039 2359 1125 2429 lati·
1175 2383 1282 2450 supra
1304 2361 1476 2439 diximus.
1502 2361 1742 2429 verecundum
1763 2383 1865 2430 usum
1889 2357 2156 2453 huius'generis

145 2482 227 2530 nam
245 2459 405 2551 requirit.
453 2455 546 2528 Cum
565 2460 661 2529 euim
677 2457 744 2531 hoe
757 2473 916 2555 tempore
931 2474 1004 2533 tota
1020 2460 1124 2531 nobis
1175 2482 1249 2531 esse
1264 2462 1405 2533 debere.
1455 2458 1547 2531 Nam
1562 2459 1677 2530 oratio
1694 2482 1819 2549 magna
1835 2483 1876 2531 ex
1892 2476 1990 2553 parte
2010 2464 2156 2557 proprio

144 2560 254 2631 latins
267 2559 391 2648 lingua
405 2581 447 2629 ex
462 2558 563 2629 libris
579 2561 746 2632 discenda
759 2575 830 2648 est,
854 2562 957 2632 lacile
971 2560 1123 2631 iudicari
1175 2584 1338 2633 sermone
1352 2572 1511 2632 coartare
1531 2560 1647 2639 debet.
1697 2558 1780 2630 Non
1807 2561 1916 2650 igitur
1936 2564 2157 2635 discedamus

144 2672 260 2751 potest
278 2660 317 2729 iss
340 2655 406 2728 hac
426 2672 526 2752 parte
545 2663 777 2733 neeessariam
791 2686 865 2733 csse
878 2663 1124 2745 imitationem,
1155 2687 1195 2731 -a
1218 2658 1401 2733 Ciceronis
1422 2674 1553 2745 aetate,
1577 2685 1597 2730 a
1620 2683 1709 2753 qua,
1740 2660 1769 2730 si
1793 2664 1916 2745 verba,
1951 2660 2097 2755 phrasin
2120 2679 2157 2736 et

145 2773 332 2830 uteertum
347 2761 519 2831 mentonis
534 2784 662 2850 genus,
688 2766 783 2856 quod
800 2765 933 2858 ubique
956 2778 990 2834 et
1003 2763 1122 2832 omni·
1174 2764 1301 2851 figuras
1324 2783 1523 2846 susnemus,
1555 2762 1670 2830 oratio
1702 2762 1773 2830 erit
1797 2762 1924 2853 plana,
1957 2766 2155 2857 aequabilis

144 2862 210 2931 bos
233 2860 407 2931 aetatibus
433 2861 585 2949 intelligi
608 2865 718 2952 possit
739 2865 842 2933 nobis
866 2884 1121 2954 comparemus.
1174 2861 1423 2954 etperspieua,
1447 2857 1540 2930 nihil
1555 2854 1939 2951 hahebitambiguum,
1965 2866 2155 2936 autambi·

144 2960 345 3049 Quisenim
365 2960 533 3050 intelligit
557 2962 659 3048 istos,
684 2963 745 3056 qui
770 2980 967 3053 genuerunt
987 2987 1121 3031 novum
1173 2964 1267 3031 eiose
1282 2963 1502 3045 affectatum,
1526 2959 1766 3055 quodoitium
1786 2960 1991 3035 nouaclum
2009 2967 2047 3037 iu
2071 2989 2153 3036 ora·

143 3062 321 3155 quoddam
342 3062 514 3132 memonis
535 3084 663 3153 genus,
688 3064 810 3154 quales
824 3076 926 3144 sunt,
952 3060 1122 3148 Thomas,
1172 3062 1442 3147 tioneollendit,
1466 3063 1526 3132 sed
1542 3061 1645 3131 etiam
1663 3059 1784 3151 prodit
1800 3061 1932 3151 ingenii
1950 3066 2154 3137 vanitatem.

142 3164 289 3246 Scotsss,
321 3176 356 3234 et
375 3162 520 3233 similes.
577 3161 680 3233 Certa
703 3165 812 3252 igitur
832 3177 927 3237 aetas
954 3178 1119 3234 autorum
1173 3162 1296 3254 ltaque
1319 3163 1363 3232 de
1387 3158 1453 3231 hae
1477 3160 1631 3250 generali
1653 3160 1853 3232 imitatione
1875 3158 2034 3257 phrasis,
2060 3180 2153 3235 recte

141 3265 302 3353 eligenda
324 3278 392 3347 est,
416 3262 480 3356 q'ui
501 3264 743 3356 propriissime
757 3278 792 3336 et
807 3264 995 3356 purissime
1009 3263 1120 3333 locuti
1172 3263 1330 3334 iudicant
1355 3262 1523 3331 nonnulli
1550 3263 1664 3332 bonos
1693 3284 1817 3333 omues
1845 3261 2037 3336 imitandos
2067 3288 2153 3341 esse.

140 3377 236 3437 sunt.
295 3361 350 3433 Ae
375 3363 529 3449 irretit,
568 3377 608 3435 ut
630 3364 902 3455 prudentissime
925 3365 1120 3457 loquantur
1171 3362 1260 3434 Nam
1283 3386 1482 3434 sermonem
1503 3362 1631 3432 melius
1659 3360 1847 3448 discimus,
1877 3390 1958 3434 cum
1988 3366 2152 3458 pluribu's

139 3466 265 3550 etiam,
288 3464 350 3557 qui
366 3464 491 3535 dicunt
510 3466 708 3557 purissime.
757 3462 879 3553 Quare
901 3465 947 3534 ab
967 3459 1023 3534 his
1045 3488 1119 3533 non
1171 3464 1483 3556 colloquentes,'si
1499 3477 1617 3536 tamen
1634 3463 1817 3533 emendate
1832 3464 2044 3559 loquantur.
2071 3466 2182 3541 Non.

139 3579 277 3636 tantum
299 3586 434 3650 sermo,
460 3571 519 3637 sed
535 3566 679 3636 interim
691 3588 748 3635 res
761 3589 903 3659 quoque
918 3566 1119 3652 cognitione
1171 3565 1267 3633 enim
1284 3587 1434 3634 numero
1450 3564 1544 3635 inter
1558 3564 1690 3648 bonos,
1710 3575 1772 3635 aot
1795 3564 1875 3634 illos
1897 3566 2036 3657 ineptos
2059 3566 2154 3637 anti·

100 3700 105 3713 ·
138 3666 266 3757 dignae
288 3665 383 3735 sumi
411 3681 566 3759 qucum.
615 3668 763 3738 Constat
792 3680 911 3743 autem
935 3664 1119 3737 Ciceronis
1170 3663 1318 3758 quitatis
1341 3679 1534 3748 amatores,
1565 3663 1630 3756 qui
1662 3659 1836 3733 horribile
1866 3668 2046 3758 qudddam
2068 3684 2153 3737 'ser-

137 3780 271 3850 aetste,
303 3766 541 3858 eloquentiam
564 3765 764 3839 Romanam
788 3768 976 3859 perlectam
999 3765 1116 3839 inisse.
1170 3764 1286 3834 monis
1302 3787 1412 3853 genus
1427 3759 1579 3847 lsabent,
1603 3764 1700 3853 quod
1718 3762 1900 3835 Ciceronis
1912 3779 2024 3837 aetate
2048 3790 2153 3861 pror-

137 3866 293 3938 Proinde
322 3879 438 3937 totum
462 3868 554 3936 illud
578 3869 735 3939 seculum
769 3868 876 3939 nobis
901 3867 1116 3937 imitandum
1149 3882 1228 3935 'sus
1243 3866 1458 3949 exoleverat,
1484 3876 1543 3933 aut
1560 3858 1638 3946 hos,
1663 3862 1725 3955 qui
1741 3877 1819 3955 post
1828 3864 2046 3955 Quintiliani
2062 3870 2151 3940 terri-

137 3989 398 4061 proponamus,
422 3968 586 4041 videlicet
600 3968 825 4049 Ciceronem,
851 3966 1057 4053 Caesarem,
1083 3982 1117 4038 et
1169 3989 1256 4059 pora
1273 3966 1483 4049 extiterunt,
1508 3962 1570 4057 qni
1584 3962 1717 4033 iudicio
1733 3964 1839 4055 lapsi,
1863 3989 2036 4038 summam
2052 3970 2152 4059 inge-

137 4070 242 4158 paolo
272 4070 489 4162 superiorem
520 4065 576 4138 his
598 4068 830 4153 Terentium,
869 4080 903 4136 et
933 4069 1117 4161 aliquanto
1169 4067 1221 4136 nii
1234 4068 1374 4139 laudem
1390 4065 1616 4136 crediderunt
1640 4086 1713 4133 esse
1721 4114 1733 4148 ,
1760 4060 1856 4137 nihil
1881 4068 2089 4160 simpliciter
2110 4092 2152 4139 ac

137 4169 338 4239 inferiorem
359 4166 514 4240 Livium.
570 4168 698 4241 Plauto
724 4169 830 4237 etiam
860 4163 954 4236 nihil
977 4169 1117 4239 facilius
1167 4169 1311 4260 proprie
1336 4166 1480 4253 efferre,
1511 4178 1547 4237 et
1569 4164 1698 4256 figuras
1719 4166 1862 4256 gignere
1877 4193 1982 4263 quam
1998 4169 2151 4239 maxime

139 4283 196 4343 est.
248 4267 435 4359 Legendns
456 4281 507 4338 est
525 4281 558 4337 et
580 4268 766 4339 Salustius.
815 4268 888 4340 Sed
909 4268 948 4336 in
963 4263 1018 4338 his
1034 4292 1115 4341 eum
1167 4267 1402 4360 prodigiosas,
1430 4292 1502 4359 qno
1525 4288 1652 4356 genere
1676 4266 1837 4338 delectati
1860 4281 1942 4339 sunt
1965 4267 2151 4359 Apuleius,

139 4370 281 4463 antiqua
303 4383 338 4439 et
358 4368 516 4439 obsoleta
539 4373 710 4460 quaedam
736 4370 842 4439 verba
860 4382 978 4439 extent
992 4370 1114 4439 obser·
1167 4368 1357 4451 Sidonius,
1381 4369 1494 4439 etalii
1512 4365 1629 4437 multi.
1683 4364 1946 4441 iurisconsultis
1965 4391 2048 4438 vero
2073 4392 2150 4439 mc.

140 4472 290 4539 randum
311 4483 384 4550 est.
409 4470 498 4562 quid
516 4469 686 4561 receperit
707 4467 850 4555 Cicero,
881 4464 986 4562 quem
1017 4470 1116 4539 velut
1165 4470 1235 4540 rito
1251 4468 1423 4539 tribuitur
1436 4469 1513 4555 laus
1536 4466 1674 4557 proprii
1695 4468 1887 4553 sermonis,
1911 4493 2020 4562 quare
2041 4470 2149 4541 etiam

141 4564 381 4640 Aristarchum
405 4571 615 4662 scriptorum
637 4570 822 4655 omnium,
855 4570 961 4640 nobis
981 4570 1114 4640 eonsti—
1165 4566 1194 4638 si
1211 4582 1356 4661 propter
1370 4591 1488 4639 rerum
1503 4567 1743 4656 cognitionem
1758 4590 1833 4637 non
1849 4568 2069 4658 legerentur,
2092 4576 2148 4643 ta-

141 4682 289 4741 tusmus.
345 4669 485 4741 Plinius
503 4693 622 4742 rerum
644 4670 815 4740 voeabula
839 4670 947 4741 nobis
970 4694 1112 4741 conscr-
1165 4692 1248 4739 men
1264 4683 1409 4763 pmpter
1426 4669 1555 4741 latinae
1571 4668 1712 4756 linguae
1727 4669 1979 4760 proprietatem
2004 4669 2147 4763 legendi

142 4771 248 4852 ravit,
272 4770 337 4841 etsi
353 4793 466 4862 genus
481 4772 654 4841 sermonis
668 4794 742 4842 non
757 4771 942 4865 probatur.
994 4768 1112 4858 Quin·
1164 4784 1275 4841 aaut.
1882 4765 1885 4771 ’

143 4871 279 4943 tilisnus
297 4872 439 4943 videtur
460 4872 625 4945 studium·
639 4870 776 4965 proprii
803 4870 978 4941 sermonis
1001 4871 1114 4941 maxi-
1265 4870 1336 4943 Sed
1353 4885 1491 4963 praeter
1504 4866 1595 4939 hane
1612 4868 1809 4959 generalem
1827 4869 2063 4945 imitationem
2088 4872 2148 4942 in·

144 4994 231 5043 soum
256 4967 438 5057 habuisse,
463 4996 528 5043 nec
544 4972 795 5043 dissimulatae
811 4986 976 5042 conatum
995 4965 1112 5041 homi·
1164 4970 1360 5052 censionis,
1399 4970 1661 5063 dispositionis,
1700 4972 1915 5056 verborum,
1950 4968 2088 5061 phrasis
2103 4987 2147 5045 'et

144 5094 196 5143 stes
215 5087 373 5143 amantes
392 5073 463 5143 iam
484 5074 641 5166 corrupti
664 5071 855 5152 sermonis,
887 5076 931 5141 ad
957 5085 1110 5142 veterem
1163 5071 1374 5161 figurarum,
1400 5072 1561 5163 specialis
1576 5074 1748 5171 quaedam
1769 5085 1821 5143 est
1834 5073 1985 5143 imitatio
2002 5071 2148 5145 Cicero·

144 5174 381 5265 proprietatem
404 5197 581 5247 revocare.
636 5174 696 5245 ab
720 5167 777 5242 his
798 5172 907 5262 igitur
928 5172 1112 5243 autoribus
1162 5173 1292 5242 nianae
1305 5172 1594 5264 compositionis,
1618 5174 1664 5241 de
1683 5196 1752 5266 qua
1776 5173 1871 5244 inter
1891 5175 2014 5243 doctos
2038 5198 2148 5269 quae-

144 5270 251 5365 lingur
275 5273 381 5343 uobis
402 5274 571 5345 discenda
600 5287 672 5355 est,
703 5294 784 5345 ensn
816 5268 874 5343 bis
902 5274 1112 5368 colloquen-
1160 5273 1242 5342 dam
1265 5274 1505 5345 controversia
1525 5286 1594 5357 est,
1623 5285 1744 5344 utrum
1768 5298 1898 5365 operae
1919 5273 2077 5364 precium
2099 5275 2147 5344 sit

142 5372 229 5449 dum.
259 5371 383 5469 Neque
402 5388 540 5448 tantum
561 5373 702 5467 singula
727 5373 834 5445 vohs
859 5380 880 5445 'a
903 5374 1022 5447 aceolo
1044 5374 1110 5445 illo
1159 5373 1200 5443 iss
1221 5394 1263 5445 ea
1287 5373 1458 5446 imitanda
1481 5374 1676 5447 elaborare.
1735 5370 1799 5445 Est
1829 5374 1927 5445 enim
1955 5374 2150 5467 peculiaris
2199 5424 2206 5435 -
