4538 5754
75 263 139 342 us
290 300 298 308 -
512 217 514 220 Α
799 266 847 349 11.
896 267 1049 346 utaau
1079 238 1146 344 aa
1179 214 1410 346 Auium
1835 268 1896 337 A
2013 281 2089 356 teo

73 439 248 531 pientem,
280 438 429 524 iustum,
461 439 615 511 iudicem
642 452 676 512 et
699 439 877 513 vindicem
900 463 990 526 esse,
1022 453 1056 512 et
1106 437 1264 520 Malum,
1289 438 1382 509 iufra
1404 438 1579 526 dicemus,
1600 452 1635 511 ει
1657 440 1746 510 alibi
1756 440 1795 510 in
1808 439 1945 517 Etbicis
1960 439 2103 521 recita

72 555 108 613 ut
125 541 299 626 sciamus,
325 563 392 610 uos
412 540 602 632 imaginem
618 542 690 613 Dei
706 566 800 631 esse,
825 554 861 613 et
877 540 1056 627 eumimi-
1105 555 1176 614 tur.
1232 539 1338 611 Nunc
1358 553 1540 635 utcunque
1559 542 1753 635 specierum
1776 547 1947 619 vocabula
1969 549 2085 621 decla·

10 706 12 731 ,
71 641 134 715 tari
150 641 296 711 debete.
1105 642 1272 715 rabimus.
2088 685 2108 719 0

167 738 229 810 Ad
264 737 359 811 banc
388 743 708 816 considerationem
731 741 797 814 Dei
827 755 862 814 et
892 741 1055 837 politicae
1203 741 1360 813 Laeticia
1374 755 1566 827 astitimus,
1591 766 1662 836 quo
1674 742 1978 837 coracquiescitin
1990 746 2085 819 bono

68 842 336 935 gubernationis
375 843 574 914 deducendi
613 857 696 917 sunt
739 840 922 926 homiues,
971 867 1052 914 cum
1105 842 1296 930 praesenti,
1329 861 1361 913 et
1385 856 1435 914 est
1460 844 1637 929 dilatatio,
1668 867 1738 936 qua
1761 869 1822 914 cor
1844 845 1940 916 velut
1961 847 2087 939 accipit

70 966 187 1015 causas
214 955 398 1036 utcunque
422 946 645 1016 considerare
666 947 827 1032 student,
859 966 968 1039 quare
990 945 1054 1013 ad·
1103 942 1197 1012 iutra
1225 963 1319 1028 sese,
1350 944 1389 1014 ef
1416 945 1640 1035 amplectitur
1668 944 1864 1031 obiectum,
1894 959 1935 1018 ut
1963 971 2085 1018 amans

69 1046 176 1115 factus
193 1042 234 1111 in
248 1044 355 1113 nobis
369 1045 504 1115 conditi
519 1047 603 1118 sint.
649 1045 1054 1135 NonagnosciturDeus
1103 1042 1253 1114 laetatur
1266 1043 1479 1134 amplectens
1495 1045 1659 1136 puellam,
1682 1068 1828 1139 eamque
1844 1047 1941 1116 velut
1956 1047 2085 1118 adiun-

67 1170 88 1215 a
107 1143 231 1225 coelo,
257 1167 278 1214 a
301 1156 414 1230 terra,
438 1170 457 1216 a
476 1147 607 1238 plantis
628 1161 661 1218 et
678 1148 892 1239 pecudibus,
916 1143 1054 1216 etiamsi
1103 1164 1183 1232 gere
1208 1143 1327 1227 cordi,
1360 1145 1509 1215 et'intra
1534 1168 1596 1214 cor
1617 1146 1773 1236 accipere
1794 1159 1953 1218 conatur.
2011 1146 2085 1218 Nec

67 1242 309 1316 eiobediuut.
360 1243 431 1315 Sed
454 1249 597 1338 angelos
620 1260 656 1318 et
677 1243 839 1317 homiues
860 1248 910 1316 ita
928 1245 1052 1315 condi·
1103 1243 1221 1313 verbis
1245 1245 1514 1337 descriptionem
1533 1245 1761 1316 illustriorem
1776 1248 1916 1318 tradere
1931 1268 2084 1339 possum,

67 1346 138 1431 dit,
160 1359 207 1416 ut
229 1343 315 1417 velit
338 1367 375 1416 se
396 1348 441 1415 ab
468 1348 517 1417 eis
541 1349 694 1438 agnosci.
746 1347 844 1420 Fecit
865 1347 974 1437 igitur
994 1368 1053 1414 eos
1103 1345 1163 1412 sed
1178 1367 1283 1414 seusu
1303 1345 1515 1415 discernitur
1528 1346 1903 1422 laeticiaamoesticia.
1953 1343 2084 1420 Etdis·

64 1459 213 1517 naturas
240 1445 496 1536 intelligentes,
527 1462 562 1520 et
583 1449 745 1519 attribuit
766 1471 908 1518 normas
928 1445 1052 1516 iudicii
1102 1444 1236 1513 crimen
1259 1467 1332 1515 esse
1353 1442 1450 1515 Deus
1478 1445 1611 1531 voluit,
1636 1460 1675 1518 ut
1700 1460 1811 1518 autea.
1827 1448 1917 1534 diri,
1943 1461 1983 1519 ut
2005 1448 2084 1518 aliis

67 1561 180 1618 certas
210 1546 370 1621 noticias.
434 1547 533 1619 Sicut
563 1548 782 1638 magistratui
811 1550 904 1639 leges
934 1547 1052 1618 tradit.
1102 1546 1207 1615 rebus
1228 1545 1343 1616 iuvari
1364 1560 1548 1628 naturam,
1573 1547 1651 1616 aliis
1675 1548 1797 1639 puniri
1818 1561 1852 1621 et
1866 1548 2000 1620 destrui
2015 1549 2083 1619 sci-

66 1644 140 1717 Nec
169 1669 256 1716 vero
288 1648 570 1736 legum‘utilitas
597 1664 702 1735 esset,
737 1650 807 1718 nisi
829 1649 1052 1738 magistratus
1100 1668 1227 1720 remus.

65 1758 266 1839 protegeret
294 1761 388 1818 recta
415 1748 599 1832 facientes,
632 1764 667 1820 et
690 1751 866 1821 contraria
887 1749 1052 1818 fatientes
1203 1744 1256 1817 Ac
1286 1748 1332 1816 de
1363 1747 1499 1817 laeticia
1522 1749 1763 1820 consideretur
1785 1772 1899 1819 causa.
1957 1746 2083 1819 Voluit

65 1848 219 1920 tolleret.
275 1845 328 1918 lta
349 1848 427 1918 vult
447 1846 543 1922 Deus
566 1850 604 1919 in
628 1851 705 1939 ipso
726 1846 872 1920 homine
893 1872 966 1918 esse
987 1850 1051 1917 ad·
1099 1843 1196 1916 Deus
1208 1846 1345 1917 laeticia
1362 1848 1503 1917 dilatari
1512 1873 1584 1939 cor,
1609 1863 1649 1920 ut
1661 1851 1814 1942 primum
1827 1863 1861 1921 et
1871 1863 1953 1921 ante
1962 1847 2084 1919 omnia

63 1950 175 2018 fectus
186 1961 356 2040 tanquam
371 1963 571 2020 executores
583 1953 812 2034 notitiarum,
837 1951 913 2018 vult
928 1946 1051 2018 laetari
1100 1943 1215 2017 Deum
1238 1947 1354 2039 ipsum
1377 1948 1558 2039 acciperet·
1610 1947 1675 2021 Est
1698 1964 1813 2021 autem
1828 1948 1924 2021 Deus
1940 1951 2032 2020 vitae
2046 1962 2082 2021 et

67 2050 189 2129 corda,
216 2046 297 2118 cuin
321 2049 464 2120 noticiis
486 2065 579 2121 recta
600 2051 897 2144 praecipientibus
913 2052 1048 2118 obtem·
1100 2048 1246 2139 quietis,
1280 2071 1355 2117 non
1386 2048 1635 2120 destructionis
1663 2065 1777 2124 autor.
1830 2048 1913 2121 ldeo
1945 2050 2082 2121 laeticia

66 2169 241 2239 petamus.
310 2147 437 2219 Voluit
459 2150 507 2220 ita
531 2151 651 2222 vivere
675 2165 709 2223 et
729 2151 930 2221 conservari
957 2144 1048 2218 hanc
1100 2143 1168 2218 hoc
1193 2150 1301 2219 modo
1329 2149 1471 2219 condita
1495 2165 1565 2235 εει,
1599 2151 1737 2221 etiamsi
1759 2175 1855 2221 nunc
1877 2152 2019 2244 quidem
2043 2151 2082 2218 in

65 2263 230 2321 naturam
253 2248 443 2321 laetantem
465 2252 646 2341 agnitione
661 2250 748 2334 Dei,
773 2267 809 2322 et
825 2249 1049 2343 acquiescen-
1098 2244 1165 2319 hac
1187 2263 1336 2320 naturae
1359 2251 1609 2341 depravatione
1631 2253 1796 2323 turbatus
1815 2264 1866 2322 est
1881 2253 2082 2322 adfectuum

66 2364 134 2420 tem
153 2350 194 2418 in
208 2346 297 2424 Deo.
347 2347 488 2422 Rursus
507 2352 611 2422 etiam
634 2352 711 2423 vult
734 2352 771 2421 in
795 2352 960 2423 cordibus
982 2375 1049 2419 no-
1097 2350 1198 2423 ordo.

68 2451 145 2522 suis
163 2450 326 2520 vindices
344 2473 417 2520 esse
431 2451 589 2542 ingentes
606 2464 741 2535 motus,
766 2454 828 2547 qui
840 2447 1049 2522 coherceant
1198 2447 1378 2522 Contrarii
1405 2452 1577 2537 adfectus,
1612 2453 1675 2546 qui
1698 2454 1886 2524 destruunt
1907 2466 2082 2535 naturam,

65 2575 147 2636 nos,
180 2564 217 2622 et
242 2551 396 2642 puniant
415 2551 506 2623 facta
531 2566 653 2623 contra
675 2554 799 2644 legem.
864 2550 953 2622 Vult
975 2574 1048 2621 esse
1098 2563 1180 2622 sunt
1193 2552 1360 2634 notiores,
1380 2552 1584 2638 uttristicia‚
1603 2553 1721 2639 timor,
1743 2554 1795 2624 ira
1810 2568 1844 2626 et
1858 2554 2004 2624 similes.

64 2653 219 2722 fflfflffl
240 2651 316 2722 im
337 2665 370 2721 0¹
391 2652 545 2738 d⁰l⁰rlss
571 2656 856 2746 quaedetlruanl
873 2667 1047 2732 naturam,
1195 2661 1261 2736 Est
1286 2665 1396 2756 igitur
1423 2667 1570 2738 tristicia
1598 2681 1713 2737 motus
1738 2667 1875 2752 cordis,
1891 2663 1972 2762 'quo
2000 2690 2081 2758 per.-

63 2766 252 2845 P⁰⁸lq¹¹³¹¹¹
272 2776 348 2822 ¹¹⁰ss
369 2753 533 2843 mugivit
553 2756 596 2823 ad
612 2755 819 2847 ⁸³Pl⁰¹¹¹l²tm
836 2768 871 2827 el
884 2776 1045 2823 normam
1098 2787 1236 2836 nassum
1263 2791 1323 2836 cor
1345 2768 1482 2838 obiecto
1504 2767 1665 2857 ingrato,
1697 2769 1974 2859 constringitur,
1999 2792 2081 2860 pre-

63 2853 235 2928 divina¹¹¹·
294 2851 349 2928 11³
368 2850 478 2939 Cain,
508 2852 614 2940 Saul,
647 2854 752 2926 Ῑΰᾶὃδ
775 2869 809 2926 el
830 2854 962 2925 simil&
985 2854 1047 2923 de·
1097 2866 1227 2951 mitur,
1251 2869 1371 2939 tremit
1394 2880 1428 2938 et
1448 2869 1615 2956 languent
1632 2869 2079 2942 cumacrisensudoloris.

64 2952 318 3025 struuntur-ira
333 2968 366 3056 et
381 2954 505 3025 dolore
520 2968 598 3046 port
612 2957 751 3029 scelera.
798 2955 847 3028 Ut
860 2955 968 3045 igitur
981 2978 1047 3023 no·
1097 2964 1150 3035 Ac
1173 2966 1243 3035 nisi
1265 2968 1401 3038 desinat
1424 2968 1591 3052 tristicia,
1615 2971 1759 3038 tandem
1775 2993 1836 3039 cor
1851 2971 2078 3041 tumefactum

61 3055 303 3133 ῑῐιῐῦῐῦωδθῦ
318 3053 641 3144 legemexetutffless
655 3055 693 3126 ln
706 3057 810 3127 mltis
826 3069 959 3140 θῦδθῐῑῑ,
983 3056 1047 3124 ad·
1097 3067 1325 3154 extinguitur.
1376 3065 1446 3138 Hic
1468 3068 1642 3139 cruciatus
1664 3067 1766 3138 nobis
1787 3069 1923 3141 inditus
1944 3081 2014 3153 est,
2038 3083 2080 3137 ut

61 3157 217 3228 fectuum
236 3153 336 3244 ignes
352 3155 456 3226 nobis
469 3155 568 3229 insiti
586 3173 679 3229 sunt.
1097 3181 1131 3237 ει
1158 3183 1272 3237 metus
1299 3168 1410 3238 futuri
1441 3169 1528 3239 mali
1555 3191 1620 3238 nos
1643 3164 1844 3255 coherceat,
1877 3185 1912 3242 et
1934 3168 2080 3240 tristicia

158 3254 281 3325 Huius
302 3278 424 3324 causae
445 3256 680 3327 consideratio
705 3254 804 3326 utilis
826 3269 897 3340 est,
928 3268 963 3325 et
984 3255 1047 3324 de·
1098 3283 1242 3359 propter
1269 3269 1495 3359 praeteritum
1524 3270 1657 3338 malum
1685 3271 1731 3342 sit
1761 3271 1891 3342 vindex
1912 3284 1946 3343 et
1965 3291 2079 3361 poena
2176 3340 2180 3345 ,

60 3354 158 3426 ducit
177 3377 248 3425 uos
259 3356 306 3425 ad
320 3349 570 3451 archetypum,
594 3371 629 3428 et
645 3370 765 3449 postea
787 3356 898 3426 multa
915 3370 1047 3440 monet,
1096 3371 1283 3454 scelerum,
1306 3383 1343 3442 et
1358 3369 1455 3441 testis
1472 3369 1596 3439 iudicii
1612 3367 1692 3441 Dei.

60 3458 104 3525 de
126 3456 259 3527 ordine
275 3456 495 3542 adfectuum,
520 3480 625 3552 quem
641 3458 802 3529 conditor
817 3455 987 3541 instituit,
1012 3468 1047 3525 et
1198 3483 1301 3556 Unde
1327 3499 1445 3556 ,mem
1468 3500 1519 3557 ,st
1540 3487 1580 3556 qn
1604 3487 1759 3559 laeticia,
1780 3488 1933 3560 suavita,
1985 3503 2019 3559 ,t
2041 3488 2080 3556 3„

59 3558 101 3624 de
128 3556 343 3627 confusione
370 3557 528 3644 ordinis,
561 3580 650 3650 quae
674 3570 793 3650 postea
816 3569 962 3650 sequuta
985 3569 1046 3629 est.
1095 3586 1241 3658 “faida
1257 3587 1456 3659 cruciatus?
1941 3540 1951 3574 ’

62 3658 113 3726 Ac
135 3657 291 3728 studiosi
313 3656 503 3748 diligenter
523 3654 610 3728 haec
633 3659 735 3730 initia
756 3661 802 3728 de
825 3656 936 3727 causis
949 3655 1047 3727 adfe-

61 3772 201 3842 uuum,
227 3771 264 3828 et
288 3758 333 3827 dc
353 3758 545 3830 collatione
563 3761 608 3829 ad
623 3757 759 3840 Deum,
785 3771 820 3829 ει
837 3758 883 3828 ad
900 3756 1046 3852 imperia

60 3860 298 3932 considerent.
348 3856 453 3928 Nunc
468 3863 561 3931 addo
578 3860 816 3951 partitionem.

160 3960 379 4030 Adfectuum
415 3959 479 4029 alii
510 3974 673 4032 naturam
703 3961 844 4046 iuvant,
892 3958 955 4028 alii
984 3960 1047 4028 de-

1196 3701 1246 3771 iii
1275 3714 1397 3771 tuctus·
1418 3704 1509 3791 grati
1532 3715 1566 3772 et
1586 3704 1716 3793 ingrati
1736 3703 1893 3795 primum
1915 3704 2081 3775 oriuntur

1096 3805 1141 3873 ab
1164 3803 1239 3894 ipsa
1262 3803 1378 3871 cordis
1398 3804 1613 3884 substantia,
1639 3807 1734 3896 quod
1753 3806 1801 3874 ita
1819 3806 2000 3876 conditum
2017 3819 2080 3885 εει,

1097 3920 1137 3976 ut
1158 3905 1203 3974 sit
1221 3904 1303 3972 fons
1319 3915 1353 3972 et
1370 3905 1467 3973 sedes
1482 3904 1704 3986 adfectuum,
1728 3917 1764 3974 et
1778 3906 1852 3976 suis
1867 3906 2079 3998 quibusdam

1095 4004 1192 4074 villis
1218 4003 1387 4075 dilatatur
1409 4018 1444 4075 ει
1467 4005 1733 4095 constringitur.
1772 4001 1839 4092 Et,
1871 4007 2003 4075 silicet
2025 4006 2079 4075 uti

62 4075 213 4230 ‘my‘
705 4159 715 4179 .
738 4159 748 4179 .
809 4164 812 4168 a
1095 4100 1161 4177 hac
1184 4103 1437 4190 similitudine,
1462 4100 1520 4174 bis
1534 4105 1654 4192 villis,
1678 4107 1778 4200 quasi
1792 4107 1955 4177 manibus
1971 4118 2078 4176 attra-

181 4173 331 4232 uvantes
357 4174 537 4241 naturam,
570 4177 610 4234 ut
634 4161 788 4244 laeticia,
813 4181 911 4251 spes,
936 4182 1048 4244 amor,

100 4264 109 4278 .
346 4261 388 4280 ..
711 4260 721 4277 .
920 4260 930 4279 .
992 4259 1002 4278 .
1095 4201 1149 4277 hit
1163 4230 1203 4276 ac
1219 4205 1367 4296 depellit
1380 4207 1526 4276 obiecta.

60 4276 228 4333 oriuntur
245 4286 263 4329 a
280 4276 412 4340 nottcta
425 4275 643 4332 monstrante
661 4261 830 4354 quiddam
843 4263 948 4339 bont,
973 4282 1046 4329 srve
1196 4319 1378 4391 Praeterea
1393 4343 1514 4392 semus
1525 4321 1564 4391 fit
1575 4322 1701 4406 acrior,
1727 4320 1810 4414 quia
1821 4319 2079 4389 subtile-mem

59 4364 100 4435 ‘it
119 4363 196 4481 3⁰·ss
220 4357 361 4432 hmini
381 4363 537 4448 mum’
567 4363 642 4432 five
665 4363 778 4452 Μ’
803 4372 838 4431 et
858 4361 932 4430 five
954 4374 1047 4431 emt
1094 4422 1281 4491 arerebro
1303 4422 1448 4493 deducti
1469 4421 1610 4493 suntin
1632 4445 1672 4491 co
1718 4443 1759 4489 us
1775 4419 1892 4489 cordis
1960 4419 1997 4487 ui
2015 4422 2080 4488 ad-

59 4477 212 4546 n‘mm’
239 4462 313 4533 ‘ive
329 4475 422 4534 recte
436 4461 578 4534 ΝΜ
636 4460 686 4534 Ut
703 4462 853 4534 hetam
866 4460 1047 4553 Augustus
1095 4524 1187 4592 dunt
1203 4522 1470 4592 delectationem
1486 4444 1722 4606 instituerit
1737 4472 1925 4590 acerrimds
1935 4445 2078 4590 dolores

60 4564 177 4636 audita
190 4565 285 4633 fama
300 4562 467 4636 victoriae
483 4563 588 4633 etiam
603 4564 701 4634 falsa.
1129 4625 1139 4642 ‚
1175 4624 1219 4640 ..
1728 4620 1771 4639 ..
2006 4621 2014 4639 θ

155 4661 333 4736 Adfectus
344 4677 463 4736 autem
475 4665 694 4734 destruentes
703 4677 885 4750 naturam,
904 4677 956 4744 ut,
978 4661 1046 4731 tri-
1093 4636 1272 4697 mmm
1323 4623 1484 4714 Ausseluf
1511 4621 1616 4693 ‘¹⁰¹⁰'
1644 4634 1678 4691 ⁸²
1705 4643 1901 4691 mmmm
1924 4634 2076 4713 Paruum

56 4767 177 4852 ⁸55³,
207 4777 340 4851 mem,
372 4765 445 4848 lfa,
477 4764 622 4856 odium,
655 4763 821 4835 oriuntur
854 4789 874 4834 a
912 4762 1043 4835 noticia
1093 4724 1355 4795 mmmmm

56 4876 281 4939 monstrante
312 4863 483 4960 quiddam
512 4865 617 4951 mali,
648 4865 721 4936 sive
744 4867 790 4936 sit
814 4865 881 4937 toti
902 4859 1044 4935 bomini
1195 4838 1280 4913 ¹d²⁰
1312 4854 1428 4913 ²⁰¹³„
1453 4836 1494 4911 hl
1517 4838 1696 4931 l'fd‘cll’ni
1718 4852 1751 4911 01
1774 4839 1935 4911 atenim?
1962 4852 2081 4910 “¹⁰¹¹ss

54 4969 203 5052 malum,
230 4965 306 5037 sive
318 4965 423 5058 parti,
449 4978 482 5037 ει
496 4965 572 5036 sive
588 4980 680 5038 erret
695 4966 838 5050 noticia,
863 4965 937 5036 sive
952 4976 1044 5034 recte
1092 4955 1175 5014 sunt
1194 4940 1357 5015 attributi
1379 4941 1497 5028 cordi,
1528 4942 1589 5035 qui
1613 4955 1696 5012 sunt
1713 4947 1773 5012 aut
1790 4941 1881 5011 vitae
1895 4963 2080 5011 conserva-

53 5066 197 5141 iudieeg
258 5062 473 5154 Ut‚8010n
494 5079 649 5138 moestu,
672 5082 723 5136 est
742 5068 862 5137 gudita
883 5068 975 5136 fama
999 5066 1043 5133 de
1091 5046 1161 5130 tio,
1186 5059 1247 5114 aut
1271 5043 1479 5122 destructio,
1510 5042 1592 5135 quia
1614 5042 1652 5111 in
1678 5044 1782 5113 corde
1800 5042 1943 5113 initium
1963 5054 2013 5111 est
2027 5042 2082 5108 vi·

53 5183 163 5241 norte
180 5167 269 5252 titii,
292 5186 497 5263 quanquam
510 5167 609 5244 salta,
661 5167 818 5237 Notitiae
834 5167 927 5235 enim
942 5179 1042 5235 ame.
1091 5159 1156 5227 tac,
1182 5160 1215 5216 et
1228 5142 1383 5215 fortassis
1397 5167 1459 5212 cor
1469 5145 1567 5213 sedes
1580 5156 1614 5214 ει
1627 5142 1847 5214 domicilium
1859 5155 1908 5212 est
1919 5143 2068 5214 animae.

55 5272 183 5343 cedunt
199 5268 421 5354 adfectibus,
444 5282 485 5341 ut
500 5268 633 5338 dictum
649 5282 711 5353 est,
738 5283 772 5338 et
788 5269 923 5338 obiecta
938 5290 1040 5335 mon·
1191 5262 1278 5354 Spes
1291 5274 1342 5332 εει
1357 5274 1493 5345 motus,
1525 5286 1595 5354 quo
1614 5285 1675 5330 cor
1690 5261 1847 5331 futurum
1867 5262 2001 5329 bonum
2017 5280 2081 5348 ap·

53 5385 175 5446 strant.
248 5366 348 5460 Quid
378 5381 497 5442 autem
526 5370 732 5440 nominetur
759 5366 920 5454 Bonum,
953 5366 1041 5462 quid
1089 5365 1326 5456 petit,=seque
1351 5363 1395 5430 ad
1419 5360 1508 5431 illud
1533 5362 1799 5453 accipiendum,
1824 5375 1865 5431 ut
1883 5360 1934 5429 ita
1956 5357 2085 5442 dicam,
2184 5404 2194 5420 .
