4538 5754
117 225 216 303 coss
316 165 325 175 ⁶

243 395 584 490 Argumentum
620 413 687 495 nc·
710 389 972 485 dispositio

434 541 594 626 Psalmi
639 541 784 635 XVII,

169 691 318 764 Exaudi
344 694 504 764 Domine
537 695 752 774 iusticiam,
785 689 940 763 intende
972 690 1103 784 depre-

168 799 321 866 cationi¹
343 816 471 883 mene,
518 792 673 865 nuribus
707 798 861 887 percipo
896 798 1104 866 orationem

169 917 312 984 mam,
338 918 412 966 non
430 900 472 966 in
488 894 600 967 lobiis
618 893 768 969 dolosis.

221 1045 381 1116 Precatio
412 1059 484 1130 est,
508 1059 550 1115 ut
577 1044 639 1114 alii
662 1043 766 1113 multi
792 1042 942 1130 Psalmi,
972 1047 1104 1139 inqua

121 1148 207 1240 petit
229 1148 316 1216 duas
340 1170 413 1232 res,
436 1146 617 1233 videlicet,
642 1159 676 1216 et
698 1158 738 1215 nt
752 1159 896 1234 regatur
909 1171 928 1214 a
942 1144 1037 1230 Deo,
1058 1170 1104 1215 ne

121 1251 260 1319 aberret
282 1273 300 1316 a
322 1271 403 1316 vera
430 1247 610 1332 doctrina,
636 1260 671 1319 et
693 1260 733 1316 ut
754 1248 966 1316 defendatur
982 1262 1104 1319 contra

121 1363 293 1444 tyrannos
319 1362 354 1419 et
382 1350 512 1438 impios
541 1349 722 1431 doctores,
753 1347 815 1440 qui
846 1350 962 1417 delere
985 1373 1104 1418 veram

86 1471 89 1477 ’
122 1452 322 1521 doctrinam
347 1462 380 1521 et
403 1449 591 1520 stabiliunt
605 1471 759 1533 errores,
784 1449 915 1543 quibus
930 1450 1105 1540 extingui-

123 1567 182 1622 tnr
196 1575 278 1620 vera
296 1550 363 1622 Dei
379 1550 522 1625 noticia.

224 1698 290 1772 Est
317 1716 433 1772 autem
464 1700 615 1790 insignis
641 1694 827 1769 antithesis
858 1699 896 1767 in
923 1700 1108 1790 postremis

125 1804 301 1884 versibus,
327 1803 391 1872 ubi
413 1824 552 1871 causam
573 1813 748 1884 recenset,
775 1825 865 1893 qnae
887 1800 1015 1892 impios
1031 1826 1108 1869 mo-

124 1920 202 1989 vet,
229 1929 292 1975 cur
307 1907 538 1974 adversentur
553 1901 713 1986 veritali,
738 1902 886 1986 scilicet,
908 1902 1005 1994 quand
1022 1925 1109 1971 ren-

125 2007 190 2078 tris
213 2007 395 2076 commoda
418 2017 604 2097 quaerunt.
652 1999 775 2073 Cultus
797 2002 898 2093 impii
919 2026 1056 2094 semper
1070 2004 1108 2071 in

45 2180 50 2191 ,
126 2109 262 2177 mundo
276 2109 421 2176 fuerunt
435 2104 524 2194 grati
537 2103 780 2189 multitudini,
806 2097 874 2173 hoc
889 2116 958 2188 est,
984 2104 1111 2172 maiori

126 2211 218 2300 parti
229 2203 431 2277 hominum:
452 2208 534 2275 ideo
545 2219 578 2276 et
590 2203 789 2299 quaestuosi
800 2205 955 2289 fuerunt,
972 2217 1006 2274 et
1014 2218 1111 2279 sunl.

128 2308 250 2399 Quare
263 2308 368 2380 multi
382 2331 440 2377 eos
454 2319 617 2391 tuentur,
644 2319 684 2376 ut
699 2319 882 2395 potentum
896 2305 1112 2376 benevolen-

128 2413 235 2493 tiam,
266 2423 301 2479 et
330 2432 413 2499 opes
436 2422 468 2477 et
492 2407 698 2495 dignitatem
724 2407 917 2485 retineant,
950 2420 991 2477 ut
1015 2431 1112 2477 nunc

128 2507 299 2603 Episcopi
330 2523 364 2579 et
388 2506 559 2578 Canonici
585 2520 733 2598 propter
754 2530 838 2598 opes
862 2520 897 2579 et
918 2510 1112 2598 potentiam

107 2684 110 2691 ,
130 2612 327 2682 defendunt
341 2610 560 2678 manifestam
573 2609 789 2699 impietatem
799 2621 834 2678 et
844 2609 1114 2698 turpitudinem.

131 2708 286 2783 Econtra
317 2734 396 2780 vera
418 2705 576 2780 Ecclesia
606 2723 661 2780 est
687 2710 842 2780 subiecta
867 2710 963 2780 cruci
985 2712 1025 2780 in
1047 2705 1114 2781 hac

130 2813 214 2882 vila.
267 2811 338 2882 Sed
361 2810 555 2880 consolatio
573 2805 633 2881 hic
647 2810 792 2881 additur
806 2812 851 2880 de
866 2810 938 2884 vita
954 2826 1113 2883 aeterna:

131 2909 311 2984 Satiabor
326 2936 405 2983 cum
418 2919 542 3006 surget
558 2907 684 3006 imago
701 2919 785 2993 tuo,
809 2911 846 2982 id
863 2925 936 3004 est,
961 2938 1042 2985 cum
1059 2938 1115 2984 re·

132 3017 254 3088 stitues
275 3015 448 3105 integram
472 3013 661 3103 imaginem
684 3029 781 3085 tuam
803 3012 843 3083 in
859 3016 1114 3107 resurrectione

131 3131 367 3190 mortuorum.

262 3371 603 3465 Argumentum
633 3388 688 3436 oo
722 3364 981 3456 dispositio

441 3499 601 3580 Psalmi
638 3495 801 3580 XVlll.

186 3662 357 3754 Ditipam
371 3666 408 3728 te
420 3658 583 3728 Doctrina
595 3650 788 3750 fortitudo
802 3677 905 3746 oreo,
933 3666 1005 3730 etc.

237 3808 307 3879 Hic
339 3806 500 3878 Psalmus
528 3807 695 3877 recitatur
724 3808 763 3875 in
791 3802 939 3878 historia
967 3806 1115 3882 Davidis

709 220 836 300 PlllL,
862 217 980 298 MEL.
1005 215 1214 295 SCRIPTA
1237 215 1539 292 manuales.

1994 303 2004 309 .
2047 227 2133 303 toll

1154 387 1302 479 gratiam
1317 384 1517 458 'relaturum
1533 411 1571 458 se
1585 412 1658 460 esse
1671 392 1839 480 affirmat,
1863 395 1962 486 quod
1978 389 2066 467 haec
2078 398 2131 466 be·
2162 379 2166 394 ’

1154 490 1276 559 ncficia
1302 487 1541 559 celebraturus
1563 490 1631 576 sit,
1654 505 1695 564 ut
1717 495 1915 588 praesentia
1934 494 2003 565 Dei
2022 496 2059 564 in
2074 496 2130 568 Ec·

1155 589 1259 660 clesia
1281 603 1317 660 et
1332 590 1445 678 gloria
1460 605 1687 679 agnoscatur,
1713 594 1867 666 etmulti
1883 593 2000 666 Deum
2021 598 2130 668 timere
2174 603 2177 677 l

1154 705 1189 764 et
1211 691 1377 761 invocare
1400 691 1547 766 discant.
1611 692 1702 764 Nam
1727 690 1889 765 adhunc
1913 697 2130 790 praecipuum

1155 792 1263 862 linem
1285 792 1489 862 referendae
1509 807 1593 865 sunt
1613 796 1805 883 gratiarum
1824 797 2002 877 actiones,
2027 813 2068 871 ut
2080 801 2129 870 alii

1156 891 1245 962 moti
1283 893 1414 963 nostris
1442 895 1654 965 testimoniis
1681 899 1725 967 de
1756 898 1937 966 beneficiis
1966 896 2038 968 Dei
2060 925 2129 970 con·

1156 993 1358 1076 firmentur,
1385 1008 1419 1064 et
1438 1019 1519 1064 vere
1536 999 1680 1067 credant
1694 1001 1811 1068 Deum
1830 1000 1951 1069 adesse
1964 999 2006 1069 in
2024 996 2129 1072 Eccle-

1158 1095 1226 1178 sia,
1266 1094 1393 1185 punire
1423 1108 1658 1167 contemtores
1683 1099 1866 1169 doctrinae
1895 1101 2074 1186 coelestis,
2102 1116 2128 1174 ct

1157 1219 1236 1265 vere
1252 1196 1431 1281 exaudire,
1457 1199 1610 1288 recipere
1624 1211 1658 1269 et
1674 1201 1796 1268 iuvare
1811 1224 1870 1270 eos
1886 1201 1949 1293 qui
1967 1204 2014 1270 ad
2030 1202 2127 1294 ipsum

1156 1308 1429 1381 convertuntur,
1456 1310 1490 1366 et
1508 1321 1587 1367 eum
1607 1299 1792 1386 invocant,
1820 1302 1910 1371 sicut
1928 1303 1972 1371 de
1990 1297 2057 1375 hoc
2072 1305 2126 1373 fine

1158 1419 1259 1486 saepe
1299 1394 1432 1466 Psalmi
1471 1398 1539 1488 ipsi
1575 1422 1641 1468 nos
1680 1402 2014 1475 commonefaciunt.
2090 1402 2128 1476 Ut

1158 1496 1249 1567 Psal.
1266 1493 1344 1569 58.:
1370 1493 1418 1566 Et
1439 1499 1534 1568 dicet
1556 1495 1684 1585 homo,
1709 1503 1832 1593 utique
1853 1516 1905 1575 est
1928 1504 2064 1576 fructus
2083 1504 2127 1574 in·

1159 1613 1231 1684 sto,
1257 1598 1381 1691 utique
1397 1611 1448 1668 est
1465 1598 1560 1688 Deus
1577 1600 1682 1672 iudex
1698 1601 1734 1669 in
1752 1615 1856 1677 terra.

1258 1793 1339 1868 Etsi
1360 1810 1477 1868 autem
1499 1795 1586 1870 haec
1608 1815 1660 1872 est
1682 1802 1795 1890 prima
1811 1803 1987 1872 sententia
2005 1799 2131 1889 Psalmi,

1160 1923 1267 1995 quam
1294 1901 1475 1980 recensui,
1506 1914 1625 1970 tamen
1649 1917 1688 1972 nt
1710 1927 1900 1973 aerumnae
1919 1917 1953 1973 et
1978 1905 2132 1976 victoriae

1159 1999 1307 2070 Davidis
1329 2013 1412 2070 sunt
1435 2014 1538 2094 typus
1562 2002 1733 2092 passionis
1756 2019 1790 2074 et
1811 2004 1981 2075 victoriae
2001 2001 2134 2087 Christi,

1160 2103 1209 2172 ita
1224 2099 1384 2171 Psalmus
1397 2101 1470 2193 ipse
1485 2126 1558 2171 non
1577 2105 1620 2172 de
1637 2104 1712 2173 solo
1726 2102 1863 2175 Davide
1879 2106 2060 2199 loquitur,
2083 2105 2134 2175 scd

1162 2201 1268 2271 simul
1291 2203 1462 2293 significat
1485 2218 1519 2274 et
1532 2199 1664 2274 Christi
1688 2229 1873 2275 aerumnas
1896 2221 1932 2276 et
1948 2207 2134 2278 victoriam.

1161 2299 1208 2374 Et
1231 2302 1311 2370 finis
1335 2305 1498 2395 proprius
1523 2318 1694 2374 monstrat
1707 2301 1908 2392 Christum,
1934 2332 2043 2401 quem
2064 2331 2136 2378 suae

1162 2404 1275 2493 gentis
1298 2405 1515 2489 sacerdotes,
1549 2405 1725 2496 principes
1750 2422 1784 2478 et
1804 2408 1957 2477 maxima
1982 2408 2134 2480 multitu·

1163 2507 1230 2584 do,
1256 2499 1423 2574 horribili
1446 2507 1565 2576 furore
1585 2509 1807 2600 persequitur
1821 2522 1855 2577 et
1870 2508 2025 2580 interfici
2040 2522 2135 2580 curat

1164 2601 1212 2676 Et
1232 2629 1297 2697 pro
1318 2601 1374 2675 his
1395 2605 1591 2698 perfidiosis
1612 2608 1749 2677 civibus
1761 2604 1919 2678 Ecclesia
1941 2610 1976 2679 ei
1999 2634 2042 2679 ex
2062 2632 2135 2700 gen·

1165 2706 1260 2778 tibus
1285 2706 1430 2777 collecta
1452 2722 1487 2778 et
1508 2708 1673 2779 adiuncta
1696 2722 1763 2777 est:
1788 2709 1917 2797 etipse
1938 2734 2024 2781 vere
2044 2721 2133 2800 capnt

1165 2820 1216 2876 est
1239 2807 1416 2897 gentium,
1446 2808 1610 2878 videlicet
1631 2809 1815 2878 universae
1838 2805 2020 2881 Ecclesiae
2042 2811 2133 2881 colle·

1166 2923 1241 2979 ctae
1264 2930 1306 2976 ex
1329 2908 1462 2978 semine
1484 2903 1649 2978 Abrahae
1670 2922 1705 2980 et
1725 2910 1906 2997 gentibus,
1941 2910 2131 3005 impertiens

1168 3009 1275 3078 vitam
1297 3021 1494 3093 aeternam,
1514 3034 1624 3103 quam
1646 3011 1826 3101 impertire
1843 3007 1961 3080 David
1988 3036 2061 3084 non
2078 3034 2133 3102 po-

1166 3122 1267 3182 terat.
1324 3104 1420 3199 Ergo
1447 3111 1552 3179 etiam
1574 3134 1654 3180 cum
1677 3133 1741 3200 pro
1763 3112 2038 3184 liberationibus
2060 3133 2133 3205 qnae

1167 3209 1270 3278 nobis
1290 3210 1531 3299 contigerunt,
1556 3226 1597 3282 ut
1611 3211 1742 3280 multae
1760 3237 1778 3281 a
1796 3207 1872 3281 Deo
1888 3213 1983 3285 liunt
2001 3213 2132 3286 Sancto·

1167 3335 1245 3379 rum
1272 3310 1498 3381 liberationes
1521 3313 1814 3403 omnitempore,
1847 3307 1944 3383 hunc
1968 3313 2132 3385 Psalmnm

1167 3411 1403 3495 recitabimus,
1419 3426 1535 3483 tamen
1543 3413 1648 3483 simul
1658 3414 1849 3502 cogitemus
1857 3414 2132 3503 significatasests

1166 3535 1352 3581 aerumnas
1375 3528 1409 3584 et
1431 3514 1593 3583 victorias
1612 3510 1762 3585 Christi:
1790 3517 1862 3584 imo
1883 3512 2138 3586 sciamus‘banc·

1167 3624 1323 3682 nostram
1343 3613 1604 3684 invocationem
1626 3630 1661 3686 et
1675 3610 1865 3704 graiiarum
1878 3617 2056 3688 actionem
2070 3614 2131 3687 lto

1168 3714 1316 3804 placere,
1340 3714 1423 3807 quia
1438 3728 1490 3784 est
1503 3717 1666 3786 adiuncta
1682 3716 1898 3786 invocationi
1914 3732 1949 3788 et
1958 3720 2131 3809 gratiarnm

1167 3814 1299 3884 actioni
1317 3810 1468 3900 Christi,
1493 3817 1556 3909 qui
1580 3839 1644 3906 pro
1668 3817 1772 3886 nobis
1791 3842 1911 3908 passus
1926 3832 1997 3906 est,
2024 3826 2128 3893 etsna·

136 3911 243 4006 paulo
260 3922 340 3978 ante
355 3910 430 3980 eius
442 3922 613 3987 mortem,
639 3908 703 3978 ubi
718 3908 802 3978 satis
818 3910 963 3999 adparet
978 3913 1024 3980 ab
1039 3911 1114 4002 ipso
1168 3938 1246 3984 rum
1275 3914 1503 3985 victoriarum
1532 3917 1700 3986 beneficia
1730 3918 1835 3988 nobis
1857 3922 1981 3993 donat.
2040 3918 2129 4010 Quod

136 4011 279 4086 Davide
292 4024 458 4102 tanquam
472 4009 662 4097 gratiarum
677 4011 851 4078 actionem
867 4011 1052 4096 recenseri,
1077 4013 1115 4081 in
1169 4015 1339 4085 liberatur
1368 4013 1500 4086 Paulus
1526 4017 1699 4087 dimicans
1727 4044 1807 4088 cum
1835 4021 1990 4106 bestiis,
2017 4019 2131 4092 benefi-

131 4139 206 4211 ,qua
242 4108 396 4206 primu'm
431 4109 608 4201 pericula,
647 4111 900 4192 certaminaet
930 4135 1116 4183 aerumnas
1163 4115 1261 4185 'cium
1277 4130 1330 4188 est
1342 4117 1510 4186 victoriae
1523 4113 1674 4202 Christi,
1698 4118 1735 4187 id
1751 4133 1820 4199 est,
1845 4121 1928 4214 quia
1942 4122 2030 4193 vicit
2042 4116 2132 4217 Chri·

137 4229 276 4299 narrat,
315 4226 349 4282 et
376 4223 524 4281 testatur
554 4232 590 4278 se
618 4210 829 4279 nominatim
858 4210 960 4281 illum
991 4237 1114 4282 verum
1168 4228 1258 4301 stus,
1283 4230 1324 4288 ut
1346 4220 1497 4289 redimat
1520 4233 1554 4288 ct
1579 4218 1719 4307 colligat
1742 4233 1917 4289 aeternam
1940 4216 2132 4299 Ecclesiam,

137 4315 274 4401 Deum,
299 4313 362 4407 qui
385 4337 421 4383 se
443 4313 482 4381 in
507 4309 594 4382 Sina
615 4310 815 4381 illustribus
838 4325 873 4382 et
894 4312 997 4382 certis
1019 4316 1116 4386 testi·
1168 4318 1247 4385 ideo
1271 4317 1368 4386 iuvat
1382 4316 1532 4388 Paulum
1556 4333 1591 4388 et
1611 4320 1698 4389 alios
1720 4322 1787 4390 lide
1803 4321 2020 4395 invocantes.
2069 4319 2132 4414 lpse

137 4417 268 4488 moniis
287 4415 469 4506 patefecit,
501 4410 677 4484 invocare,
734 4407 873 4482 Deinde
895 4414 1019 4485 recitat
1039 4417 1116 4505 glo·
1168 4418 1272 4488 etiarn
1291 4417 1408 4487 David
1435 4416 1520 4489 haec
1549 4423 1592 4491 de
1620 4443 1656 4488 se
1683 4422 1850 4506 recitans,
1883 4435 2006 4492 tamen
2033 4435 2133 4493 mente

136 4520 248 4589 riosas
276 4515 521 4595 liberationes,
555 4526 590 4584 et
617 4515 746 4596 fatetur
773 4536 830 4583 eas
851 4511 919 4583 Dei
950 4516 1115 4587 beneficia
1168 4519 1372 4589 intuebatur
1394 4534 1583 4591 venturum
1610 4518 1812 4606 Christum,
1844 4546 1949 4617 quem
1976 4525 2134 4617 cogitabat

65 4697 69 4711 Ι
137 4641 223 4689 esse.
275 4613 322 4685 Et
344 4617 437 4684 inter
459 4614 613 4706 pericula
635 4615 762 4685 diserte
783 4615 907 4685 recitat
926 4616 1115 4688 domestica
1168 4614 1375 4690 habiturum
1396 4645 1580 4691 aerumnas
1602 4623 1754 4708 similes,
1787 4638 1821 4693 et
1844 4625 2017 4712 gloriosas
2039 4626 2134 4696 victo·

137 4743 200 4790 seu
221 4716 404 4796 intestina,
430 4718 526 4808 quod
547 4711 666 4789 hostes
686 4711 851 4785 habuerit
871 4717 1059 4787 acerrimos
1081 4732 1117 4790 et
1167 4722 1249 4794 rias.
1300 4717 1385 4789 ldeo
1407 4723 1522 4792 statim
1539 4739 1619 4817 post
1636 4719 1742 4795 huius
1756 4723 1889 4794 Psalmi
1905 4726 2134 4799 recitationem

137 4818 382 4891 infestissimos
405 4818 497 4886 cives
519 4816 643 4908 populi
664 4815 750 4898 Dei,
776 4814 940 4899 Saulem,
963 4815 1116 4889 Absalo·
1168 4821 1205 4889 in
1226 4817 1373 4893 historia
1391 4821 1539 4893 Davidis
1561 4839 1760 4915 sequuntur
1775 4827 1899 4896 ultima
1917 4829 2027 4898 verba
2040 4825 2135 4899 Davi·

136 4946 237 5001 nem,
264 4932 443 4989 eteorum
465 4918 678 4988 factionibus
699 4919 868 4989 addictos.
933 4915 1115 4991 Praedicat
1168 4922 1241 5007 dis,
1266 4936 1307 4994 ut
1321 4936 1434 4995 textus
1456 4939 1573 5005 vocat,
1600 4924 1638 4993 in
1662 4928 1792 5019 quibus
1816 4928 2009 4999 clarissime
2028 4926 2133 5000 vatici·

58 5020 62 5029 ¹
136 5035 252 5094 antem
282 5044 357 5089 non
383 5019 498 5088 solum
527 5013 593 5088 hos
623 5041 807 5111 oppressos
836 5042 928 5104 esse,
960 5022 1020 5089 sed
1043 5034 1114 5090 tam
1168 5026 1498 5095 naturdeventuro
1515 5020 1670 5101 Christo.
2036 5042 2041 5050 '

17 5183 18 5187 ,
134 5125 240 5194 fnisse
261 5122 447 5214 gloriosam
474 5120 676 5202 victoriam,
701 5135 741 5191 ut
764 5144 828 5211 pro
851 5119 970 5212 impiis
984 5135 1019 5192 et
1036 5145 1115 5212 per·

1 5303 3 5309 y
123 5225 267 5302 ‚fidiosis
289 5223 445 5306 civibus,
471 5233 589 5312 postea
612 5232 731 5309 gentes
752 5221 822 5312 ipsi
842 5221 1028 5291 adiunctae
1044 5223 1115 5293 sint
1218 5310 1221 5315 Ι

89 5421 92 5425 1
134 5341 168 5399 et
185 5327 242 5419 pie
258 5323 403 5396 obedire
418 5321 609 5415 coeperint,
661 5319 842 5408 Tandem,
866 5336 907 5393 ut
921 5324 1009 5393 solet
1023 5318 1114 5431 hanc
