4538 5754
96 235 109 304 ι
606 225 670 303 uc
719 217 1091 298 connuu'rann
1127 217 1177 290 m
1213 213 1457 294 rsaunos.
1566 312 1569 317 ‚
1949 225 2051 301 noa

96 429 118 489 t,
145 403 239 474 tollit
257 413 436 490 peccatum
454 412 488 469 et
505 413 669 484 mortem,
694 397 812 468 reddit
828 393 1003 465 iusticiam
1164 385 1217 458 lta
1234 389 1498 460 consideremus
1517 414 1605 482 quae
1632 403 1718 461 tunc
1733 406 1767 464 et
1787 392 1850 467 ubi
1866 396 1973 467 luerit
1986 392 2056 467 Ec-

96 508 178 576 itam
204 517 402 585 aeternam,
435 501 590 569 viviticat
621 514 653 569 et
680 498 884 570 sanctificat.
935 493 1006 564 Hic
1061 489 1185 574 clesia,
1209 504 1243 560 et
1258 487 1327 560 hoc
1343 491 1471 561 moniti
1490 493 1659 584 exemplo,
1688 495 1863 568 discamus
1881 498 2054 570 Ecclesiae

96 611 174 677 rdos
192 628 330 695 semper
353 604 540 672 nobiscum
564 617 637 683 est,
663 625 802 691 semper
818 597 953 686 colligit
973 608 1006 663 et
1061 594 1189 662 debere
1206 593 1502 664 consociationem
1523 618 1710 684 quaerere,
1741 611 1775 669 et
1795 601 1887 669 tueri
1903 624 2054 671 consen-

96 709 165 798 egit
180 707 398 789 Ecclesiam,
425 718 457 774 et
476 718 595 795 postea
619 705 656 770 in
682 704 782 772 omni
800 699 1007 770 aeternitate
1060 718 1137 762 sum
1159 695 1363 778 doctrinae,
1390 694 1572 763 communi
1600 696 1846 785 invocatione,
1872 703 2053 772 communi

106 833 169 882 sua
184 807 342 880 Ecclesia
358 821 542 877 aeternum
558 819 696 897 patrem
712 794 915 874 celebrabit.
1060 795 1298 880 consessione,
1322 809 1444 865 mutua
1469 797 1715 869 benevolentia
1738 813 1774 872 et
1792 803 1935 886 officiis,
1963 817 1997 875 et
2013 818 2053 874 ut

1059 897 1098 965 in
1123 898 1327 988 precatione
1350 898 1500 979 dicitur,
1526 900 1654 969 debere
1675 926 1787 971 unum
1807 927 1881 974 esse
1906 906 1944 976 in
1962 907 2053 991 Deo,

1060 1022 1133 1067 non
1154 1022 1324 1091 quaerere
1341 1001 1543 1069 occasiones
1562 1001 1868 1078 dilacerationem.

1163 1099 1347 1170 Praeterea
1371 1103 1590 1172 considerata
1621 1099 1686 1173 bac
1704 1099 1858 1177 'historia
1885 1121 1920 1179 et
1942 1109 2051 1179 bene-

1060 1201 1235 1286 dictione,
1262 1202 1424 1271 videmus
1439 1228 1547 1296 quare
1562 1205 1600 1272 in
1616 1202 1757 1276 Psalmo
1772 1210 1974 1281 conferatur
1995 1235 2052 1281 sa-

1059 1304 1257 1374 cerdotium
1275 1303 1427 1375 Messiae
1453 1308 1496 1374 ad
1515 1307 1751 1379 sacerdotium
1770 1306 2051 1400 Melchizedech,

1059 1405 1191 1475 scilicet
1204 1420 1350 1497 propter
1364 1408 1668 1494 benedictionem,
1694 1435 1784 1502 quae
1801 1426 1863 1498 est,
1889 1427 2051 1505 utsupra

1059 1507 1153 1592 dixi,
1177 1508 1409 1579 annunciatio
1424 1510 1556 1597 gratiae
1571 1525 1605 1580 et
1619 1524 1843 1583 aeternorum
1862 1517 2051 1601 bonorum,

110 1675 227 1744 deleto
245 1683 385 1762 peccato
408 1683 441 1739 et
457 1670 569 1738 deleta
589 1683 703 1738 morte
721 1669 884 1738 redditur
901 1665 1005 1734 nobis
1059 1621 1094 1679 et
1109 1631 1190 1678 mm
1208 1610 1246 1729 111
1269 1611 1332 1680 1110
1356 1605 1527 1732 1108111311
1542 1635 1748 1701 mgmsu’
1774 1617 1885 1687 mum
1907 1631 1942 1738 ‘f
1957 1618 2050 1737 (ἥξω

970 1766 979 1783 .
1059 1722 1093 1779 et
1115 1724 1190 1781 acta
1214 1726 1304 1796 srnt,
1332 1725 1370 1782 ut
1394 1728 1574 1798 narratio,
1600 1738 1803 1809 quanquam
1830 1720 1966 1805 brevis,
1992 1744 2050 1788 rn-

98 1776 149 1847 ⁰i³
168 1791 321 1891 aelewi·
366 1770 427 1890 ‚lm
450 1772 660 1840 minatur
676 1795 736 1841 ’θ’
762 1766 941 1846 iuslicist'
969 1767 1004 1835 ’ἀ
1031 1794 1035 1821 '
1059 1813 1169 1881 dicat:
1197 1837 1272 1883 non
1293 1825 1345 1883 est
1364 1817 1559 1883 absurdum
1611 1830 1692 1887 ante
1716 1818 1838 1908 epulas
1865 1821 1969 1891 etiam
1993 1845 2050 1891 sa·

109 1880 225 1949 ium
240 1888 274 1944 ‘t
291 1874 497 1944 ¹¹¹⁵¹¹fi⁰³¹¹⁵‘
1059 1911 1231 1983 crificium
1246 1938 1312 2013 seu¹
1330 1915 1541 1985 libationem
1558 1869 1684 1988 iactam
1702 1942 1793 2004 esse,
1820 1935 1861 1993 ut
1878 1948 1954 1993 mos
1970 1923 2050 2004 suit,

112 2020 320 2097 Secundam
339 2018 504 2092 ordinem
520 2013 814 2092 Melchizedech.
853 2017 1007 2088 lnanti-
1060 2017 1120 2083 sed
1152 2010 1236 2085 binc
1264 2040 1339 2084 non
1367 2033 1565 2109 sequuntur
1591 2020 1652 2089 illa
1682 2034 1768 2091 tetra
1802 2024 2070 2110 deliramenta„

96 2131 103 2199 i
128 2127 317 2198 sacerdotii
337 2125 488 2193 Messiae
512 2138 547 2195 et
563 2123 734 2206 Levitici‚
762 2122 1007 2213 principaliter
1059 2140 1149 2209 quae
1178 2117 1262 2188 inde
1278 2113 1441 2187 monachi
1460 2121 1503 2188 de
1519 2118 1629 2190 Missa
1645 2135 1884 2196 extruxerunt.
1935 2124 2049 2216 Lega-

95 2254 220 2301 ersona
238 2227 321 2297 Filii
339 2223 424 2311 Dei,
459 2241 493 2296 et
516 2229 559 2294 de
583 2224 832 2293 benedictione
855 2247 947 2316 quae
968 2223 1006 2292 fit
1059 2241 1136 2288 mus
1153 2212 1372 2289 summorum
1389 2215 1575 2292 bominum
1598 2219 1765 2294 historias
1787 2250 1862 2295 non
1877 2239 1917 2296 ut
1935 2229 2049 2318 pueri,

98 2357 198 2408 cum,
232 2330 395 2397 videlicet
419 2331 462 2397 de
488 2330 564 2396 cius
588 2325 786 2410 beneficiis,
810 2327 855 2394 de
880 2324 1005 2394 remis-
1057 2322 1115 2388 sed
1135 2322 1328 2410 cogitemus
1344 2324 1387 2390 de
1404 2324 1554 2392 consilio
1569 2323 1656 2409 Dei,
1681 2329 1726 2394 de
1748 2328 1958 2400 collectione
1978 2326 2048 2400 Ec-

96 2446 371 2524 epeccatorum,
391 2433 435 2498 de
448 2430 673 2499 restitutione
688 2426 846 2498 iusticias
863 2439 897 2495 et
912 2426 1005 2496 vitae
1056 2422 1193 2496 clesiae,
1246 2421 1371 2493 Voluit
1385 2422 1482 2494 Deus
1497 2428 1682 2498 ostendere
1697 2430 1858 2522 quolibet
1879 2443 2083 2523 tempore,

96 2560 174 2607 rnae
190 2535 380 2602 dicendum
401 2546 463 2604 est.
517 2530 618 2599 Hanc
637 2552 822 2620 personam
842 2543 876 2598 et
896 2528 1005 2597 bene·
1056 2547 1147 2617 quae
1162 2539 1197 2596 et
1213 2524 1277 2594 ubi
1292 2527 1399 2596 luerit
1414 2523 1590 2613 Ecclesia,
1610 2531 1706 2599 misit
1721 2531 1774 2600 illi
1792 2532 1927 2623 primae
1942 2534 2049 2605 aetati

99 2660 204 2709 onem
222 2635 376 2722 primum
401 2647 541 2724 oportet
559 2628 696 2721 opponi
708 2629 868 2700 Levitico
888 2652 1004 2698 sacer·
1056 2626 1371 2698 excellentissimos
1396 2629 1576 2709 doctores,
1610 2624 1677 2701 hos
1706 2633 1803 2704 viros
1829 2634 1908 2705 vult
1930 2634 2048 2704 consi-

96 2768 128 2811 o:
156 2737 260 2805 multi
285 2759 349 2804 nec
374 2736 417 2803 de
443 2759 590 2824 persona
608 2757 673 2802 nec
690 2736 735 2802 de
755 2730 1004 2800 benedictione
1056 2727 1190 2812 derari,
1216 2728 1294 2799 vult
1316 2753 1440 2799 eorum
1462 2732 1580 2813 audiri
1604 2733 1825 2822 doctrinam,
1857 2736 1936 2806 vult
1960 2761 2048 2808 con·

96 2854 198 2924 runt,
223 2840 282 2906 sed
299 2850 436 2907 tantum
453 2836 682 2907 coutulerunt
696 2834 787 2903 ritus
800 2834 899 2903 illius
915 2846 1004 2901 tem·
1055 2828 1144 2919 spici
1163 2829 1452 2901 coniunctionem
1468 2845 1533 2906 etc.

96 2970 107 3014 s
123 2959 158 3013 et
171 2938 303 3018 nostri,
330 2940 456 3008 dicunt
471 2930 737 3007 Melclrizedech
754 2935 924 3005 obtulisse
941 2956 1005 3024 pa·
1155 2929 1225 3000 Hic
1247 2932 1353 3022 etiam
1378 2934 1542 3004 doctrina
1564 2934 1816 3007 sacrificiorum
1837 2950 1872 3009 et
1889 2963 2046 3010 ceremo-

111 948 248 1035 Ead'em
278 959 450 1030 dicuntur
479 959 517 1026 in
548 957 784 1049 appellatione
811 950 1008 1024 Melchize·

96 1095 121 1153 ι,
156 1065 327 1154 significat
352 1063 448 1130 enim
476 1054 571 1130 lrunc
594 1058 761 1128 Messiam
790 1079 906 1144 regem
932 1078 1007 1124 esse

98 1170 191 1251 ciae,
217 1166 251 1234 id
273 1177 344 1242 est,
372 1163 532 1256 quivere
551 1163 664 1231 iustus
680 1175 730 1231 est
746 1174 885 1229 aeterna
904 1156 1007 1226 iusti-

111 1291 218 1363 quam
237 1288 383 1335 nascens
401 1263 530 1353 accipit
545 1289 563 1331 a
580 1279 697 1354 patre,
725 1286 805 1330 cum
828 1259 875 1329 sit
889 1259 1006 1346 imago

96 1372 147 1440 rni
180 1367 311 1460 patris,
345 1390 426 1434 vere
457 1367 571 1457 placet
593 1378 738 1435 aeterno
769 1361 882 1454 patri,
916 1361 1008 1428 sicut

102 1472 236 1566 inquit:
261 1467 331 1536 llic
347 1481 398 1538 est
416 1465 530 1536 Filius
547 1489 646 1535 meus
662 1467 829 1546 dilectus,
855 1486 926 1556 quo
944 1463 1007 1529 de-

96 1600 142 1657 tr,
167 1586 200 1642 et
223 1582 369 1662 propter
390 1593 470 1638 eum
495 1568 666 1658 recipitur
686 1563 862 1648 Ecclesia,
887 1576 920 1632 et
944 1586 1007 1654 per

109 3059 145 3115 et
159 3043 298 3127 vinum,
324 3053 359 3110 et
375 3039 410 3107 id
429 3040 639 3110 sacrificinm
654 3039 762 3106 fuisse
776 3051 900 3129 typum
918 3059 1003 3104 ven·
1054 3032 1195 3102 uiarum
1217 3047 1311 3105 recte
1337 3035 1573 3124 intelligatur,
1600 3037 1758 3108 sciebant
1778 3037 2046 3112 Melchizedecb
2135 3051 2138 3058 '

98 3143 281 3218 sacrificii:
309 3135 367 3210 hic
387 3142 542 3229 primurn
567 3140 726 3209 iuniores
745 3142 790 3206 cle
814 3135 1004 3206 Gramma·
1055 3149 1088 3205 et
1103 3130 1309 3220 Abrabam,
1335 3159 1372 3207 se
1397 3132 1528 3207 habere
1550 3131 1796 3210 remissionem
1811 3156 2046 3230 peccatorum,

96 3244 314 3319 admonendi
328 3255 421 3311 sunt.
472 3239 594 3312 Lectio
614 3241 651 3309 in
670 3255 764 3311 textu
788 3235 856 3310 hoc
872 3253 1003 3322 narrat,
1055 3249 1089 3306 et
1105 3236 1216 3305 iustos
1233 3261 1328 3318 esse,
1353 3239 1389 3307 id
1415 3251 1486 3324 est,
1513 3240 1650 3330 placere
1673 3239 1769 3325 Deo,
1794 3258 1939 3333 propter
1956 3237 2061 3313 ven-⁴

110 3341 294 3420 Abraham
311 3344 471 3413 rediisset
486 3367 527 3412 ex
544 3343 678 3433 praelio
694 3342 855 3410 coniecto
874 3340 1002 3409 itinere
1056 3352 1175 3407 turum
1198 3362 1336 3425 semen,
1363 3355 1495 3411 norant
1528 3357 1717 3412 venturum
1739 3340 1955 3429 Dominum,
1981 3346 2045 3439 qui

95 3466 149 3522 rot
164 3450 323 3531 dierum,
350 3472 369 3514 a
389 3444 561 3514 Damasco
579 3468 690 3536 usqne
709 3446 752 3512 ad
778 3439 1001 3511 Hierusalem
1055 3440 1212 3510 aboleret
1230 3456 1408 3530 peccatum
1426 3458 1457 3514 et
1474 3458 1646 3528 mortem,
1673 3459 1706 3515 et
1728 3446 1926 3517 restitueret
1941 3449 2046 3518 iusti-

116 3550 167 3624 40
201 3549 415 3617 milliaribus
454 3547 605 3629 nostris,
649 3538 915 3614 Melchizedech
945 3566 1002 3613 re·
1054 3542 1143 3612 ciam
1162 3557 1197 3613 et
1211 3543 1321 3612 vitam
1339 3561 1530 3634 aeternam,
1558 3547 1716 3617 sciebant
1730 3572 1767 3618 se
1782 3551 1827 3617 ab
1843 3572 1884 3620 eo
1900 3551 2046 3635 servari,

96 3670 177 3729 rtem
200 3651 335 3741 excepit
357 3666 391 3720 et
409 3652 504 3737 pavit
520 3649 636 3737 ipsum
659 3647 783 3718 eteius
798 3645 1001 3725 exercitum,
1054 3657 1088 3713 et
1112 3644 1286 3713 efficacem
1312 3669 1391 3715 eum
1421 3648 1458 3713 in
1482 3646 1621 3719 Sanctis
1645 3673 1739 3735 esse,
1772 3673 1837 3719 nec
1866 3652 2046 3737 sacrificia,
2138 3637 2140 3641 ⁸

96 3782 158 3828 anc
176 3751 387 3824 sententiam
404 3750 538 3844 inquit:
566 3748 761 3818 Protulisse
778 3772 857 3817 eum
868 3771 1000 3837 panem
1054 3769 1120 3816 uec
1135 3748 1352 3818 ceremonias
1370 3771 1435 3817 nec
1452 3748 1525 3818 nlla
1547 3773 1654 3839 opera
1677 3767 1817 3836 nostra,
1843 3754 1971 3823 mereri
1987 3777 2045 3824 re-

98 3883 196 3931 num.
236 3850 372 3922 Eodem
389 3875 472 3922 vero
491 3868 649 3943 tempore
663 3843 931 3920 Melchizedecb
952 3849 1000 3918 ibi
1053 3847 1255 3919 missionem
1274 3865 1515 3939 peccatorum,
1542 3853 1602 3922 sed
1619 3853 1837 3925 ceremonias
1851 3851 1956 3927 aDeo
1972 3869 2045 3928 tra·

96 3961 191 4032 uixit
214 3950 397 4038 Abrahae,
431 3968 465 4023 et
488 3967 638 4045 utraque
670 3977 709 4021 re
729 3953 922 4042 significata
950 3966 1002 4022 est
1053 3950 1163 4030 ditas,
1191 3944 1321 4022 habere
1340 3952 1428 4021 alios
1450 3975 1545 4025 usus.

96 4064 187 4134 esiae
216 4059 293 4129 eius
321 4057 493 4144 temporis
520 4056 684 4133 societas,
728 4052 1000 4123 communicatio
1154 4047 1329 4125 Addenda
1345 4067 1397 4124 est
1421 4066 1454 4123 et
1470 4049 1556 4126 haee
1570 4056 1790 4128 admonitio:
1819 4055 1964 4129 Dictum
1981 4073 2044 4146 est,

96 4189 195 4236 arum
218 4175 252 4231 et
271 4155 436 4249 hospitii,
462 4157 531 4229 fuit
554 4158 694 4246 signum
713 4155 913 4234 amiciciae,
939 4155 998 4223 sed
1052 4151 1221 4223 Messiam
1258 4179 1331 4225 esse
1359 4180 1538 4227 summum
1576 4160 1793 4230 sacerdotem
1828 4160 1892 4253 qui
1920 4185 2042 4232 vocem

96 4265 212 4339 edictio
236 4262 303 4332 suit
326 4261 510 4349 proprium
536 4256 777 4328 testimonium
809 4279 1002 4325 consensus
1053 4251 1238 4345 Evangelii
1260 4281 1303 4327 ex
1322 4280 1452 4329 arcano
1477 4259 1558 4331 sinu
1587 4261 1722 4329 aeterni
1753 4261 1863 4351 patris
1883 4262 2044 4353 protulit,

96 4386 157 4442 teu.
204 4363 298 4453 Quia
313 4363 408 4432 enim
426 4361 583 4450 agnoscit
599 4353 803 4441 Abrabam,
831 4351 927 4427 hunc
945 4359 1001 4426 vi·
1052 4371 1091 4427 ut
1105 4353 1300 4428 Ecclesiam
1323 4384 1365 4428 ex
1380 4383 1508 4449 genere
1532 4355 1689 4431 humano
1707 4361 1868 4452 colligat,
1893 4362 2042 4435 incoan-

111 4471 329 4541 sacerdotem
353 4486 426 4533 esse
450 4464 525 4533 veri
548 4461 636 4545 Dei,
662 4461 792 4551 expetit
816 4459 892 4530 eins
914 4483 999 4529 con·
1053 4462 1134 4528 dam
1151 4460 1191 4528 in
1207 4452 1273 4529 hac
1288 4462 1429 4532 mortali
1454 4462 1545 4547 vita,
1572 4475 1612 4533 ut
1634 4459 1731 4537 Ioan.
1752 4464 1785 4535 1.
1808 4464 1958 4537 dicitur:
1991 4463 2042 4536 ll.

96 4599 147 4645 em
165 4583 199 4639 et
215 4566 473 4659 precationem,
500 4579 534 4636 et
557 4564 656 4634 audit
671 4561 942 4652 promissionem
961 4561 999 4629 in
1051 4561 1204 4631 luminat
1241 4587 1383 4633 omnem
1422 4559 1603 4633 hominem
1636 4565 1837 4635 venientem
1867 4569 1907 4635 in
1944 4563 2041 4640 hunc

95 4673 153 4746 hic
170 4671 332 4742 sacerdos
349 4666 501 4738 affirmat
514 4690 598 4736 voce
613 4666 751 4735 divina:
778 4657 1000 4740 Benedictus
1052 4666 1246 4747 mundum,
1263 4665 1354 4736 ‘ideo
1380 4679 1521 4756 oportet
1541 4665 1581 4734 in
1602 4662 1668 4736 hac
1693 4667 1835 4738 mortali
1861 4668 1933 4740 vita
1955 4671 2042 4739 reti-

96 4768 258 4849 braham
273 4795 298 4839 a
313 4764 399 4838 Deo
414 4764 622 4852 altissimo,
653 4767 688 4836 id
707 4779 775 4849 est,
801 4762 898 4835 Deus
919 4788 1001 4834 vere
1052 4765 1131 4835 neri
1144 4789 1266 4834 vocem
1282 4762 1487 4856 Evangelii,
1513 4769 1557 4836 ad
1575 4791 1680 4860 quam
1699 4772 1962 4860 propagandam
1982 4766 2041 4843 hic

96 4877 278 4973 propicius
303 4885 375 4956 est,
400 4885 440 4941 tu
464 4872 584 4941 vivum
601 4870 799 4938 membrum
823 4890 859 4935 es
875 4863 1000 4936 Eccle-
1050 4889 1210 4938 summus
1224 4871 1385 4938 sacerdos
1399 4868 1507 4940 mittit
1523 4868 1725 4956 ministros,
1754 4872 2041 4964 quidiscernen-

96 4981 179 5066 Dei,
205 4991 240 5047 te
260 4976 350 5064 regit
366 4988 400 5043 et
413 4974 567 5064 protegit
582 4971 697 5056 Deus,
723 4984 761 5040 tu
778 4992 814 5039 es
837 4970 951 5038 iustus
966 4984 1000 5040 et
1050 4969 1087 5037 di
1103 4981 1222 5040 sunta
1240 4993 1379 5041 summo
1393 4972 1589 5058 sacerdote,
1615 4985 1650 5043 et
1663 4987 1703 5043 ut
1718 4996 1824 5064 supra
1845 4975 2041 5063 nominavi,

96 5083 236 5156 esvitae
252 5091 423 5148 aeternae.
470 5074 546 5145 Hac
560 5098 646 5144 voce
663 5073 893 5143 confirmatur
912 5070 999 5140 fides
1050 5084 1132 5141 sunt
1149 5071 1417 5163 participatione
1432 5075 1649 5160 sacerdotes,
1675 5075 1758 5168 quia
1780 5100 1901 5145 vocem
1917 5073 2039 5148 Evan-

96 5179 270 5265 .braham,
302 5195 337 5249 et
361 5178 468 5247 simul
491 5178 564 5265 agit
592 5176 721 5266 gratias
746 5197 830 5243 vero
851 5170 927 5253 Deo
954 5176 999 5242 de
1049 5173 1132 5263 gelii
1148 5188 1275 5243 sonant
1293 5187 1504 5268 acceptama
1524 5199 1662 5246 summo
1685 5180 1881 5264 sacerdote,
1909 5178 1971 5271 qui
1988 5192 2040 5250 est

96 5291 175 5378 tria,
202 5306 291 5376 quae
307 5282 473 5373 proderat
489 5279 566 5347 cius
587 5278 658 5347 loci
674 5275 868 5363 Ecclesiae,
892 5289 927 5347 et
945 5276 998 5344 ibi
1049 5275 1169 5345 efficax
1197 5299 1261 5367 per
1291 5300 1388 5364 eam,
1414 5270 1524 5350 trahit
1552 5279 1756 5366 audientes,
1781 5295 1821 5350 ut
1847 5295 2040 5370 agnoscant

95 5405 159 5466 tet
175 5385 362 5458 confirmat
376 5382 507 5490 multos
528 5381 567 5449 in
588 5379 754 5452 exercitu,
1048 5377 1189 5451 unicum
1214 5377 1412 5468 victimam,
1445 5403 1515 5475 qua
1535 5380 1693 5475 placatus
1720 5395 1771 5452 est
1791 5376 1909 5468 Deus,
1942 5393 1975 5451 et
1999 5381 2042 5450 in
