4538 5754
86 257 181 336 [087
494 268 499 273 ·
670 245 739 321 IX.
773 232 1154 317 commoratu
1182 230 1240 308 ΙΝ.
1260 228 1507 311 Potamos·
1605 228 1609 238 “
2008 230 2105 303 1088

180 425 376 518 Querclam
395 423 559 518 sequitur
581 418 755 510 precatio:
788 409 964 513 Respice,
999 434 1065 484 aa·
1116 405 1316 498 potsntiae,
1339 404 1463 476 odium
1477 428 1580 477 verae
1595 403 1798 491 doctrinae,
1824 417 1859 476 et
1884 404 1973 475 alios
1996 402 2102 474 vitio-

86 526 170 601 rudi
189 553 264 615 me,
291 523 472 597 illumino
482 519 611 594 oculos
626 541 742 610 meos,
769 521 814 590 da
839 520 956 589 lucem
976 538 1064 586 ocu·
1116 532 1175 580 sos
1188 509 1357 579 adfectus.

87 634 137 720 is,
165 632 202 702 id
217 644 286 715 est,
312 631 421 700 redde
434 628 545 699 vitam
560 640 596 697 ct
609 622 797 694 laeticiam.
1217 611 1372 681 Accusat
1384 607 1514 696 igitur,
1529 620 1570 678 ut
1585 607 1678 688 dixi,
1693 630 1817 679 omnes
1833 603 2016 690 homines,
2040 606 2101 674 sed

180 748 350 842 sequitur
373 738 588 841 aznotoyta,
642 738 790 811 Gloriae
812 752 895 811 mae
918 735 1065 829 tmere„
1118 723 1236 782 tamen
1262 711 1434 781 discernit
1457 710 1502 780 ab
1525 710 1644 801 impiis
1667 733 1785 781 veram
1810 707 2004 780 Ecclesiam
2019 706 2100 777 Dei.

86 875 134 922 ne
148 851 296 922 servari,
348 845 425 939 Ego
440 847 585 943 quidem
608 855 752 934 paratu,
773 862 851 910 ,um
875 838 995 908 animo
1019 837 1063 904 ad
1120 812 1222 929 lmpii
1244 815 1405 883 furenter
1421 812 1641 883 delectantur
1660 813 1717 881 vel
1738 811 1933 882 manifestis
1957 809 2102 881 sceleri-

85 954 280 1024 olerandas
300 972 451 1042 poenas,
483 949 544 1016 sed
569 961 606 1016 tu
627 958 773 1035 propter
793 941 942 1032 gloriam
966 952 1063 1010 tuam
1117 909 2101 1007 5113»νθῙῖΠῐθῑῗθῐθΡῐῦνῙῑὸῑθν(ιΰθῑΰῘΨΡθῑῑῙῑθῑθΧ-
2208 927 2209 931 ’

87 1057 193 1126 ibera
209 1078 278 1136 me,
296 1049 515 1143 neEpicurei
530 1047 722 1130 clamitent,
737 1041 831 1114 nihil
845 1066 920 1113 estc
935 1039 1063 1121 Deum,
1116 1029 1259 1101 ‘usmis
1292 1040 1357 1085 ¹¹0⁰
1380 1031 1576 1106 ⁸8⁰⁰⁵0¹¹¹¹l
1605 1039 1679 1086 ⁰⁸⁸⁰
1700 1030 1891 1108 Peccatum·
1948 1010 1996 1084 Εἴ
2019 1008 2103 1083 hnic

86 1181 168 1227 teve
190 1156 369 1225 idolorum
389 1153 542 1223 cultores
563 1147 779 1241 glorientur,
804 1168 868 1217 sna
883 1149 1063 1214 commen·
1116 1118 1209 1210 Pasti
1233 1117 1499 1237 damnallffllfm
1523 1118 1716 1190 denunciat
1746 1116 1919 1236 Petimus.
1977 1114 2026 1186 At
2053 1116 2103 1205 pii

85 1259 154 1330 5232
186 1257 334 1326 flumin,
363 1253 564 1348 potentio„
594 1273 685 1334 ,Μ’
718 1273 823 1342 quam
857 1262 907 1320 u„
967 1244 1064 1315 Ha„
1117 1233 1313 1311 agnoscunt
1327 1243 1425 1290 suam
1440 1220 1716 1302 immunditiem,
1742 1232 1775 1289 et
1792 1233 1960 1290 invocant
1974 1216 2102 1296 Deum,

86 1353 284 1456 ἀπολογία
311 1380 413 1448 saepe
442 1355 481 1424 in
499 1353 650 1424 Psalmis
675 1351 864 1444 repetitur,
896 1361 938 1419 ut
959 1347 1063 1417 alibi:
1117 1322 1568 1440 0²P⁰l⁰¹¹lfffffll⁸⁸l⁰sseffls
1594 1319 1659 1393 hot
1673 1322 1879 1391 consolatur
1890 1319 2065 1440 Ptaltttus:

86 1461 132 1531 te
151 1459 292 1547 dicant,
316 1458 382 1531 ubi
398 1470 449 1527 032
465 1456 560 1528 Deus
579 1476 715 1525 eorum,
1215 1419 1281 1493 Est
1303 1436 1411 1513 agitur
1433 1426 1626 1495 secundum
1652 1424 1850 1493 membrum
1871 1421 2003 1492 Psalmi
2027 1423 2102 1491 dis·

122 1644 127 1652 .
181 1574 224 1647 ln
249 1578 319 1647 fine
341 1575 487 1646 additur
507 1570 697 1664 adplicatio
722 1571 767 1639 de
786 1520 999 1657 fldempe'
1025 1577 1064 1636 ut
1117 1522 1241 1596 [ἰωὴ
1266 1524 1458 1616 ἱωΡῖοωω
1482 1528 1527 1594 ab
1541 1521 1708 1609 E⁰⁰¹⁰⁵l³s
1726 1524 1864 1594 l¹¹⁰0³l³
1882 1524 1920 1592 5¹¹
1935 1522 2102 1597 V0r⁸U402

86 1702 185 1775 upra
206 1679 422 1750 dictumest.
473 1672 554 1744 Non
578 1673 662 1743 satis
681 1685 734 1741 est
748 1666 840 1739 banc
853 1668 1062 1740 sententiam

86 1806 113 1853 n
138 1804 267 1872 genere
289 1793 427 1862 tenere,
453 1778 548 1870 quod
564 1774 661 1843 Deus
677 1773 841 1842 exaudiat
856 1766 1064 1853 Ecclesiam,

86 1886 138 1955 cd
152 1892 294 1975 oportet
310 1904 375 1951 nos
391 1880 459 1949 fide
481 1875 643 1968 amplecti
664 1873 934 1967 promissiones,
958 1886 993 1943 et
1007 1890 1064 1940 eas

86 1983 501 2059 alnosaccommodare.
555 1976 701 2047 lnclude
717 1990 751 2046 te
767 2000 908 2071 quoque
932 1972 971 2042 in
995 1996 1063 2041 nu-

86 2108 218 2157 nerum
238 2108 382 2163 eorum,
409 2103 501 2176 quos
521 2080 618 2153 Deus
640 2076 853 2170 alloquitur,
877 2091 911 2146 et
932 2076 1063 2169 quib'us

86 2186 227 2259 radidit
249 2185 518 2278 promissiones,
545 2195 579 2252 et
601 2194 635 2252 te
657 2178 837 2259 exaudiri,
863 2178 1006 2248 delendi
1029 2189 1064 2247 et

86 2285 211 2361 errari
226 2286 382 2359 statuito.
431 2282 511 2354 Hoc
526 2308 604 2354 cum
625 2282 681 2365 fit,
707 2278 866 2372 sequitur
889 2279 1064 2362 liberatio,

1117 1735 1247 1796 ooroot
1268 1722 1447 1825 populum
1467 1751 1602 1810 mcum,
1628 1737 1659 1797 et
1680 1723 1889 1797 Dominum
1912 1751 1983 1798 non
2000 1725 2105 1795 invo-

1117 1837 1222 1914 cant,
1256 1855 1293 1925 q.
1317 1832 1360 1917 d..
1387 1826 1465 1900 Etsi
1495 1830 1535 1899 in
1568 1833 1735 1901 omnibus
1767 1845 1820 1901 est
1849 1829 2103 1912 immundities,

1116 1946 1234 2013 tamen
1263 1930 1376 2026 aliqui
1403 1947 1664 2024 perseverantes
1695 1932 1736 2004 in
1765 1933 1933 2024 peccatis,
1972 1932 2102 2021 nolunt

1117 2148 1248 2225 negant
1270 2158 1344 2205 esse
1370 2133 1506 2220 Deum,
1540 2151 1601 2207 aut
1630 2139 1789 2209 fremunt
1813 2138 1979 2207 adversus
2008 2158 2101 2214 eum,

1116 2239 1271 2307 oderunt
1284 2238 1360 2309 eius
1375 2239 1596 2321 doctrinam,
1617 2253 1651 2311 et
1666 2238 1733 2310 sibi
1752 2262 1860 2329 regna
1884 2250 1919 2308 et
1941 2237 2103 2332 tyranni-

86 2388 376 2463 pfibmfionem
398 2399 565 2480 ,equatur
588 2385 779 2473 gratiarum
801 2380 911 2465 mio,
937 2392 971 2450 et
997 2376 1064 2450 hoc
1117 2341 1177 2409 des
1199 2340 1438 2459 constituunt,
1472 2353 1506 2410 et
1527 2341 1584 2430 pie
1608 2342 1773 2411 docentes
1796 2341 1913 2410 delere
1941 2337 2101 2458 cupiunt.

1117 2438 1187 2512 Sed
1209 2454 1262 2511 est
1281 2443 1373 2511 altus
1390 2456 1509 2512 coetus
1527 2465 1719 2533 agnoscens
1733 2455 1874 2535 peccata
1891 2465 1972 2526 sua,
1997 2464 2102 2509 ruvo·

86 2484 276 2582 ¹remplum
301 2490 472 2559 declarat:
506 2481 711 2556 Exuttodit
734 2504 953 2563 cormeum,
979 2506 1063 2573 pro·
1255 2542 1257 2547 .
1391 2542 1400 2561 .
1899 2544 1909 2562 .
1990 2542 2000 2561 .

86 2602 158 2671 oet.
172 2591 514 2675 liberationem,·et:
541 2580 712 2665 Cantaba
732 2580 916 2671 Domino,
941 2584 979 2653 id
1002 2596 1063 2669 est,
1116 2564 1199 2714 {¹³:3⁰⁸
1214 2541 1336 2714 peni?
1346 2596 1362 2661 ’.
1389 2567 1427 2612 ¹⁰
1453 2541 1520 2613 ¹¹⁰⁰
1540 2558 1642 2688 “filu
1666 2568 1739 2615 ⁰⁵⁵⁸
1760 2544 1876 2615 Deum
1898 2555 2035 2638 mqml’
2067 2555 2101 2612 el

1168 2668 1281 2714 ueram
1327 2668 1408 2714 urus
1423 2660 1542 2717 coetus
1563 2661 1613 2717 art
1633 2671 1707 2718 esse
1723 2648 1857 2718 Deum.

86 2694 363 2869 fflamqmfiu'
400 2692 586 2762 celebrabl’
621 2713 722 2776 ‘um'
763 2687 966 2781 pmpagab‘)
998 2686 1064 2756 do*
1220 2744 1318 2817 llaec
1347 2746 1530 2818 distinctio
1561 2747 1598 2816 in
1622 2747 1765 2819 Psalmo
1796 2747 2016 2818 observanda
2040 2758 2103 2829 est,

179 2907 263 2982 Erd
287 2908 405 2996 testis,
439 2903 543 3008 quod
565 2906 763 2994 retribuat,
796 2908 924 2991 idest,
957 2931 1063 2977 exau-

86 3017 168 3101 liat,
204 3016 320 3098 iuvet,
352 3036 457 3105 opem
481 3013 589 3093 serat,
623 3036 697 3081 nun
730 3012 867 3079 deserat
892 3008 1063 3094 adflictos,

86 3119 134 3188 ed
161 3140 230 3208 pro
257 3114 455 3185 calamitate
485 3113 658 3183 retribuat
686 3111 946 3186 liberationem.
1003 3110 1063 3181 Sic

86 3219 172 3288 enim
195 3213 333 3309 phrasis
353 3240 456 3308 saepe
479 3215 710 3306 intelligenda
742 3227 813 3295 est,
846 3237 928 3283 cum
955 3215 1062 3283 verbo

87 3319 321 3393 etributionis
335 3317 459 3393 utitur.

1117 2858 1157 2920 ut
1186 2846 1381 2917 consolatio
1408 2849 1476 2939 piis
1503 2842 1740 2940 proponatur,
1775 2851 1838 2942 qui
1862 2861 2099 2940 expavescunt

1116 2949 1236 3018 audita
1249 2949 1442 3020 universali
1458 2952 1689 3026 accusatione.
1741 2948 1820 3022 Etsi
1843 2951 1953 3021 estin
1981 2949 2100 3018 omni·

1117 3052 1183 3121 bus
1197 3065 1398 3143 peccatum,
1421 3066 1539 3124 tamen
1562 3053 1736 3137 differunt
1753 3055 1958 3122 invocantes
1973 3049 2102 3130 Deum,

1115 3152 1161 3222 ab
1184 3151 1393 3243 insipiente,
1429 3154 1492 3248 qui
1523 3155 1627 3224 dicit:
1658 3150 1748 3228 Non
1779 3163 1830 3223 cst
1853 3150 1972 3227 Deus.
2030 3149 2101 3221 Hic

1115 3269 1234 3324 coetus
1251 3254 1441 3345 insipiens,
1466 3279 1695 3348 perseverans
1712 3257 1875 3327 videlicet
1892 3257 1930 3324 in
1947 3249 2013 3323 hac
2030 3255 2099 3321 im-

1116 3356 1486 3457 pietatendamnatur.
1538 3353 1586 3429 Et
1609 3361 1652 3429 de
1675 3385 1716 3429 eo
1734 3359 1948 3452 principium
1967 3354 2101 3425 Psalmi

1115 3458 1347 3549 intelligatur:
1372 3455 1491 3528 Dixit
1507 3457 1698 3558 tirsipicas,
1726 3461 1762 3530 id
1780 3472 1850 3542 est,
1875 3458 2007 3551 impius
2022 3480 2102 3527 coe-

214 3551 557 3654 Arpttmentum
584 3576 636 3624 oc
656 3550 919 3645 dispositio
1114 3572 1170 3630 tus
1186 3584 1410 3651 perseverans
1425 3561 1463 3631 in
1479 3577 1659 3634 contemtu
1675 3560 1756 3634 Dei.
2016 3582 2019 3586 ·

399 3688 559 3771 psalmi
588 3686 727 3772 Xfflp·
943 3694 946 3699 ·
1215 3661 1355 3731 Deinde
1373 3664 1539 3734 attexitur
1561 3665 1774 3734 universalis
1790 3664 1976 3736 accusatio.
2028 3661 2098 3733 Sed

170 3841 179 3857 ,
215 3838 224 3856 ‚
264 3839 273 3855 ι
326 3838 334 3855 ·
367 3841 375 3856 ·
470 3839 478 3856 ,
1114 3764 1153 3832 in
1166 3785 1271 3833 versu
1288 3780 1415 3855 quarto
1430 3788 1552 3835 rursus
1568 3767 1819 3837 discernuntur
1834 3767 1886 3859 pii
1899 3768 1943 3835 ab
1968 3766 2099 3855 impiis,

120 3836 241 3909 ”ml
259 3858 444 3929 ”¹⁸me
463 3857 504 3907 ”⁸
521 3832 630 3906 ⁰⁰74st
652 3855 738 3905 ’ΨΜ
765 3836 850 3907 N‘m
868 3842 926 3908 Μ
942 3836 1059 3926 Dema
1112 3881 1147 3938 et
1169 3865 1238 3956 piis
1261 3881 1512 3956 proponuntur
1541 3869 1765 3939 dulcissimae
1794 3886 1828 3941 et
1859 3868 2098 3958 amplissimae

118 3947 201 4011 m·
1113 3968 1381 4039 consolationes.
1417 3968 1513 4056 Quid
1523 3969 1617 4037 euim
1628 3971 1884 4043 maiusbonum
1897 3984 1965 4052 est,
1991 3992 2098 4062 quam

174 4068 337 4143 Psalmus
353 4083 405 4141 est
418 4062 688 4148 διδασκαλικὸς,
715 4069 781 4137 tria
799 4071 956 4141 membra
966 4095 1058 4141 eon-
1113 4071 1208 4163 quod
1226 4064 1530 4140 hicdescribitur?
1551 4067 1657 4141 Deus
1674 4081 1725 4142 cst
1740 4072 1779 4142 in
1789 4069 2024 4168 generatione
2039 4068 2096 4137 iu·

86 4175 204 4249 inens.
261 4170 423 4267 Primum
458 4185 511 4242 est
542 4170 665 4240 concio
694 4172 951 4262 poenitentiae,
988 4198 1057 4267 qua
1110 4180 1189 4252 sto,
1223 4170 1259 4240 id
1284 4186 1354 4252 est„
1387 4173 1426 4240 in
1452 4189 1551 4243 coetu
1574 4173 1683 4245 iusto:
1718 4178 1879 4246 adfirmat
1899 4172 2094 4245 Ecclesiam

86 4276 190 4367 rguit
207 4298 329 4374 omnes
349 4268 530 4358 homines,
555 4285 589 4340 ct
611 4274 713 4341 docet
737 4296 815 4342 reos
838 4297 912 4343 esse
935 4300 1058 4345 omnes
1112 4297 1185 4343 esse
1200 4272 1422 4343 domicilium
1444 4271 1530 4359 Dei,
1554 4277 1645 4366 regi,
1667 4274 1827 4359 defendi,
1854 4290 1887 4347 et
1913 4274 2048 4344 servari
2074 4298 2094 4342 a

86 4377 268 4450 erundum
289 4372 381 4446 hanc
403 4390 550 4446 naturae
568 4374 791 4464 pravitatem.
842 4375 902 4445 Sic
917 4390 949 4446 et
965 4374 1057 4448 Pau·
1109 4373 1196 4445 Deo.
1250 4370 1345 4444 Haec
1361 4389 1445 4445 sunt
1463 4401 1599 4446 summa
1615 4379 1723 4451 bona.
1775 4377 1874 4447 ldem
1891 4379 1992 4448 docet
2014 4399 2095 4445 cum

86 4477 265 4599 aspcitavit
280 4472 371 4548 hanc
387 4478 612 4560 concionem,
630 4490 665 4547 et
678 4478 808 4547 diserte
823 4478 940 4547 addit:
962 4476 1057 4548 Cau·
1109 4477 1174 4547 aits
1195 4470 1387 4547 Dominus
1392 4471 1541 4569 fiducia
1557 4478 1634 4547 eius
1648 4487 1712 4551 ost.

86 4597 134 4652 atr
160 4602 283 4649 sumus
312 4603 436 4648 omnes
467 4579 535 4651 sub
562 4593 703 4668 peccato
728 4601 814 4648 esse.
875 4577 980 4649 Item:
1008 4578 1055 4651 Ut
1210 4576 1374 4649 Tertium
1391 4583 1588 4650 membrum
1604 4581 1835 4651 concionatur
1852 4581 1895 4649 de
1912 4580 2032 4651 lutura
2049 4579 2095 4648 li-

86 4706 179 4753 mne
208 4704 247 4751 os
273 4684 481 4761 obturetur,
516 4694 550 4750 et
574 4702 654 4749 reus
687 4679 746 4750 fiat
772 4693 868 4751 totus
899 4683 1055 4752 muudus
1110 4681 1310 4765 beratione,
1350 4696 1383 4751 et
1415 4684 1459 4752 dc
1493 4697 1641 4751 venturo
1678 4706 1804 4774 regno,
1845 4683 1946 4775 quasi
1983 4685 2092 4751 dicat:

86 4792 161 4856 teo.
213 4782 260 4853 Et
281 4784 342 4853 alii
369 4783 563 4852 manifestis
590 4781 780 4851 sceleribus
810 4783 940 4872 polluti
960 4796 1054 4870 sunt,
1108 4779 1257 4853 Etiamsi
1275 4806 1372 4853 nunc
1389 4780 1544 4853 Ecclesia
1560 4808 1724 4875 oppressa
1740 4801 1792 4856 est
1806 4785 2010 4874 ingentibus
2034 4809 2094 4853 ae·

86 4910 161 4960 nae
174 4884 333 4954 iudicare
354 4885 445 4956 ratio
462 4898 591 4976 potest:
614 4884 678 4953 alii
695 4906 797 4965 vero,
823 4884 1054 4954 etiamsinon
1107 4886 1245 4956 rumuis
1266 4887 1417 4955 maxima
1442 4908 1525 4974 pars
1549 4886 1688 4975 generis
1712 4883 1859 4958 humani
1885 4888 2007 4977 ignara
2023 4885 2092 4955 Dei

86 4992 206 5062 abent
230 4986 414 5056 manifesta
442 4986 590 5069 scelera,
622 4998 740 5055 tamen
762 5009 880 5055 secum
903 4986 1053 5057 circum·
1107 4987 1301 5058 contemnit
1321 5002 1354 5057 et
1376 4986 1559 5058 conculcat
1573 4985 1786 5080 Ecclesiam,
1811 5004 2013 5080 grassantur
2028 4991 2093 5058 ad·

86 5103 192 5163 runt
210 5088 248 5157 io
264 5102 382 5159 mente
398 5086 651 5167 dubitationes,
676 5087 715 5156 in
730 5088 912 5157 voluntate
926 5102 961 5159 et
974 5112 1054 5158 cor·
1106 5106 1227 5159 versus
1242 5112 1321 5159 eant
1342 5088 1487 5184 tyranni
1502 5103 1537 5160 et
1551 5092 1653 5181 impii
1668 5094 1828 5162 doctores
1850 5115 1890 5160 ac
1914 5087 2090 5162 haeretici.

86 5218 106 5267 a
126 5190 355 5263 securitatem
381 5203 417 5260 et
432 5201 637 5259 contentum
656 5188 781 5259 iudicii
795 5189 928 5274 divini,
953 5213 1053 5260 amo-
1104 5190 1267 5284 Denique
1284 5215 1357 5261 non
1373 5205 1425 5261 est
1437 5193 1529 5262 alius
1547 5206 1665 5262 coetus
1688 5194 1725 5261 in
1743 5196 1876 5262 mundo
1900 5217 2092 5263 aerumno-

86 5320 139 5369 m
179 5292 258 5376 sui,
304 5291 506 5387 tyrannicas
546 5289 772 5377 cupiditates,
810 5292 1052 5375 ambitionem,
1104 5292 1195 5378 sior,
1220 5317 1325 5387 quam
1339 5292 1515 5365 Ecclesia:
1541 5309 1661 5368 tamen
1686 5296 1897 5367 liberabitur
1912 5307 1946 5365 et
1963 5317 2091 5384 regna·

86 5399 226 5477 adium
255 5394 441 5489 premendi
470 5390 740 5479 imbecilliores,
770 5393 938 5467 fiduciam
966 5416 1069 5495 suae·
1102 5395 1157 5467 bit
1170 5395 1339 5487 gloriose,
1366 5411 1453 5469 tunc
1473 5420 1554 5489 cum
1576 5420 1617 5469 ex
1639 5397 1732 5468 Zion
1753 5398 1898 5471 dabitur
1922 5397 2095 5481 salvator,

1115 1618 1207 1696 Non
1232 1635 1437 1721 agnoscunt
1463 1624 1530 1725 qui
1543 1634 1749 1723 operantur·
1764 1623 2014 1724 iniquitatem,
2043 1618 2105 1692 ds·
2216 1620 2227 1645 ⁶

1115 2056 1302 2124 agnoscere
1324 2050 1483 2126 peccata,
1504 2057 1570 2106 nec
1590 2035 1759 2106 invocant
1780 2032 1915 2116 Deum,
1942 2034 2014 2102 imo
2041 2046 2103 2102 aut
2223 2064 2229 2081 =
