4538 5754
118 182 214 259 14³6

120 372 154 429 et
172 354 362 447 Apostolis.
415 349 461 424 Et
477 353 514 421 in
527 349 595 423 hoc
610 366 711 422 coetu
726 351 934 436 Pontifices,
957 346 1106 442 Episco-

71 522 84 535 ,
122 461 179 552 pi,
204 456 338 545 Reges,
363 469 399 526 et
419 456 552 526 multae
568 456 730 524 nationes
746 455 941 525 defendunt
956 452 1106 522 manife-

122 575 192 633 stas
213 553 500 650 εἰδωλομανίας,
526 571 560 628 et
575 569 749 626 conantur
764 556 880 625 delere
900 579 1023 642 puram
1039 557 1105 623 do-

123 662 272 733 ctrinam
298 657 504 748 Evangelii,
540 682 602 750 per
621 652 837 749 Prophetas,
871 653 1051 729 Christum
1074 669 1107 725 et

122 763 314 857 Apostolos
330 763 461 833 traditi.

225 880 328 951 Hanc
364 881 473 971 igitur
506 880 739 951 tristissimam
777 893 812 949 et
846 878 1106 949 acerbissimam

125 985 305 1080 querelam
328 1007 425 1053 nunc
448 983 627 1052 verissime
650 982 777 1073 repetit
792 978 947 1051 Ecclesia
963 975 1107 1050 Christi.

126 1085 264 1159 Omnes
301 1098 437 1175 gentes,
485 1083 670 1166 Saraceni,
718 1082 847 1165 Tucci,
893 1078 1106 1177 hypocritae,

125 1189 306 1281 pontifices
325 1201 359 1256 et
382 1208 479 1272 reges
501 1187 810 1255 circumdederunt
824 1209 900 1255 nos.
954 1180 1000 1252 Et
1015 1183 1107 1252 mul-

125 1292 259 1372 titudo,
287 1290 468 1357 iracundia
490 1310 529 1355 ac
555 1281 774 1356 vehementia
796 1281 952 1355 hostium
974 1285 1108 1374 signifi·

127 1405 200 1462 cata
224 1403 273 1459 est
295 1392 432 1460 duabus
453 1387 770 1474 similitudinibus,
797 1412 903 1480 apum
929 1399 962 1456 et
986 1388 1110 1454 incen-

126 1494 176 1563 dii
203 1495 399 1583 spinarum.
451 1490 582 1580 Magna
605 1504 639 1560 et
662 1490 768 1560 densa
793 1503 876 1558 sunt
898 1513 1004 1581 apum
1029 1512 1106 1557 exa-

127 1599 243 1678 mina,
269 1608 302 1664 et
324 1607 448 1663 natura
473 1593 547 1661 eius
562 1592 684 1662 insecti
703 1592 959 1682 pugnacissima
973 1605 1044 1679 est,
1069 1605 1108 1661 ut

127 1707 299 1766 monstrat
316 1694 546 1784 experientia,
572 1706 604 1762 et
623 1692 796 1782 Virgilius
811 1692 947 1786 iuquit:

213 1810 275 1871 lllis
295 1810 339 1868 ira
360 1809 477 1868 modom
499 1826 588 1887 supra
609 1819 671 1884 est,
699 1808 857 1884 laesaeque
878 1824 1026 1866 venenum

211 1910 354 1975 Mercibus
376 1909 535 1987 inspirant,
565 1919 596 1968 et
618 1907 728 1985 spicula
749 1925 836 1966 coeca
857 1908 1027 1986 relinquunt

210 2011 335 2072 Adflxne
356 2011 454 2086 renis,
483 2010 652 2088 animasque
674 2008 703 2068 in
727 2009 851 2068 vulnere
873 2019 996 2087 ponunt.

229 2131 394 2222 Longum
426 2142 515 2199 esset
543 2128 705 2222 persequi
736 2143 843 2200 totam
874 2126 1109 2197 collationem.

129 2234 199 2313 Sed
216 2235 408 2324 cogitemus
424 2231 633 2300 acerrimum
649 2230 772 2300 odium
786 2244 820 2299 et
830 2230 999 2300 acerrima
1012 2252 1110 2319 prae-

129 2336 177 2406 lia
210 2335 420 2424 significari,
460 2332 663 2422 praesertim
699 2331 914 2422 sapientum:
953 2354 1035 2399 uam
1074 2331 1109 2398 id

129 2462 270 2531 quoque
287 2436 503 2526 significatur
520 2435 700 2502 mentione
716 2458 832 2522 apum.
889 2431 937 2504 Ut
953 2431 1113 2500 videmus

129 2539 254 2609 arsisse
277 2534 486 2608 Pharisaeos
512 2535 685 2603 acerrimo
706 2534 790 2602 odio
815 2534 982 2604 adversus
1005 2527 1110 2602 Chri·

130 2655 223 2710 stum
246 2654 280 2709 et
301 2638 502 2731 Apostolos.
567 2633 630 2706 Est
651 2650 686 2708 et
705 2636 909 2705 incendium
929 2635 1113 2727 spinarum

128 2743 242 2832 imago
259 2740 376 2831 magni
393 2740 555 2830 impetus.

234 2861 304 2932 Sed
338 2855 394 2928 his
422 2856 589 2949 periculis
617 2857 767 2951 opponit
798 2853 962 2928 Christus
991 2880 1113 2927 vocem

131 2958 403 3054 triumphalem,
429 2954 479 3028 ln
499 2957 645 3027 nomine
661 2954 823 3028 Domini
835 2953 959 3028 delebo
973 2954 1053 3038 eos,¹
1077 2959 1112 3025 id

118 3081 204 3150 'est,
229 3063 453 3135 invocatione
477 3076 510 3130 et
533 3062 751 3130 confessione
772 3062 926 3130 nominis
940 3058 1027 3144 Dei,
1054 3060 1113 3153 qui

131 3173 247 3252 adest,
272 3167 380 3252 regit,
404 3163 564 3233 defendit
580 3177 612 3230 et
629 3163 737 3232 salvat
755 3163 856 3230 illum
872 3179 1026 3247 coetum,
1053 3163 1112 3254 qui

131 3269 368 3356 Evangelium
392 3264 503 3355 ipsius
525 3264 743 3347 circumfert,
769 3278 802 3335 et
819 3288 898 3334 vera
915 3265 982 3333 fide
998 3265 1113 3354 ipsum

132 3374 283 3444 invocat.
342 3366 453 3437 Addit
476 3379 592 3434 autem
616 3366 905 3455 amplificationes
927 3388 1113 3436 aerumna-

133 3497 224 3554 rum.
275 3469 358 3540 Non
378 3468 496 3540 ocioso
513 3481 547 3537 et
564 3466 770 3536 dormitanti
786 3469 990 3558 contingent
1004 3467 1115 3536 victo-

134 3574 216 3645 riae.
267 3571 343 3643 lcno
365 3570 465 3663 prius
486 3564 676 3639 horribiles
692 3592 876 3638 aerumnas
892 3570 979 3639 feret
993 3564 1114 3638 Eccle-

133 3674 201 3746 sia:
227 3673 264 3741 id
286 3696 426 3766 quoque
442 3673 544 3740 docet
556 3668 736 3753 Psalmus,
762 3685 796 3741 et
810 3671 982 3761 significat
997 3668 1115 3760 dupli-

135 3799 190 3847 ces
206 3797 411 3856 aerumnas,
435 3773 678 3842 crudelitatem
695 3768 868 3859 hostium,
894 3788 926 3843 et
945 3774 1033 3843 iram
1049 3770 1115 3843 Dei

134 3873 336 3967 castigantis
350 3871 554 3943 Ecclesiam.

236 3994 355 4065 Facile
374 4004 461 4063 essct
483 3991 573 4060 ferre
593 3986 781 4062 hominum
804 3993 972 4081 impetus,
998 3992 1115 4060 sinon

135 4102 316 4173 accederet
339 4118 461 4164 sensus
484 4093 615 4183 peccati
642 4093 754 4162 nostri
775 4106 808 4163 et
824 4094 896 4163 irae
912 4090 1001 4176 Dei,
1028 4092 1119 4162 sicut

136 4203 255 4295 inquit
278 4197 462 4277 Ieremias,
495 4192 667 4286 cap.17.:
695 4193 778 4265 Non
803 4195 850 4265 sis
874 4211 912 4267 tu
935 4190 1024 4264 mihi
1046 4208 1118 4266 ter-

134 4304 227 4388 rori,
253 4323 332 4392 spes
347 4323 425 4368 mea
438 4311 479 4368 tu
491 4297 530 4366 in
545 4297 603 4366 die
618 4295 833 4379 afflictionis.
883 4297 952 4368 Sed
966 4321 1045 4367 cum
1060 4292 1119 4365 hic

135 4406 205 4490 ait,
229 4401 412 4491 Castigaus
433 4399 615 4488 castigavit
637 4423 711 4482 me,
732 4402 916 4483 admonet,
940 4393 1005 4467 has
1026 4398 1118 4467 affli-

137 4508 271 4578 ctiones
302 4527 375 4573 esse
402 4525 551 4591 poenas,
583 4515 747 4571 vocantes
776 4524 841 4570 nos
864 4501 908 4571 ad
933 4499 1116 4591 poeniten·

137 4610 233 4680 tiam.
275 4601 322 4676 Et
343 4603 454 4673 sancti
478 4603 682 4690 intelligunt
704 4616 884 4673 oneratam
909 4625 981 4670 esse
997 4597 1121 4670 Eccle-

138 4713 225 4783 siam
248 4706 355 4777 tantis
373 4704 650 4794 calamitatibus,
677 4719 821 4794 propter
839 4717 1018 4796 peccatum
1036 4698 1120 4772 hae-

138 4835 220 4884 tens
242 4809 281 4879 in
304 4822 447 4890 natura,
480 4813 519 4875 ut
538 4829 767 4894 agnoscamus
789 4819 946 4875 nostram
969 4805 1120 4874 iufirmi-

138 4926 265 4997 tatem,
290 4925 323 4983 et
336 4908 581 4997 confugiamus
595 4909 638 4977 ad
657 4905 945 4977 misericordiam.
997 4904 1120 4998 ltaque

137 5016 318 5099 luctantur
340 5011 408 5100 ipsi
433 5032 572 5092 secum,
596 5009 685 5079 sicut
707 5009 824 5102 inquit
845 5007 991 5078 Paulus:
1019 5005 1120 5077 lutus

135 5132 304 5196 terrores,
329 5110 433 5182 Foris
450 5132 597 5202 pugnae.

145 5284 148 5289 -
234 5233 307 5306 Sed
324 5226 381 5299 his
397 5225 658 5296 calamitatibus
672 5227 822 5317 opponit
835 5223 997 5297 Psalmus
1013 5226 1119 5297 uber-

135 5337 243 5407 rimas
265 5328 544 5413 consolationes,
569 5341 605 5399 et
627 5327 732 5401 linem
755 5343 949 5414 monstrat,
975 5342 1121 5400 testatur

699 177 825 251 PHlL.
854 174 970 250 Mun.
997 173 1207 251 scutata
1235 172 1535 250 uxuouttca.

2043 185 2131 260 stat

1158 345 1351 419 Ecclesiam
1371 348 1420 417 sic
1436 349 1565 439 affligi,
1589 373 1663 420 non
1679 364 1718 423 ut
1733 366 1875 443 pereat,
1901 355 1964 424 sed
1982 369 2022 427 ut
2038 356 2074 425 in
2087 382 2136 428 os-

1158 451 1343 539 stigatione
1367 450 1478 540 magis
1502 467 1667 543 agnoscat
1691 457 1928 553 praesentiam
1955 471 1991 527 et
2012 460 2138 529 miseri·
2178 502 2180 507 ·

1159 553 1314 622 cordiam
1333 551 1417 632 Dei.
1444 566 1574 645 crescat
1590 555 1678 637 fide,
1705 556 1832 628 maiori
1850 559 1985 630 robore
2000 561 2136 633 celebret

1159 668 1192 724 et
1208 655 1415 725 confiteatur
1430 651 1559 726 Deum.

1260 784 1308 858 Et
1321 781 1408 856 haec
1421 788 1546 858 concio
1560 791 1604 860 de
1619 785 1687 861 hoc
1702 788 1773 862 fine
1788 792 2034 866 calamitatum
2050 818 2136 886 saepe

1159 890 1332 979 repetitur
1351 889 1388 956 in
1407 886 1606 982 Prophetis.
1657 889 1721 962 Est
1742 893 1836 963 enim
1860 896 2009 987 propria
2032 911 2067 968 et
2086 916 2136 989 pe·

1131 994 1136 1125 q
1160 992 1301 1060 culiaris
1326 992 1497 1082 sapientia
1517 1018 1620 1063 verae
1633 990 1828 1075 Ecclesiae,
1854 1012 1896 1068 ut
1912 997 2135 1068 psalmata:

1162 1093 1321 1162 Visitaho
1343 1093 1380 1161 in
1404 1094 1500 1184 virga
1524 1096 1727 1190 iniquitates
1745 1121 1889 1184 comm,
1917 1101 2011 1171 etin
2027 1103 2136 1171 verbe·

1161 1197 1259 1264 ribus
1274 1207 1412 1285 peccata
1428 1220 1561 1268 eorum.
1601 1196 1885 1268 Misericordiam
1901 1215 2024 1272 autem
2037 1225 2136 1271 meam

1161 1322 1234 1366 non
1251 1297 1447 1388 dispergam
1463 1298 1574 1371 abeo.
1601 1295 1648 1368 Et
1664 1300 1767 1370 alibi:
1790 1298 1936 1372 Bonmn
1952 1298 2043 1373 mihi
2055 1304 2136 1397 quod

1161 1394 1354 1469 humiliasti
1378 1423 1451 1484 me,
1477 1412 1516 1470 ut
1534 1402 1664 1469 discam
1681 1402 1951 1473 iustificationes
1966 1419 2054 1476 tuas.
2100 1399 2137 1475 sst
2176 1394 2179 1399 ¹

1163 1497 1421 1574 letemiae29.:
1451 1496 1525 1591 Ego
1550 1503 1622 1570 scio
1648 1503 1897 1593 cogitationes,
1925 1530 2016 1599 quas
2037 1506 2136 1596 cogito

1162 1625 1364 1695 supervos,
1388 1604 1439 1674 ait
1453 1604 1645 1688 Dominus,
1668 1606 1899 1695 cogitationes
1917 1607 2016 1700 pacis
2031 1621 2064 1677 et
2076 1629 2137 1676 noo

1163 1704 1391 1796 perditionis,
1416 1719 1457 1773 ut
1480 1708 1561 1774 dem
1584 1706 1685 1774 vohis
1703 1708 1807 1775 finem
1823 1732 1930 1801 quem
1950 1709 2136 1802 expectatis.

1162 1803 1210 1877 Et
1223 1800 1419 1875 Ezechielis
1435 1807 1512 1878 aa:
1543 1806 1633 1876 Vivo
1648 1833 1727 1898 ego,
1755 1810 1838 1878 dicit
1854 1808 2138 1897 Dominuslleus,
2178 1836 2180 1843 ·

1163 1908 1247 1977 nolo
1275 1920 1425 1979 mortem
1456 1910 1665 1999 peccatoris,
1696 1913 1756 1981 sed
1785 1925 1825 1981 ut
1858 1924 2138 1984 convertaturet
2178 1900 2180 1919 '

1164 2010 1271 2082 vival.

1265 2125 1337 2198 Nec
1366 2128 1605 2199 existimemus
1631 2129 1762 2199 frustra
1785 2131 1873 2201 tales
1896 2133 2090 2202 sententias
2106 2131 2137 2201 io

1164 2229 1334 2321 scriptura
1358 2232 1504 2301 traditas
1521 2253 1614 2315 esse,
1640 2246 1699 2303 aut
1717 2255 1789 2300 esse
1805 2234 1970 2323 vulgares
1986 2248 2021 2304 et
2034 2229 2137 2326 philo·

1164 2326 1326 2423 sophicas
1340 2332 1606 2405 consolationes.
1635 2330 1733 2403 Sicut
1747 2348 1781 2404 et
1790 2330 2005 2427 Philosophi
2020 2337 2138 2417 dicunt,
2170 2326 2180 2347 ⁹

1165 2430 1339 2503 Homines
1353 2434 1570 2517 ferocientes,
1593 2435 1700 2502 rebus
1713 2436 1868 2504 adversis
1881 2438 1927 2505 ad
1945 2437 2137 2507 modestiam
2178 2444 2180 2449 '

1164 2535 1333 2606 revocari.
1386 2536 1491 2626 Quod
1516 2536 1578 2604 etsi
1596 2559 1718 2604 verum
1736 2551 1804 2619 est,
1829 2551 1951 2607 tamen
1967 2541 2014 2607 de
2030 2539 2138 2606 aliare

1166 2636 1422 2706 concionantur
1433 2632 1646 2726 Prophetae,
1672 2638 1804 2735 scilicet
1820 2640 1865 2708 de
1881 2638 2139 2710 voluntatellei.

1165 2736 1220 2808 De
1248 2733 1314 2807 hac
1338 2737 1504 2806 dubitant
1527 2738 1638 2806 animi
1663 2739 1701 2807 in
1724 2741 1829 2808 rebus
1851 2741 2032 2821 adversis,
2064 2742 2140 2811 sicut

1167 2840 1261 2929 apud
1281 2836 1491 2928 Euripidem
1513 2839 1600 2909 dicit
1623 2838 1790 2925 Hecuba,
1830 2855 1911 2930 post
1934 2857 2070 2934 captam
2089 2866 2140 2912 nr-

1168 2942 1267 3024 bem,
1291 2940 1462 3009 invocans
1477 2937 1589 3022 Deos,
1615 2964 1652 3009 se
1676 2942 1842 3011 invocare
1863 2943 2016 3028 ignavos
2038 2943 2141 3035 opitu·

1167 3043 1314 3125 latores,
1346 3037 1485 3123 κακοὺς
1505 3034 1737 3133 συμμάχους.
1806 3042 1923 3115 Nimis
1947 3069 2033 3115 vere
2055 3058 2140 3137 poeta

1168 3143 1339 3213 iudicium
1363 3144 1511 3213 rationis
1533 3159 1566 3214 et
1589 3144 1700 3211 animi
1723 3157 1859 3212 motum
1881 3147 1923 3215 in
1938 3147 2061 3238 impiis
2075 3148 2141 3237 pio-

1167 3246 1227 3335 git.
1280 3243 1339 3316 Sic
1363 3241 1526 3315 homines
1550 3246 1703 3314 naturali
1728 3246 1861 3314 iudicio
1882 3251 1923 3316 in
1945 3248 2141 3319 verisdolo-

1167 3348 1266 3415 ribus
1284 3360 1477 3436 agnoscunt
1492 3368 1527 3415 se
1543 3360 1689 3437 propter
1706 3348 1888 3417 malefacta
1905 3350 2049 3439 puniri,
2071 3366 2141 3422 etse

1158 3444 1319 3518 abiectos
1337 3472 1410 3519 esse
1424 3474 1443 3516 a
1460 3445 1555 3531 Deo,
1576 3471 1681 3540 quem
1695 3451 1854 3520 sentiunt
1868 3442 1977 3521 irasci
1994 3448 2144 3524 humanis

1168 3551 1324 3630 delictis,
1351 3564 1384 3620 et
1400 3550 1522 3619 vident
1531 3571 1573 3618 se
1588 3571 1691 3619 ruere
1706 3550 1743 3618 in
1759 3565 1941 3622 aeternam
1956 3567 2102 3625 mortem
2115 3567 2145 3622 et

1168 3676 1331 3744 poenam.

1271 3769 1313 3839 ln
1335 3766 1391 3840 his
1412 3771 1577 3841 fluctibns
1591 3785 1626 3842 et
1637 3772 1802 3863 procellis
1815 3773 2019 3864 opitulatur
2034 3772 2146 3846 hcrma-

1170 3898 1235 3942 nae
1265 3874 1375 3940 menti
1406 3898 1473 3942 vox
1496 3870 1583 3955 Dei,
1617 3887 1651 3942 et
1683 3875 1851 3964 proponit
1875 3879 2145 3949 consolationem

1170 3976 1326 4064 ignotam
1351 3975 1482 4042 rationi
1507 3987 1540 4045 et
1561 3970 1826 4066 philosophiae,
1858 4000 1899 4046 ac
1922 3992 2073 4050 testatur
2092 4002 2147 4048 ro-

1171 4077 1340 4146 luntatem
1363 4074 1430 4146 Dei
1459 4099 1548 4157 esse,
1582 4101 1655 4145 non
1680 4079 1826 4169 perdere
1847 4101 1907 4148 eos
1930 4105 2023 4173 quos
2045 4081 2147 4172 punit

1171 4180 1230 4246 sed
1260 4178 1433 4266 castigatis
1465 4178 1664 4262 ignoscere,
1693 4180 1721 4247 si
1751 4181 1898 4251 credant
1929 4182 2148 4273 promissioni

1171 4279 1302 4368 gratiae
1317 4292 1462 4373 propter
1470 4277 1602 4348 Filium
1613 4279 1680 4350 Dei
1697 4281 1903 4371 promissae.
1955 4282 2148 4356 SicutPsn·

1173 4382 1228 4449 lus
1256 4381 1427 4451 clamitat:
1461 4381 1647 4452 Conclusit
1669 4383 1770 4454 Deus
1793 4406 1919 4452 omnes
1942 4386 2013 4456 suh
2040 4409 2149 4479 pecca·

1173 4497 1264 4566 tum,
1290 4496 1329 4551 ut
1343 4482 1502 4552 omnium
1520 4482 1746 4568 misereatur,
1772 4486 2006 4577 quasidicat,
2032 4512 2102 4558 non
2115 4500 2150 4559 ot

1173 4586 1313 4674 perdat,
1339 4585 1398 4653 sed
1418 4584 1533 4675 potius
1551 4599 1591 4653 ut
1604 4587 1729 4655 r'eddat
1744 4574 2149 4683 saluteai·ihvocsntil)us

1173 4687 1300 4775 ipsum.
1360 4683 1460 4756 Sicut
1484 4685 1589 4754 dixit:
1626 4684 1756 4756 lnvoca
1779 4681 1989 4783 utffih'die
2013 4691 2148 4762 tribula·

1173 4788 1299 4867 tionis,
1324 4801 1359 4858 et
1375 4787 1523 4878 eripiam
1538 4800 1585 4860 te.

1274 4920 1352 4992 Hae
1375 4934 1409 4991 et
1431 4921 1564 4990 clusiles
1586 4903 2061 5017 promissiones-,infigendae
2080 4940 2146 5001 sunt

1173 5024 1328 5108 animis,
1350 5037 1385 5092 et
1409 5024 1641 5093 discernenda
1667 5019 1762 5119 haec'
1776 5018 1939 5111 doctrilra
1964 5028 2144 5126 Propheta-

1172 5150 1272 5210 rum,
1304 5150 1322 5193 a
1347 5119 1573 5216 philosophia
1604 5140 1639 5196 et
1666 5123 1800 5223 iudicio
1827 5122 1984 5201 rationis
2008 5150 2042 5205 et
2066 5133 2142 5224 legis.

1174 5227 1261 5298 ldeo¹
1281 5228 1376 5295 enirn
1399 5225 1604 5315 diligentius
1628 5226 1902 5323 repetitaesunt
1924 5227 1997 5305 hae
2015 5236 2141 5327 prornis-

1155 5331 1287 5400 ‹siooes
1304 5329 1342 5397 in
1358 5327 1542 5398 sententiis
1556 5341 1591 5399 et
1605 5328 1791 5423 exemplis,
1815 5343 1856 5401 ut
1868 5332 2050 5410 discamus
2061 5337 2139 5409 aliter

2177 5412 2180 5469 l
