4538 5754
156 247 290 339 ..ns‘
417 254 628 334 senuna
653 252 730 331 ru.
755 251 872 328 uno.
897 251 965 324 au
990 248 1118 325 rusr.
1144 244 1291 323 onor.
1316 241 1383 316 ur
1411 238 1605 315 eureos.
1630 236 1954 314 sencinum.
2003 262 2008 268 ·
2131 235 2207 316 sss

185 403 311 478 ¹⁸⁶5OE
326 406 455 469 ¹¹¹⁰d⁰³
468 428 627 512 “mendi
651 423 855 506 deliniendi,
881 422 1086 507 dividendi,
1111 445 1172 489 co·
1221 417 1310 487 rtico
1326 411 1410 483 satis
1423 410 1547 482 fuisset
1568 410 1702 481 dicere:
1729 407 1899 479 Defensio
1921 422 2046 481 contra
2068 406 2208 478 violen-

191 500 423 594 ⁸ssm⁹⁰¹³⁰dl
447 522 530 568 ΨΜ
552 512 771 608 ξπ5“·ιι,,ειιιι,
803 538 838 595 et
867 524 1048 595 refutandi
1072 522 1172 595 falsa.
1223 517 1309 588 tiam
1333 513 1517 583 manifeste
1539 512 1728 596 iniustam,
1761 510 1839 581 iure
1870 524 2019 581 naturae
2044 531 2208 580 concessa

192 605 254 678 Sic
279 600 419 690 ierit)Sit
443 598 970 699 A¹⁸¹³¹1d⁰rdmrodtsiensis2
1002 621 1173 694 Dialecti-
1223 629 1293 702 est,
1317 597 1440 688 Cicero
1456 608 1549 684 hanc
1566 610 1848 705 propositionem
1865 633 1974 704 quam
1992 610 2117 683 multis
2130 610 2210 679 ver·

195 726 274 776 ⁰³¹⁰
298 699 428 770 Vflfffli
453 699 545 769 ‘lm
566 697 763 790 quamlibet
780 718 980 806 rumasiam,
1006 725 1100 816 quod
1125 722 1174 791 ita
1224 719 1281 789 bis
1304 717 1477 787 illustrat:
1508 711 1576 785 Est
1592 736 1676 803 ergo
1688 708 1788 784 baec.
1846 708 2005 796 ludices,
2028 734 2105 783 non
2122 711 2210 781 scri·

197 802 433 890 intelligatur:
457 820 533 869 nou
547 798 715 868 nescires
735 791 1000 903 inDialectica,
1023 821 1083 888 „d
1098 842 1176 886 mo.
1226 832 1305 900 μὴ
1332 817 1392 884 ,ed
1414 828 1497 886 m„
1519 815 1596 900 lex,
1622 837 1728 907 quam
1749 833 1824 880 m„
1845 810 2053 897 dnh-dmm,
2068 812 2213 903 mpi-

198 905 285 973 dum
302 915 336 972 et
351 901 500 971 sormam
517 898 667 969 docendi
682 897 775 968 tradi
798 895 836 964 in
854 895 1064 983 Dialectica‚
1090 904 1181 969 sicus
1212 927 1327 984 mus,
1353 898 1672 995 legrrm,.„,erum
1689 937 1730 981 εχ
1745 923 1871 1011 mm„
1887 911 1963 1001 ⁵9⁸³
1985 912 2215 1003 ,159qu

196 997 433 1074 Arithmetica
454 1014 620 1071 numerat
641 999 728 1068 alias
750 1021 894 1078 aurum,
927 997 1013 1068 alias
1035 998 1181 1090 lapides,
1231 1000 1433 1078 hausimus,
1459 1014 1523 1066 eto.
1561 998 1967 1077 Hionicoeamcutiouts
1981 1012 2149 1104 propriu,
2164 1026 2215 1084 οη

202 1104 289 1174 alias
313 1104 399 1183 alia,
430 1126 492 1171 seu
515 1114 555 1171 ut
579 1099 767 1170 statuarius
799 1098 885 1166 alias
910 1112 1060 1169 statuam
1076 1123 1117 1168 ex
1134 1098 1180 1166 li·
1230 1094 1450 1167 Rhetorices.
1491 1089 1662 1186 Exempla
1677 1097 1811 1189 ubique
1825 1100 1931 1170 obvia
1945 1116 2048 1188 suut,
2073 1115 2216 1185 sedad-

172 1242 175 1249 ·
198 1228 291 1294 gno,
315 1204 402 1272 alias
415 1227 456 1271 ex
471 1202 588 1294 lapide
603 1201 698 1274 lacit.
735 1195 869 1295 Estque
885 1199 1076 1268 discrimen
1091 1223 1178 1269 cou-
1230 1196 1354 1264 demus
1369 1195 1514 1264 unicum
1529 1218 1570 1263 ex
1578 1193 1720 1267 Psalmo
1731 1201 1777 1266 de
1785 1203 1991 1272 concordia:
2004 1199 2097 1277 Ecce
2105 1230 2214 1300 quam

198 1306 429 1378 siderandum
443 1303 626 1385 materiae,
652 1316 685 1372 et
700 1301 849 1384 artium,
875 1324 965 1393 quae
979 1310 1181 1371 monstrant
1230 1294 1379 1365 bouum.
1411 1293 1612 1386 Propositio
1629 1310 1697 1383 est,
1721 1295 1922 1371 Concordia
1935 1304 2214 1392 gubernantium

199 1405 364 1477 ordinem
382 1417 416 1473 et
434 1405 579 1472 modum
596 1401 795 1472 fabricandi
810 1400 945 1495 aliquid
963 1425 1004 1471 ex
1020 1399 1181 1473 materia.
1230 1392 1444 1485 Ecclesiam,
1473 1411 1509 1467 et
1529 1419 1632 1468 verae
1655 1399 1838 1471 doctrinae
1860 1425 2035 1475 consensu
2059 1408 2215 1478 coniun-

127 1564 130 1570 .
198 1504 281 1577 Huc
296 1503 458 1594 congruit
473 1505 535 1573 illa
551 1517 651 1574 vetus
671 1501 830 1572 delinitio
856 1501 998 1570 recitata
1019 1501 1058 1569 iu
1074 1499 1180 1571 Petro
1232 1510 1388 1581 ctorum,
1412 1496 1575 1568 salutaris
1589 1511 1650 1568 est.
1691 1492 1792 1570 utin
1807 1515 1985 1592 postremo
2002 1530 2106 1578 versu
2121 1509 2214 1581 ratio

199 1604 382 1697 Hispano,
407 1630 514 1698 quam
532 1603 733 1673 meminisse
750 1627 826 1672 uon
847 1615 899 1672 est
921 1602 1066 1673 inutile:
1091 1597 1179 1671 Dia·
1232 1597 1396 1688 additur,
1421 1599 1504 1690 quia
1518 1595 1615 1670 Deus
1630 1595 1761 1670 ¹talium
1785 1604 2086 1678 consentientium
2110 1609 2214 1681 labo·

197 1706 323 1779 lectica
345 1719 397 1775 est
424 1728 482 1774 ars
509 1705 657 1788 artium,
690 1704 835 1772 scientia
858 1703 1102 1785 scientiarum,
1134 1701 1177 1768 ad
1233 1721 1288 1765 res
1301 1697 1457 1771 adiuvat.
1507 1695 1603 1769 Haec
1622 1701 1670 1769 ita
1691 1703 1787 1772 uude
1810 1705 2004 1776 recitantur
2028 1708 2213 1781 dialectico

198 1808 360 1880 omnium
370 1801 800 1898 methodorumprincipia
810 1805 902 1893 viam
914 1798 1058 1873 habens.
1084 1799 1179 1870 Lau·
1233 1822 1343 1880 more,
1367 1800 1427 1866 sed
1445 1799 1651 1872 intexuntur
1662 1816 1881 1888 ornamenta,
1905 1831 1995 1898 quae
2009 1832 2214 1903 quanquam

199 1909 298 1980 datio
314 1908 454 1978 videtur
469 1905 631 1992 ridicula,
654 1908 715 1975 sed
728 1896 1028 1993 sio'intelligatur:
1055 1902 1180 1973 Diale·
1233 1911 1267 1969 et
1283 1898 1358 1990 ipsa
1373 1913 1456 1969 suut
1472 1900 1611 1985 brevia,
1637 1913 1754 1971 tamen
1769 1917 1853 1974 sunt
1867 1905 2021 1978 illustres
2044 1910 2216 2001 picturae.

200 2010 289 2081 ctica
313 2022 365 2078 est
388 2029 445 2077 ars
467 2006 615 2091 artium,
639 2006 680 2097 id
701 2019 770 2086 est,
797 2029 872 2075 nou
894 2004 1065 2094 dignitate
1079 2016 1178 2072 ante·
1233 1996 1325 2068 Tam
1350 2000 1468 2069 suavis
1495 2024 1550 2071 res
1566 2015 1629 2071 -est
1652 2005 1859 2087 concordia,
1891 2029 1996 2099 quam
2020 2012 2140 2080 suavis
2161 2025 2215 2082 est

200 2112 339 2192 cedens,
354 2110 416 2178 sed
432 2108 665 2179 ususerviens
681 2106 849 2177 omnibus
864 2105 1000 2176 artibus
1015 2118 1048 2174 et
1064 2103 1180 2188 scien·
1232 2100 1324 2170 odor
1335 2100 1524 2189 fragrantis
1540 2102 1705 2188 balsami,
1728 2107 1824 2198 quod
1848 2129 1888 2175 er
1906 2108 2061 2179 Aaronis
2081 2113 2216 2182 vertice

78 2235 81 2243 ’
199 2212 271 2286 tiis.
320 2208 402 2280 Nou
426 2209 522 2278 enim
542 2204 602 2278 hic
624 2209 873 2279 discernantur
892 2227 949 2274 ars
972 2204 1177 2288 etscientia,
1232 2201 1272 2268 in
1295 2214 1406 2272 totam
1429 2216 1560 2273 vestem
1575 2204 1788 2295 pontificiam
1805 2207 1949 2295 largiter
1963 2211 2099 2282 defluit.
2152 2210 2216 2281 Pi·

199 2314 262 2383 sed
280 2323 428 2402 utroque
443 2309 589 2379 nomine
601 2308 818 2398 significatur
830 2328 913 2376 vera
929 2305 1091 2396 doctrina
1106 2305 1179 2374 uti-
1232 2315 1331 2372 ctura
1347 2315 1399 2372 est
1414 2303 1646 2392 pulcerrima,
1669 2305 1700 2374 si
1717 2307 1818 2398 quasi
1836 2309 1990 2396 positum
2007 2311 2047 2380 in
2062 2335 2215 2404 conspe-

69 2493 76 2501 ,
198 2413 289 2481 lium
306 2411 606 2502 praeceptionum.
657 2407 930 2477 Harumautem
953 2430 1082 2477 vocum
1106 2405 1179 2474 dis-
1233 2415 1291 2471 ctu
1308 2404 1509 2493 pontificem
1533 2418 1650 2473 mente
1668 2406 1855 2491 intuearis,
1879 2424 2045 2483 ornatum
2065 2435 2128 2482 aua
2152 2437 2217 2481 ve-

201 2512 350 2582 crimina
372 2512 411 2578 in
430 2508 990 2600 praedicamentisrecitabuntur.
1039 2502 1179 2575 Deinde
1232 2518 1302 2583 ste,
1328 2517 1380 2589 et,
1409 2519 1448 2574 ut
1472 2512 1546 2574 erat
1572 2510 1811 2592 cousuetudo,
1839 2512 2117 2597 generosissimis
2141 2537 2216 2582 un·

198 2612 335 2704 iuquit,
360 2612 407 2680 ad
428 2610 591 2679 omnium
616 2604 864 2680 methodorum
886 2607 1061 2698 principia
1085 2607 1179 2676 viam
1232 2604 1370 2691 guentis
1386 2606 1580 2695 perfusum.
1632 2606 1702 2676 Sed
1721 2630 1785 2676 cur
1798 2610 2015 2681 mentionem
2031 2610 2215 2683 Pontificis

200 2704 355 2795 habens,
389 2712 427 2780 id
450 2722 522 2800 est,
553 2711 592 2778 in
615 2701 783 2780 omnihus
804 2708 961 2779 materiis
983 2701 1180 2786 methodos,
1232 2698 1339 2774 lacit?
1373 2703 1468 2793 Quia
1492 2707 1702 2776 concordiae
1726 2708 1870 2780 initium
1884 2725 1918 2780 et
1933 2712 2116 2782 vinculum
2137 2737 2215 2783 csse

71 2854 74 2859 -
198 2807 269 2882 hoc
282 2815 351 2894 est,
375 2814 469 2881 viam
485 2811 636 2880 docendi
652 2810 860 2892 instituens,
884 2822 925 2879 ut
938 2809 968 2877 si
984 2809 1120 2878 medico
1136 2809 1180 2876 de
1232 2805 1405 2893 significat
1434 2829 1645 2876 consensum
1677 2812 1722 2878 de
1756 2833 1838 2879 vera
1873 2809 2047 2885 doctrina.
2106 2812 2215 2884 Talia

199 2914 326 2983 morbo
340 2912 459 3005 aliquo
476 2911 666 2982 dicendum
681 2912 765 2994 erit,
791 2923 935 3002 quaeret
948 2909 1068 2997 sigua,
1094 2931 1179 2977 cau·
1233 2907 1391 2997 exerripla
1422 2906 1613 2977 discrimen
1642 2907 1848 2981 Dialectices
1877 2925 1912 2982 et
1935 2910 2145 2986 Rhetorices
2175 2916 2215 2982 in

201 3035 275 3095 tos,
301 3013 455 3098 effectus,
480 3013 670 3083 constituet
688 3011 912 3081 definitiones
927 3024 960 3079 et
975 3009 1178 3080 divisiones.
1232 3007 1441 3099 quotidiana
1457 3007 1608 3079 lectione
1623 3013 1821 3085 ostendent.

199 3111 240 3183 si
254 3114 496 3184 concionatori
512 3113 701 3183 dicendum
718 3113 784 3183 erit
799 3113 843 3180 de
858 3110 1094 3200 poenitentia,
1119 3133 1180 3178 ex-

198 3229 308 3303 ponet
322 3229 357 3285 et
373 3215 447 3305 ipse
463 3214 698 3296 definitiones,
718 3226 852 3303 partes,
866 3232 1007 3291 causas,
1023 3210 1179 3284 effectus.
1232 3169 1315 3248 υἷ’)
1336 3181 1554 3300 ‘mimula
1577 3181 1725 3303 “llluffs
1759 3203 1857 3272 (ΜΒ
1882 3183 2091 3259 utilitatem
2108 3189 2216 3259 ›Din-

1333 3330 1340 3341 ·
1425 3280 1590 3352 lecticae
1612 3280 1715 3355 nobes
1735 3283 2010 3360 commendant.

275 3380 375 3468 9¹⁴&i
398 3375 589 3478 ‘liffeim
604 3380 818 3459 maledica
840 3387 877 3449 θ’
891 3376 1104 3451 Rhmrlca·
1325 3406 1503 3483 >Contenti
1517 3413 1628 3483 simus
1642 3412 1802 3485 Platonis
1819 3417 2041 3501 testimoniis,
2067 3421 2129 3515 qui
2145 3423 2213 3494 ait:

299 3511 381 3586 Etsi
401 3515 466 3585 alii
490 3513 577 3584 alias
597 3512 814 3583 differentias
839 3526 1032 3604 quaerunt,
1063 3524 1182 3585 tamen
1232 3505 1451 3583 Dialecticen
1472 3507 1647 3584 humanos
1666 3517 1789 3585 oculos
1813 3518 1851 3584 in
1872 3542 2022 3589 coenum
2047 3523 2214 3593 barbari·

200 3613 269 3685 hoc
282 3615 472 3685 discrimen
490 3614 630 3684 illustre
644 3626 680 3683 et
695 3637 817 3683 verum
828 3626 896 3684 est:
927 3612 1072 3684 Vicinae
1089 3628 1182 3685 artes
1233 3635 1315 3682 cum
1324 3612 1475 3685 infossos
1483 3614 1613 3684 sensim
1628 3617 1790 3687 attollere
1805 3629 1837 3687 e't
1854 3619 2062 3710 abstergere,
2077 3637 2116 3693 ut
2126 3648 2213 3714 pro·

200 3731 295 3801 sunt,
319 3717 377 3785 sed
396 3717 457 3797 ita,
475 3713 667 3788 Dialectica
682 3713 774 3793 eirca
789 3738 910 3783 omnes
924 3714 1087 3785 materias
1101 3738 1181 3784 ver·
1234 3713 1315 3803 pius
1328 3714 1500 3805 aspicere,
1521 3728 1557 3785 ct
1572 3716 1699 3786 ordine
1713 3718 1936 3789 considerare
1954 3744 2010 3790 res
2025 3724 2213 3813 possimus,

200 3831 309 3902 satur,
331 3830 365 3887 et
379 3840 499 3886 rerum
514 3837 669 3886 summas
684 3816 836 3907 propriis
852 3816 970 3885 verbis
985 3817 1081 3884 nude
1098 3839 1182 3907 pro·
1233 3815 1425 3906 procedere
1447 3839 1467 3883 a
1492 3815 1604 3904 signis
1628 3819 1674 3886 ad
1704 3841 1844 3903 causas,
1877 3832 1912 3891 et
1935 3823 2134 3894 discernere
2159 3850 2212 3911 ea,

198 3918 321 4011 ponit,
346 3941 410 3986 nec
433 3940 540 3986 unam
561 3917 771 3987 sententiam
797 3916 959 4007 pluribus
981 3917 1099 4007 verbis
1120 3929 1182 3986 aut
1234 3937 1324 4008 quae
1337 3913 1536 3986 offeruntur
1547 3917 1710 3988 sensibus
1731 3919 1896 4004 confusa,
1921 3935 1956 3992 et
1976 3938 2070 3995 recte
2089 3940 2213 4001 conto-

199 4015 371 4090 adhihitis
387 4016 584 4086 luminibus
598 4016 789 4104 figurarum
806 4016 938 4107 pingit,
962 4014 1032 4086 Sed
1040 4011 1180 4086 Rheto-
1233 4038 1314 4085 xere
1329 4029 1555 4104 argumenta,
1581 4033 1616 4090 et
1632 4016 1941 4094 noncohaerentia
1958 4046 2080 4095 rursus
2094 4025 2212 4097 divel-

199 4118 274 4190 ri'ca
292 4118 392 4189 addit
404 4130 567 4188 ornatum
586 4115 623 4182 in
639 4110 876 4205 hismeteriis,
901 4137 993 4208 quae
1009 4115 1182 4187 orationis
1233 4117 1317 4187 lere.
1369 4116 1453 4187 Alio
1466 4117 1545 4187 loco
1561 4118 1678 4212 inquit
1691 4118 1810 4192 Plato:
1834 4117 2050 4195 Dialecticen
2066 4149 2213 4200 essear·

164 4234 166 4238 “
200 4219 303 4313 copia
320 4233 354 4290 et
364 4215 732 4309 splendoreillustrari
747 4229 781 4285 et
797 4214 893 4284 varie
907 4215 1003 4305 pingi
1021 4229 1180 4307 possunt.
1233 4229 1304 4286 tem
1337 4217 1448 4288 dandi
1482 4232 1518 4289 et
1548 4220 1745 4311 accipiendi
1764 4244 1963 4308 sermones,
1991 4220 2128 4298 δοῦναι
2147 4229 2212 4303 καὶ

199 4311 282 4394 Non
308 4320 402 4390 enim
426 4339 549 4389 omnes
574 4316 741 4388 materiae
763 4315 938 4406 recipiunt
960 4316 1062 4385 illum
1085 4317 1181 4389 nito·
1233 4313 1489 4398 ἀποδέξασθαι
1502 4312 1653 4416 λόγους,
1680 4323 1807 4415 quain
1826 4346 1866 4393 re
1887 4339 2020 4416 quanta
2042 4327 2089 4398 sit
2109 4330 2212 4400 utili·

182 4443 297 4505 -rem,
321 4435 380 4510 ut,
406 4416 597 4490 Geometer
618 4416 687 4488 erit
710 4416 851 4506 ineptus
874 4429 908 4486 et
923 4417 1114 4504 ridiculus,
1138 4419 1181 4500 si,
1232 4431 1304 4501 tas,
1330 4419 1543 4509 experientia
1562 4435 1745 4514 monstrat.
1797 4422 1847 4495 Ut
1863 4426 1958 4493 enim
1977 4428 2022 4495 de
2036 4428 2211 4500 auditori-

200 4533 243 4592 ut
257 4520 480 4592 Declamator
496 4519 568 4589 suis
583 4516 949 4589 demonstrationibus
966 4519 1096 4588 addere
1118 4541 1182 4586 vo·
1233 4519 1300 4589 hus
1321 4531 1459 4589 tautum
1483 4521 1618 4606 dicam,
1643 4523 1749 4592 etiam
1769 4545 1869 4592 senes
1893 4528 2132 4599 mediocribus
2154 4533 2211 4602 in-

200 4621 251 4691 let
263 4632 470 4690 omameuta
487 4617 654 4691 oratoria.
689 4613 737 4689 Et
751 4617 789 4686 in
805 4618 928 4687 multis
949 4618 1080 4703 causis,
1098 4643 1181 4690 cum
1233 4618 1346 4708 geniis
1361 4621 1530 4710 praediti,
1556 4620 1675 4693 sinon
1691 4624 1764 4694 sint
1784 4626 1829 4692 ad
1844 4624 2064 4698 Dialecticen
2089 4653 2211 4702 assue-

200 4720 354 4792 docendi
375 4733 460 4790 suut
483 4714 666 4799 homiues,
695 4720 808 4809 magis
828 4731 967 4790 amatur
987 4715 1180 4791 Dialectica
1232 4719 1334 4800 lacti,
1359 4720 1548 4792 difficulter
1561 4723 1681 4792 doceri
1703 4735 1867 4814 possunt,
1893 4729 1990 4819 quod
2011 4752 2113 4820 saepe
2131 4735 2212 4803 ani-

200 4821 409 4913 pmprtetas‚
432 4842 538 4912 quam
554 4819 760 4890 ambitiosus
776 4831 932 4892 ornatus.
961 4816 1033 4888 Sed
1049 4817 1089 4886 in
1103 4840 1180 4891 me-
1232 4820 1406 4916 madverti
1422 4829 1547 4913 potest.
1597 4819 1688 4893 Nam
1706 4848 1771 4892 uec
1785 4842 2071 4913 argumentorum
2095 4847 2211 4921 partes

200 4922 298 4994 retiis
315 4918 508 5007 moralibus
523 4920 754 4992 dominantur
768 4920 829 4989 illa
841 4920 1031 4990 verborum
1045 4920 1180 5010 etfigu-
1232 4919 1406 5010 arripere,
1430 4936 1465 4994 et
1481 4921 1608 4993 ordine
1621 4924 1805 5016 complecti
1821 4942 1937 4996 mente
1953 4946 2119 5020 possunt,
2146 4957 2211 5006 nec

197 5046 318 5094 rarum
336 5020 493 5107 lumina,
518 5021 648 5112 quihus
662 5022 866 5090 excitandus
889 5033 941 5090 est
961 5019 1121 5106 auditor,
1145 5033 1180 5090 et
1231 5022 1375 5106 vident,
1400 5023 1445 5092 de
1465 5046 1535 5115 qua
1558 5035 1659 5114 parte
1681 5024 1727 5094 sit
1754 5025 1952 5109 dimicatio,
1979 5045 2014 5101 et
2034 5052 2137 5124 saepe
2160 5038 2211 5122 lit,

197 5124 238 5194 in
254 5123 467 5216 cogitatione
479 5121 587 5193 unius
602 5121 795 5193 sententiae
807 5120 870 5192 diu
885 5120 1104 5204 retinendus,
1118 5121 1180 5193 aut
1202 5198 1205 5234 Ι
1230 5134 1272 5193 ut
1287 5145 1367 5192 cum
1384 5123 1560 5214 quispiam
1582 5124 1627 5193 de
1651 5124 1745 5196 alliis
1769 5126 1978 5216 interroget,
2002 5133 2146 5203 auditor
2164 5141 2208 5206 de

197 5224 303 5298 etiam
316 5222 526 5317 fulminibus
541 5222 729 5292 verborum
744 5224 928 5293 terrendos
942 5233 977 5292 et
991 5222 1179 5313 impellen·
1230 5222 1346 5314 caepis
1360 5224 1579 5315 respondeat.
1631 5224 1752 5314 Quare
1770 5251 1845 5297 non
1872 5231 1986 5299 solum
2009 5234 2053 5302 ad
2078 5235 2209 5306 docen-

136 5338 175 5414 ᾖ
195 5330 274 5404 dus·
308 5318 463 5418 U,‚,<„',·,d
479 5323 684 5399 Ciceronem
700 5345 764 5413 pm
783 5321 933 5402 Milone,
956 5346 1037 5393 cum
1057 5323 1177 5394 Diale.
1230 5324 1340 5412 dum,
1360 5326 1422 5393 sed
1446 5325 1571 5411 etiam,
1596 5340 1637 5399 ut
1663 5327 1701 5398 in
1723 5328 1892 5399 discendo
1915 5333 2067 5427 qtrndam
2090 5337 2209 5410 dexte-
