4538 5754
118 277 194 349 608
352 264 563 346 SCRIPTA
590 264 667 342 PH.
693 262 809 337 Mun.
837 261 903 338 hl)
929 262 1061 338 HIST.
1085 211 1232 340 PllOF.
1259 261 1326 338 ET
1350 261 1545 340 PHILOS.
1572 262 1895 344 SPECTANTlA.
2066 281 2135 353 604

273 438 430 512 Ecclesia
446 438 665 521 servabitur,
1309 433 1446 506 Omnes
1465 435 1552 505 boni
1570 438 1714 509 affectus
1736 441 1775 509 in
1799 435 1944 515 homine
1968 451 2136 519 contami·

274 542 406 616 Sumen
420 534 587 612 Abrahae
604 551 655 607 est
670 533 846 621 Ecclesia,
1360 551 1493 607 uantur
1509 541 1553 607 ab
1569 539 1812 612 imbecillitate
1831 539 2005 630 humana,

273 640 368 732 Ergo
403 643 453 712 sic
479 639 697 724 servabitur,
734 662 809 708 uon
835 637 1012 709 delebitur
1035 633 1103 708 hoc
1309 633 1464 733 στοργαὶ
1481 653 1563 708 sunt
1579 664 1640 730 per
1655 665 1692 711 se
1705 644 1793 712 honi
1807 644 1964 738 affectus,

324 743 515 834 templum,
541 755 605 811 etc.
816 802 820 809 .
1310 732 1405 828 Ergo
1425 734 1581 837 στοργαὶ
1597 765 1658 831 per
1672 765 1709 813 se
1725 747 2029 818 contaminantur.

223 845 392 936 Neganda
410 855 464 913 εει
485 839 735 932 consequentia
744 889 757 925 ,
784 837 868 932 quia
887 839 968 932 plus
989 852 1041 909 est
1063 839 1102 907 in
1258 833 1355 907 Haec
1371 840 1555 929 particula,
1574 840 1706 928 Perse,
1722 846 1880 918 nonfuit
1896 849 2138 920 transferenda

123 945 368 1027 conclusione,
393 967 499 1037 quam
513 942 582 1012 luit
596 942 636 1010 in
651 941 859 1031 praemissis.
1156 934 1196 1003 in
1220 939 1504 1025 conclusionem,
1529 941 1611 1034 quia
1637 967 1711 1014 non
1736 961 1787 1017 est
1808 947 2006 1039 principale
2030 973 2138 1020 mem-

222 1047 330 1139 Apud
345 1043 552 1115 Ciceronem
575 1043 614 1110 in
637 1043 751 1133 primo
771 1042 865 1112 libro
892 1043 936 1111 de
950 1037 1104 1112 Oratore
1156 1039 1273 1124 hrum,
1299 1064 1364 1111 nec
1382 1044 1426 1113 ad
1443 1040 1683 1132 praedicatum
1699 1047 1937 1117 conclusionis
1953 1050 2119 1140 pertinet.

123 1152 205 1222 talis
222 1164 273 1220 est
287 1146 440 1218 Antonii
455 1143 696 1237 syllogismus:
2070 1164 2072 1169 ·

172 1316 174 1321 ,
276 1247 422 1319 lnutilia
440 1269 514 1313 non
528 1258 611 1314 sunt
624 1244 813 1327 discenda,

273 1347 317 1418 In
335 1340 567 1437 Philosophia
582 1345 791 1416 mulsasuns
806 1345 966 1431 inutilia,
1262 1338 1305 1410 ln
1325 1342 1440 1432 prima
1453 1356 1488 1413 et
1501 1346 1653 1415 secunda
1667 1347 1777 1436 ligura
1790 1349 1914 1420 ⁴maior
1936 1373 2078 1440 semper
2099 1352 2140 1420 sit

276 1448 390 1538 Igitur
405 1441 636 1536 Philosophia
653 1469 728 1515 non
743 1460 795 1516 est
813 1447 991 1516 discenda.
1156 1441 1385 1528 universalis,
1417 1445 1500 1536 quia
1529 1445 1568 1514 in
1592 1447 1705 1540 prima
1739 1450 1941 1538 proceditur
1970 1475 1992 1520 a
2016 1474 2138 1540 genere

225 1549 393 1640 Neganda
416 1560 469 1616 est
487 1548 754 1638 consequentia,
786 1548 870 1640 quia
892 1548 972 1638 plus
994 1546 1104 1616 estin
1156 1543 1405 1614 universaliter
1420 1548 1463 1614 ad
1482 1546 1643 1637 speciem.
1695 1547 1767 1620 Sed
1782 1551 1821 1618 in
1842 1553 1996 1621 secunda
2020 1554 2138 1642 figura,

124 1653 370 1734 conclusione,
396 1649 638 1740 quamsuitin
656 1649 867 1737 praemissis.
904 1647 994 1717 Nam
1019 1643 1104 1716 haec
1158 1667 1247 1735 quae
1282 1659 1417 1715 tanturn
1449 1661 1501 1717 est
1534 1650 1836 1719 adversativamm
1863 1654 2137 1740 argumentatio-

124 1752 304 1826 conclusio
314 1763 452 1821 tantum
468 1749 553 1817 inde
567 1749 743 1841 sequitur:
768 1750 856 1818 lllae
870 1750 1014 1820 inutiles
1029 1773 1105 1818 ma·
1156 1768 1263 1825 num,
1289 1747 1407 1817 minor
1419 1760 1453 1816 ει
1469 1748 1649 1820 conclusio
1666 1775 1729 1841 per
1746 1754 2087 1843 contrapositionem
2102 1778 2137 1822 ex

123 1856 231 1927 teriae
249 1853 424 1923 admixtae
438 1874 513 1919 non
528 1863 611 1920 sunt
624 1850 822 1923 discendae.
1157 1845 1291 1915 maiore
1314 1848 1530 1923 inferuntur.
1580 1847 1727 1922 Necesse
1750 1867 1802 1924 εει
1830 1854 1938 1944 igitur
1966 1855 2136 1925 maiorem

225 1953 325 2025 'l'alis
340 1964 392 2021 εει
405 1965 439 2022 ει
455 1948 603 2040 Epicuri
617 1950 857 2042 syllogismus:
1157 1947 1393 2018 universalem
1409 1972 1502 2035 esse,
1527 1964 1584 2021 ut:

274 2052 483 2124 lnordinata
499 2073 574 2119 non
592 2064 674 2120 sunt
688 2076 708 2120 a
725 2050 821 2130 Deo,
1309 2045 1439 2134 Omnis
1453 2044 1560 2121 homo
1576 2064 1628 2121 est
1643 2053 1795 2138 animal,

1552 1200 1766 1285 Decima}

275 2153 318 2226 In
333 2166 461 2222 natura
476 2152 586 2220 multa
603 2158 685 2221 s'unt
699 2152 922 2243 inordinata,
1307 2148 1436 2222 Nullus
1452 2152 1542 2243 lapis
1558 2167 1609 2223 est
1624 2153 1772 2233 animal,

274 2248 372 2344 Ergo
389 2265 515 2326 natura
533 2252 811 2326 nonestaDeo.
894 2317 898 2322 ,
1195 2270 1197 2274 ’
1306 2245 1403 2341 Ergo
1418 2253 1540 2324 nullus
1555 2254 1645 2345 lapis
1661 2268 1712 2335 est
1728 2250 1848 2330 homo.

224 2356 395 2446 Neganda
410 2365 463 2422 εει
484 2354 756 2445 consequentia,
783 2352 865 2444 quia
888 2346 974 2424 haec
997 2353 1105 2421 debe·
1260 2363 1334 2434 lam
1353 2369 1383 2438 ,ἱ
1399 2370 1514 2438 maior
1529 2385 1647 2460 pomi
1660 2395 1733 2441 egge
1751 2373 1990 2461 particulari„
2015 2397 2134 2470 uque.

122 2463 185 2531 bat
198 2481 269 2529 esse
284 2455 476 2527 conclusio.
524 2449 619 2542 Ergo
636 2454 839 2523 inordinata
854 2453 915 2522 illa
931 2477 1005 2522 non
1022 2467 1106 2523 sunt
1156 2479 1255 2535 retur
1269 2467 1355 2538 [2133
1370 2470 1569 2541 conclusio:

87 2561 91 2569 ’
123 2585 144 2632 a
161 2560 255 2643 Deo,
283 2559 380 2652 quod
397 2578 520 2640 verum
538 2567 589 2622 εει
605 2556 649 2622 de
674 2569 833 2645 peccato,
860 2568 894 2625 ει
914 2549 1105 2624 horrendis
1310 2568 1499 2657 Quoddam
1512 2572 1647 2641 animal
1664 2586 1715 2643 est
1733 2565 1853 2657 homo,

122 2662 305 2734 furoribus
319 2655 456 2747 generis
471 2650 630 2725 humani.
689 2735 691 2747 ‚
1052 2700 1055 2706 -
1257 2708 1259 2714 ·
1308 2667 1576 2742 Nullusasinu,
1593 2686 1644 2742 est
1661 2665 1783 2757 homo,

225 2762 279 2831 Ac
294 2759 483 2846 diligenter
498 2757 738 2826 observandae
756 2769 839 2826 sunt
857 2778 1001 2826 casuum
1023 2780 1105 2826 mu·
1309 2766 1405 2859 Ergo
1418 2772 1540 2842 nullus
1551 2774 1670 2844 asinus
1682 2789 1734 2845 en
1745 2773 1889 2844 animal,

123 2861 294 2945 tationes,
319 2859 402 2952 quia
417 2859 596 2928 interdum
614 2872 697 2929 sunt
713 2858 903 2929 insidiosae
913 2911 922 2944 ,
950 2871 1104 2930 ettotam

122 2962 334 3036 ,emendam
355 2972 502 3032 mulam·
1306 2901 1489 2992 Quaedam
1505 2907 1632 2976 delicta
1649 2905 1850 2996 puniuntur
1864 2931 1884 2977 a
1900 2910 2116 2998 magistratu,

275 3061 365 3132 Fide
381 3083 503 3131 sumus
517 3059 619 3147 ium,
1309 3003 1416 3076 Nulla
1435 3007 1585 3078 ebrietas
1602 3009 1796 3125 punitur„
1835 3108 1844 3126 ο

1309 3101 1406 3194 Ergo
1425 3108 1525 3178 nulla
1539 3110 1691 3179 ebrietas
1707 3121 1758 3178 εει
1774 3109 1954 3179 delictum.

275 3161 382 3232 ΜΘ*
397 3175 448 3232 ⁰⁸²
466 3185 574 3251 ⁰Pu³’
1160 3261 1161 3264 =
1259 3219 1428 3311 Neganda
1447 3240 1499 3296 est
1519 3225 1789 3319 consequentia,
1815 3226 1900 3318 quia
1925 3226 1964 3296 in
1986 3236 2135 3303 secunda

275 3259 371 3352 Ergo
386 3275 531 3353 propter
546 3282 655 3352 opera
672 3282 795 3331 sumus
812 3262 911 3332 iusti.
1567 3327 1576 3344 ,
1745 3328 1754 3344 ‚
2108 3337 2115 3352 Ι

216 3361 296 3438 ,Hic
309 3363 495 3455 particula,
510 3361 672 3453 Propter,
687 3361 780 3450 pari,
797 3359 1007 3432 sementim
1019 3360 1106 3431 alie·
1157 3325 1270 3443 ligura
1284 3347 1424 3395 necesse
1438 3341 1490 3396 εει
1506 3350 1675 3396 maiorem
1691 3326 1928 3396 universalem
1945 3354 2030 3417 esse,
2057 3359 2134 3428 qun

85 3525 93 3534 .
123 3489 207 3538 nam
220 3490 242 3536 a
257 3462 477 3557 praemissis,
497 3463 580 3554 quia
595 3486 676 3532 eum
701 3461 847 3533 dicitur:
874 3462 963 3534 Fide
985 3440 1128 3533 sumus'
1159 3451 1199 3494 ¹¹¹
1214 3429 1367 3497 ⁸⁰⁰¹¹¹¹d³
1383 3428 1494 3516 figura
1510 3451 1630 3497 ¹⁰¹⁰⁰¹
1652 3442 1687 3499 ‘l
1709 3428 1889 3498 ⁰⁰ss⁰¹⁰⁵¹⁰
1911 3451 1976 3520 l‘er
1998 3450 2135 3506 contra·

123 3568 229 3654 iusti,
256 3590 331 3636 non
349 3559 418 3635 hoc
432 3563 583 3649 dicitur,
608 3574 753 3654 propter
767 3564 976 3656 dignitatem
993 3564 1107 3635 nostri
1159 3529 1372 3619 P⁰⁵ill⁰¹¹e¹¹¹
1389 3529 1592 3598 inseruntur
1606 3553 1646 3597 ⁸¹
1661 3529 1813 3614 'mimo
1838 3541 1895 3599 ¹¹²²

123 3667 241 3760 operis
263 3689 328 3737 nos
350 3667 461 3736 iustos
483 3687 576 3751 esse,
608 3666 669 3734 sed
692 3664 820 3738 fiducia
844 3666 1107 3737 misericordiae
1314 3625 1448 3698 omma
1466 3632 1592 3706 ‘lehem
1609 3644 1809 3721 P¹¹¹¹¹¹¹¹¹l¹¹r
1823 3652 1844 3699 ἃ
1858 3632 2078 3721 Μὸὅῖδῑῐὸἱῦ,

123 3768 317 3861 pfomjggae
330 3780 475 3861 psopter
487 3766 603 3841 filium
621 3763 701 3840 neg
1312 3726 1408 3819 Ergo
1425 3733 1520 3849 quod
1536 3755 1608 3800 nou
1624 3731 1790 3822 punitur,
1813 3743 1854 3801 ut
1869 3733 2039 3823 ebrietas,
2066 3761 2137 3808 non

416 3855 422 3879 ¹
457 3874 461 3883 ·
1362 3844 1414 3900 est
1429 3832 1609 3902 delictum.

514 3933 727 4030 Septima·
795 3953 800 3962 '
1261 3923 1358 4016 Haec
1374 3950 1624 4039 consequentia
1641 3951 1745 4031 valet,
1772 3952 1832 4021 sed
1850 3952 2062 4025 maiorlalsa
2081 3968 2140 4038 est,

228 4066 372 4141 Medius
383 4068 558 4141 terminu,
572 4092 755 4162 nunquam
766 4068 1012 4138 fflmembmm
1022 4093 1108 4138 con.
1160 4047 1244 4144 quia
1259 4049 1483 4139 magistratus
1498 4051 1670 4143 quaedam
1686 4053 1815 4124 delicta
1835 4053 1991 4143 negligit.

125 4171 316 4259 clusionis,
342 4171 426 4267 quia
439 4194 546 4240 causa
561 4183 613 4240 εει
628 4170 667 4238 in
682 4169 883 4261 praemissis
903 4183 1108 4257 monstrata,

125 4287 270 4377 psopter
287 4297 394 4370 quam
408 4271 540 4367 reliqui
555 4273 627 4343 duo
643 4271 788 4341 termini
805 4264 1005 4347 cohaerent.
1524 4217 1780 4296 Undecima.

394 4446 397 4447 7
1262 4353 1305 4424 ln
1328 4354 1444 4445 prima
1464 4356 1594 4442 figura,
1624 4379 1708 4424 cum
1736 4356 1857 4425 minor
1888 4371 1939 4428 est
1967 4362 2143 4447 negativa,

518 4437 560 4513 v0
571 4454 706 4514 clava·
1161 4450 1255 4527 nihil
1266 4458 1440 4550 sequitur.
1479 4453 1527 4525 Et
1543 4457 1727 4546 perspicua
1744 4479 1847 4527 causa
1863 4472 1933 4537 εει,
1960 4462 2044 4552 quia
2062 4486 2142 4530 curn

189 4644 191 4648 a
229 4573 418 4649 Conclusio
444 4599 582 4670 semper
610 4575 769 4646 imitatur
796 4587 929 4666 partem
956 4575 1110 4645 debilio·
1162 4559 1276 4650 prima
1293 4560 1403 4641 fillum
1420 4557 1618 4648 ιπθῑιθᾶὃῑὃ
1635 4579 1761 4645 dmm
1777 4560 1823 4627 ”d
1840 4559 2006 4649 8Ριὲθῑιέῐῐῐ,
2033 4585 2143 4651 01)οῐ-

126 4699 213 4748 tem,
263 4672 347 4745 Ideo
370 4698 509 4769 semper
532 4677 781 4769 particularem
805 4676 1031 4766 praemissam
1054 4699 1109 4744 se.
1160 4673 1211 4733 ιει
1227 4660 1264 4726 in
1280 4660 1437 4729 subiecto
1457 4658 1600 4726 maioris
1622 4658 1758 4727 includi
1780 4661 1942 4750 speciem.
1993 4661 2143 4733 Necesse

83 4808 90 4821 ¹
126 4777 253 4871 quitur
270 4778 456 4848 conclusio
474 4779 711 4870 particularis.
752 4774 870 4847 Item:
902 4775 1109 4868 Negativam
1158 4760 1708 4850 ‘⁸158leaffirma-llwmesssess

126 4877 354 4969 praemissam
371 4879 532 4972 sequitur
546 4881 726 4953 conclusio
741 4878 914 4970 negativa.
1314 4856 1436 4933 0¹¹⁸st
1452 4859 1666 4930 musterium
1683 4873 1734 4929 0⁸¹
1750 4862 1990 4951 puniendum,

1313 4960 1461 5032 Nullum
1477 4963 1612 5030 furtum
1628 4975 1678 5030 est
1694 4964 1924 5048 adulterium,

431 5127 434 5133 ¹
456 5049 459 5059 '
548 5046 582 5119 N
590 5072 683 5124 ona.
1312 5058 1409 5152 Ergo
1425 5061 1566 5131 nullum
1581 5063 1716 5133 lurtum
1732 5079 1783 5134 εει
1800 5066 2033 5156 puniendum.

229 5178 489 5255 Determinatio
515 5184 665 5255 subiecti
685 5200 747 5258 sut
775 5185 988 5278 praedicati,
1016 5207 1111 5277 quae
1261 5179 1428 5268 Neganda
1454 5193 1507 5248 est
1532 5182 1804 5273 consequentia,
1834 5183 1919 5274 qnia
1942 5182 2143 5255 subiectum

127 5305 204 5353 non
219 5297 272 5353 est
287 5283 483 5376 principale
495 5286 712 5373 mmmm,
729 5310 808 5358 „011
822 5288 1011 5358 misceam
1024 5310 1111 5358 ωῃ.
1161 5280 1313 5350 minoris
1328 5305 1401 5350 non
1417 5280 1613 5349 includitur
1628 5281 1667 5350 in
1679 5282 1838 5353 subiecto
1860 5284 2021 5370 maioris,
2045 5290 2145 5378 quod

128 5383 299 5470 clusioui,
324 5396 382 5458 ot:
646 5430 650 5435 -
990 5454 992 5459 ,
1159 5380 1200 5451 4ὶιι
1216 5381 1329 5476 prims
1343 5381 1454 5471 figura
1469 5381 1545 5452 lieri
1563 5395 1715 5475 oportet.
