4538 5754
186 254 263 333 408

189 446 263 497 mas
283 422 360 494 vias
380 420 561 508 recitavit,
590 431 712 513 postes
730 418 768 487 in
787 417 1003 493 animalibus
1026 446 1176 493 concur·

188 538 275 599 runt
289 521 329 595 hi
342 521 452 592 modi.

290 638 339 714 Et
354 640 393 710 in
410 636 607 708 ventriculo
622 635 778 726 primum
794 637 833 708 fit
850 639 1003 719 elixatio,
1031 642 1175 733 quaudo

190 746 290 826 cibus
318 744 357 812 in
379 735 524 834 chylum
552 739 704 808 vertitur
730 760 751 807 a
775 740 891 809 calido
918 736 1079 815 humido.
1133 740 1174 810 ln

190 858 289 939 epate
304 846 395 915 fiunt
411 840 554 911 elisatio
571 852 604 908 et
621 840 757 909 assatio.
809 839 900 909 Nam
917 837 1012 935 chyli
1028 865 1176 912 conver-

189 948 244 1018 sio
266 946 305 1014 in
328 965 478 1014 massam
499 940 727 1032 sanguineam
750 952 801 1011 est
827 943 990 1025 elisatio,
1023 945 1176 1033 partium

189 1061 306 1120 autem
331 1045 533 1137 aliquarum
560 1043 599 1113 fit
622 1042 767 1122 assatio,
803 1066 892 1134 quae
920 1057 1107 1115 vertuntur
1137 1043 1174 1112 iu

190 1150 317 1220 flavam
336 1146 456 1218 bilem.

290 1259 339 1335 Et
356 1264 394 1333 fat
412 1260 522 1331 nimia
537 1261 664 1332 assatio
683 1263 721 1331 in
738 1275 860 1354 epate,
886 1261 987 1332 cuius
1009 1263 1105 1333 calor
1125 1277 1176 1333 est

190 1367 463 1446 immoderatus,
498 1375 533 1432 et
554 1364 748 1433 substantia
771 1364 888 1433 uritur
917 1378 950 1434 et
972 1365 1099 1434 infecta
1124 1377 1175 1432 est

190 1465 393 1559 putrefactis
426 1477 461 1534 et
492 1465 676 1534 venenatis
711 1462 1033 1556 superfluitatibus,
1080 1467 1175 1535 unde

189 1566 353 1658 Scabies,
374 1560 566 1650 Lichenes,
592 1564 727 1656 Lepra,
753 1580 787 1636 et
810 1565 942 1634 similes
959 1566 1076 1636 morbi
1101 1567 1176 1635 ori-

190 1683 314 1740 untur.
366 1667 421 1738 Sit
446 1665 555 1756 igitur
577 1667 764 1736 mediocris
786 1667 1016 1757 temperantia
1040 1681 1074 1737 et
1092 1668 1176 1735 dili-

189 1771 325 1860 gentia,
352 1791 397 1837 ne
412 1767 521 1858 epatis
536 1770 732 1838 substantia
754 1782 831 1838 usta
850 1769 1029 1839 venenatis
1052 1791 1175 1859 super-

189 1871 386 1941 fluitatibus
408 1868 601 1953 inficiatur,
627 1883 661 1940 et
682 1870 967 1959 gignat'massam
993 1871 1176 1959 sanguinis

189 1972 431 2063 impuriorem.

290 2085 355 2159 Est
371 2101 405 2158 et
427 2087 574 2178 assatio,
599 2090 743 2180 quaudo
767 2085 1026 2156 nutrimentum
1043 2087 1081 2155 iu
1097 2110 1174 2158 ossa

188 2190 416 2260 convertitur.

288 2291 533 2379 Usitata'vero
556 2306 710 2374 cruditas
729 2305 767 2372 in
784 2305 982 2374 ventriculo
1006 2319 1042 2376 et
1064 2319 1174 2395 epate,

188 2411 284 2480 unde
301 2403 458 2502 hydrops
472 2407 607 2496 oritur,
634 2419 684 2475 est
698 2397 876 2496 μόλυνσις
890 2409 1050 2497 opposita
1067 2406 1173 2474 elixa-

96 2531 102 2538 ·
188 2509 298 2594 tioni,
325 2532 404 2578 cum
421 2531 496 2576 non
513 2519 625 2596 potest
641 2507 716 2575 lieri
736 2507 871 2595 integra
884 2509 996 2576 coctio
1014 2530 1075 2576 seu
1090 2532 1174 2576 con·

188 2610 303 2681 versio
317 2608 547 2687 nutrimenti,
573 2608 712 2701 qualem
729 2607 805 2676 lieri
821 2608 991 2698 oportuit.

428 241 639 325 suasura
664 245 744 320 ru.
772 195 891 326 nai.
914 248 983 324 no
1009 249 1136 326 ursr.
1163 249 1312 330 eaor.
1338 252 1404 330 ur
1430 254 1623 333 anuos
1648 257 1971 336 seucuauru.

2140 267 2219 342 tot

1227 428 1338 517 magis
1358 451 1504 520 perosas
1526 456 1566 500 ac
1583 429 1693 516 leves,
1718 455 1809 524 quae
1831 434 2006 525 recipiunt
2026 435 2156 526 frigus,
2182 453 2217 508 et

1226 528 1331 599 facile
1344 537 1484 604 coeunt.
1535 529 1638 602 Mare
1654 533 1810 604 continet
1826 536 1957 605 multas
1974 537 2115 608 adustas
2130 563 2217 630 par·

1227 642 1296 711 tes,
1329 633 1410 700 ideo
1439 633 1559 702 minus
1593 634 1817 723 congelatur,
1851 660 1957 731 quam
1985 638 2075 708 aliae
2103 663 2217 733 aquae

1228 733 1417 802 tenuiores.

1245 952 1248 957 Ι
1329 863 1549 958 Liquefactio
1567 880 1618 937 est
1634 867 1763 938 solutio
1778 868 2063 961 coagulatorum,
2090 871 2216 964 inqua

1227 966 1329 1036 utin
1356 967 1599 1058 superioribus
1626 971 1826 1060 speciebus,
1863 987 2010 1062 propter
2038 973 2216 1042 diversam

1228 1091 1416 1158 corporum
1431 1072 1626 1152 materiam,
1653 1094 1780 1160 magna
1794 1073 2046 1145 dissimilitudo
2063 1085 2115 1143 est
2129 1073 2216 1141 effe-

1227 1169 1395 1238 clinnum.
1446 1168 1599 1261 Lapides
1615 1173 1709 1240 euim
1727 1198 1800 1242 non
1818 1174 2026 1267 liquescunt.
2064 1172 2215 1246 Metalla

1227 1268 1437 1362 liquescunt.
1489 1271 1578 1340 Nam
1594 1274 1733 1342 metalla
1757 1268 1889 1346 habeut
1906 1277 2059 1348 multum
2077 1274 2217 1357 viscosi,

1228 1372 1319 1440 aurei
1328 1423 1340 1456 ,
1368 1385 1402 1440 et
1418 1373 1508 1441 bene
1525 1376 1723 1445 continuati
1744 1370 1895 1445 humidi.
1950 1375 2034 1447 ldeo
2051 1401 2130 1446 cum
2149 1399 2216 1443 su-

1228 1473 1280 1542 bit
1290 1472 1393 1544 fortis
1407 1474 1509 1560 ignis,
1535 1469 1597 1566 qui
1611 1475 1784 1565 disgregat
1800 1471 2053 1568 heterogena,
2079 1476 2214 1545 diffluit

1227 1573 1316 1642 illud
1333 1569 1533 1647 humidum.
1588 1574 1629 1644 ln
1651 1577 1829 1668 lapidibus
1846 1602 1971 1669 parum
1995 1593 2047 1650 est
2060 1575 2213 1647 humidi.

1228 1673 1312 1744 ldeo
1335 1699 1414 1744 cum
1437 1675 1518 1764 igne
1544 1677 1695 1745 nimium
1717 1693 1890 1762 uruntur,
1914 1704 1988 1749 non
2011 1678 2211 1772 liquefiunt,

1226 1777 1285 1843 sed
1311 1775 1491 1846 dissiliunt
1515 1773 1683 1848 exhausto
1705 1779 1831 1868 exiguo
1853 1775 2022 1860 humido,
2047 1791 2083 1849 et
2100 1793 2211 1849 terre-

1225 1889 1313 1945 stres
1338 1891 1452 1966 partes
1482 1893 1685 1969 superustae
1716 1892 1751 1949 et
1774 1880 1963 1972 dissipatae
1994 1883 2032 1949 in
2055 1879 2212 1950 cinerem

1226 1977 1446 2067 rediguntur.

1275 2151 1280 2156 -
1329 2103 1407 2177 Hoc
1428 2111 1536 2178 modo
1566 2111 1750 2180 observata
1772 2112 1963 2182 mixtorum
1987 2110 2213 2180 dissimilitu-

1225 2208 1309 2278 dine
1335 2233 1457 2278 causae
1480 2225 1660 2303 utcunque
1682 2213 1840 2303 conspici
1869 2223 2033 2302 possunt,
2068 2223 2214 2302 propter

1226 2332 1313 2404 quas
1336 2309 1374 2377 in
1394 2311 1474 2378 aliis
1498 2313 1725 2402 corporibus,
1751 2314 1840 2382 aliae
1863 2315 1952 2382 liunt
1974 2313 2212 2381 alterationes.

1224 2409 1313 2481 Cera
1336 2409 1473 2501 liquefit
1496 2435 1515 2479 a
1541 2413 1657 2480 calore
1678 2414 1867 2498 mediocri,
1901 2414 2042 2481 metalla
2065 2413 2110 2481 ab
2137 2412 2211 2499 igni

1225 2511 1322 2596 forti,
1347 2512 1430 2603 quia
1446 2511 1485 2579 in
1501 2537 1577 2581 cera
1595 2527 1774 2583 terrestres
1790 2529 1905 2606 partes
1920 2513 2103 2605 pauciores
2118 2525 2213 2592 sunt,

1226 2611 1452 2701 stratiotes,
1487 2627 1522 2683 et
1551 2614 1684 2684 multae
1714 2628 1797 2685 sunt
1825 2617 1948 2685 ae‘reae
1973 2629 2099 2706 partes.
2150 2610 2212 2681 Sal

1225 2737 1291 2781 nec
1302 2713 1509 2781 dissolvitur
1526 2738 1590 2783 nec
1607 2715 1743 2808 liquefit
1759 2715 1796 2782 in
1814 2717 1941 2799 calore,
1966 2717 2027 2784 sed
2046 2713 2211 2783 dissolvi·

1226 2814 1338 2884 turin
1355 2808 1521 2899 humido,
1547 2816 1629 2908 quia
1648 2816 1763 2884 calore
1778 2818 1928 2886 duratur
1944 2830 1977 2887 et
1992 2815 2211 2905 coagulatur,

1225 2915 1360 3009 eductis
1375 2914 1536 3005 partibus
1549 2912 1825 2991 humidioribus.
1874 2913 2029 2987 Econtra
2052 2940 2130 2985 cera
2147 2913 2213 2982 fri-

1225 3038 1308 3105 gore
1323 3017 1482 3088 duratur.

323 2866 470 2935 Suntne
492 2861 593 2933 uliae
612 2862 757 2952 species
772 2860 1035 2934 alterationis?
1144 2889 1148 2897 ·

289 3010 390 3083 luxta
405 3010 615 3105 qualitatum
632 3009 930 3080 introductionem
945 3013 1124 3082 numerari
1141 3028 1174 3081 et

187 3113 412 3187 alterationes
426 3124 583 3204 possunt,
609 3124 652 3183 ut
667 3112 860 3196 calefactio,
883 3112 1088 3201 frigefactio,
1108 3110 1174 3183 hu-

103 3259 104 3263 =
186 3217 370 3301 mactatio,
418 3213 627 3301 desiccatio,
679 3213 926 3297 condensatio,
979 3216 1174 3298 rarefactio,

188 3317 404 3406 coagrrlatio,
440 3313 664 3407 liquefactio,
706 3314 908 3396 induratio,
944 3315 1174 3389 mollificatio.

186 3417 264 3488 Hae
277 3417 408 3508 species
423 3428 457 3485 et
470 3413 614 3492 similes,
631 3414 767 3483 naturis
782 3414 1035 3485 elementorum
1051 3420 1172 3506 cogni·

187 3520 248 3603 tis,
273 3531 453 3609 utcunque
469 3514 619 3586 iudicari
634 3527 791 3604 possunt.

291 3633 495 3725 Coagulatio
509 3646 577 3713 est,
603 3634 747 3726 quaudo
765 3656 845 3701 cum
861 3628 1011 3704 humore
1026 3639 1173 3728 conglu-

1328 3144 1469 3216 Medica
1496 3157 1531 3216 et
1552 3147 1726 3217 metallica
1751 3149 1909 3241 exempla
1937 3149 2088 3219 illustria
2116 3160 2213 3217 sunt.

1226 3246 1269 3318 ln
1285 3248 1476 3339 pleuritide
1499 3243 1661 3317 adhiberi
1683 3274 1822 3320 necesse
1845 3264 1896 3319 est
1915 3265 1950 3320 et
1969 3248 2213 3319 mollificantia

1225 3349 1401 3432 remedia,
1434 3361 1468 3418 et
1499 3350 1726 3421 attenuantia.
1779 3350 1868 3420 Nam
1891 3352 1922 3419 si
1951 3365 2090 3421 tantum
2122 3362 2214 3418 atte-

1226 3464 1395 3520 nuaretur
1410 3449 1574 3533 materia,
1601 3445 1669 3519 hoc
1682 3464 1751 3536 est,
1777 3466 1893 3542 partes
1907 3452 2110 3522 subtiliores
2124 3451 2214 3518 edu-

1227 3565 1408 3634 cerentur,
1435 3550 1511 3619 sine
1527 3551 1813 3636 mollificatione,
1841 3566 1954 3643 partes
1972 3565 2154 3645 terrestres
2176 3551 2214 3617 in

298 3732 304 3743 .
1225 3653 1390 3736 materia,
1415 3675 1505 3743 quae
1528 3653 1694 3731 adfinxit,
1727 3657 1892 3738 duratae,
1925 3667 2093 3743 augerent
2114 3674 2212 3719 mor-

190 3739 350 3810 tinantur
364 3735 625 3826 et-copulantur
643 3746 759 3824 partes
775 3735 896 3820 siccae,
923 3739 1018 3829 quod
1034 3739 1071 3808 lit
1088 3739 1175 3807 alias
1225 3755 1322 3839 hum,
1338 3775 1403 3821 nec
1417 3752 1515 3821 fieret
1531 3752 1728 3823 όῑὸωιῃῑῑο,
1759 3751 1964 3826 Adhibem,
1978 3779 2060 3843 ergo
2070 3747 2213 3832 Alphea,

137 3886 142 3898 ·
189 3839 474 3952 Ulmumstffll‘
489 3835 640 3925 fllssld⁰s
666 3857 745 3904 ‘⁸¹¹¹'
762 3837 874 3905 mum
889 3862 998 3929 a‘1⁰⁰³'
1015 3835 1173 3909 humidi·
1225 3853 1386 3924 Poenum
1402 3874 1578 3941 graecum,
1604 3867 1637 3922 et
1654 3855 1785 3923 similia
1801 3856 2010 3924 mollientia.
2062 3852 2110 3924 Et
2126 3874 2213 3921 usus

188 3958 251 4014 ἴδε·
268 3939 533 4030 comptlmllffl',
557 3948 598 4005 1¹2
621 3960 700 4004 tum
729 3937 864 4026 ¹⁸Pld0⁸
888 3938 924 4006 3¹¹
952 3953 1043 4008 lem
1067 3963 1174 4028 &⁰¹¹⁹-
1224 3955 1399 4037 ostendit,
1426 3948 1552 4024 harum
1568 3954 1765 4043 vulgarium
1789 3981 1907 4025 rerum
1925 3957 1997 4022 vim
2020 3954 2211 4023 maximam

188 4057 331 4126 ramur,
359 4039 446 4108 all⁸⁸
463 4037 745 4106 aflffflffilffll‘
762 4037 877 4107 ⁰³¹3d0
893 4055 1030 4158 {⁵⁸³⁰st
1046 4055 1174 4131 lime&
1225 4078 1318 4141 esse,
1348 4079 1417 4148 qua
1443 4055 1480 4122 in
1505 4054 1789 4127 consideratione
1816 4056 1985 4149 sapientia
2009 4070 2043 4126 et
2069 4054 2213 4126 bouitas

187 4159 228 4221 ul
249 4168 328 4216 tum
351 4142 579 4231 8819ῐᾶφὶΐὶ
602 4149 821 4225 ⁸⁰8f²8³¹¹¹¹⁸2
847 4141 1172 4235 ⁸²¹8¹¹l⁶⁰q¹¹ll¹¹¹s
1224 4153 1292 4226 Dei
1320 4156 1530 4226 celebranda
1562 4169 1634 4241 est,
1675 4181 1781 4250 quem
1811 4158 2024 4251 experientia
2055 4155 2214 4226 ostendit

188 4271 259 4342 ‘1¹¹⁰
277 4258 391 4337 farm
408 4254 539 4329 ΜΨ
556 4238 797 4328 madulanum
1142 4265 1151 4271 ”
1225 4271 1357 4329 tautam
1376 4257 1578 4329 varietatem
1594 4258 1724 4326 virium
1740 4259 1911 4327 indidisse
1930 4258 2059 4348 plantis
2076 4270 2109 4324 et
2131 4255 2213 4324 aliis

291 4362 419 4433 Vicina
444 4374 496 4431 est
519 4356 631 4450 Priori
664 4358 771 4426 modo
796 4358 1051 4448 coagulationis
1076 4359 1175 4433 Con·
1224 4361 1348 4443 rebus,
1376 4381 1421 4427 ne
1442 4360 1600 4427 deessent
1617 4359 1722 4428 nobis
1745 4360 1900 4428 remedia
1917 4373 2038 4429 contra
2055 4360 2211 4428 morbos.

189 4464 337 4554 gelatio,
363 4485 453 4555 quae
466 4462 523 4544 lit,
549 4483 628 4528 cum
647 4459 776 4547 frigore
791 4472 906 4549 partes
922 4460 1052 4534 fluidae
1074 4487 1172 4532 com·
1223 4457 1271 4530 Et
1285 4457 1371 4529 haec
1385 4459 1460 4549 ipsa
1475 4455 1605 4528 Althea
1628 4457 1812 4529 mirificam
1828 4462 1900 4528 vim
1924 4455 2031 4530 habet
2053 4459 2090 4526 in
2118 4458 2213 4526 mol-

189 4567 393 4656 primuntur
417 4574 453 4632 et
471 4563 684 4647 durescunt,
711 4561 793 4652 quia
817 4561 959 4650 frigoris
979 4578 1104 4645 natura
1123 4579 1173 4636 est
1225 4560 1354 4631 liendis
1377 4560 1594 4644 tumoribus,
1621 4561 1704 4630 item
1727 4560 1763 4629 in
1781 4585 1970 4631 nervorum
1988 4558 2212 4631 contusioni-

188 4665 445 4753 constringere,
471 4676 507 4730 ut
522 4662 561 4733 fit
577 4661 614 4730 in
631 4661 741 4750 glacie
766 4673 800 4731 et
828 4662 866 4730 in
888 4662 980 4737 nive.
1033 4663 1173 4736 Gellius
1224 4665 1290 4732 bus
1304 4663 1489 4745 sanandis,
1512 4684 1553 4730 ac
1577 4685 1707 4730 nomen
1723 4663 1756 4731 ei
1772 4662 1926 4733 inditum
1950 4687 2023 4732 esse
2038 4661 2213 4741 scribunt,

188 4768 361 4859 disputat,
385 4765 501 4834 oleum
524 4764 662 4855 saepius
686 4763 884 4853 congelari,
910 4764 1034 4833 vinum
1053 4767 1173 4836 minus
1223 4765 1269 4832 ab
1289 4764 1443 4835 utilitate
1462 4764 1500 4831 in
1525 4764 1779 4836 curationibus.
1822 4762 1912 4833 Nam
1938 4759 2135 4835 stactam
2158 4777 2212 4833 est

188 4874 310 4957 sae'pe,
335 4865 512 4936 rarissime
528 4879 645 4936 autem
661 4879 808 4938 acetum.
859 4864 972 4954 Saepe
987 4866 1071 4935 item
1087 4892 1173 4937 con·
1223 4887 1363 4949 curare,
1390 4887 1452 4935 seu
1474 4865 1629 4937 molliter
1652 4865 1793 4948 fovere,
1820 4879 1942 4959 estque
1968 4867 2083 4934 malva
2107 4887 2210 4952 agre·

188 4968 481 5061 gelarillumina,
507 4965 863 5058 marevixunqnam.
891 4966 959 5037 ‘ln
977 4981 1073 5038 aceto
1089 4981 1174 5039 sunt
1222 4966 1297 5037 stis.
1356 4965 1508 5037 Etcum
1539 4967 1698 5036 omnium
1729 4967 1927 5037 malvarum
1952 4964 2139 5056 multiplex
2163 4963 2212 5033 sit

187 5085 304 5161 partes
323 5072 466 5140 adustae
489 5067 586 5136 velut
605 5065 716 5157 cinis,
749 5091 840 5160 quae
863 5090 936 5137 non
958 5069 1061 5137 facile
1084 5070 1171 5137 adfi-
1221 5069 1376 5156 utilitas,
1419 5069 1509 5138 iuste
1548 5069 1723 5159 vituperat
1758 5066 1935 5138 Hesiodus
1966 5067 2145 5136 inscitiam
2173 5078 2212 5135 et

187 5171 330 5242 ciuntur
352 5184 496 5240 externo
517 5166 658 5257 frigore.
710 5166 845 5237 Vinum
871 5168 950 5238 ideo
974 5193 1048 5239 non
1070 5171 1172 5240 facile
1221 5169 1472 5260 negligentiam
1499 5165 1686 5240 hominum
1711 5169 1775 5263 qui
1802 5194 1920 5238 rerum
1951 5166 2209 5250 communium,

187 5272 443 5362 constringitur
456 5271 548 5360 gelu,
573 5268 656 5361 quia
673 5268 824 5339 multum
843 5264 947 5341 habet
965 5270 1097 5342 interni
1114 5297 1172 5341 ca·
1221 5295 1310 5364 quae
1327 5271 1461 5362 ubique
1483 5271 1528 5337 ad
1549 5294 1694 5338 manum
1717 5283 1820 5354 sunt,
1853 5270 2040 5340 utilitatem
2062 5293 2127 5339 nec
2150 5269 2212 5335 in·

154 5373 284 5449 bete.
335 5370 469 5445 Oleum
485 5394 571 5442 vero
585 5369 705 5439 miuus
717 5369 845 5441 caloris
858 5365 981 5459 habet,
1005 5386 1039 5444 et
1054 5387 1171 5466 partes
1223 5371 1391 5467 quirunt,
1410 5393 1477 5442 nec
1489 5369 1563 5441 frui
1578 5365 1633 5441 his
1654 5383 1802 5442 naturae
1825 5369 1930 5441 bouis
1943 5373 2104 5453 discunt,
2130 5393 2213 5440 cum
