4538 5754
96 223 106 292 ι
622 220 684 297 uc
735 203 1174 301 concineratum
1199 180 1442 292 esxauos.
1823 179 1826 185 ’
1864 239 1871 248 ·
1935 221 2033 300 1402
2102 298 2104 303 ⁴

108 390 312 478 Postremo,
329 392 413 485 qaia
431 386 490 460 hic
505 391 606 460 addit
620 392 664 460 de
680 391 825 476 effectu,
842 385 912 460 hoc
927 403 991 475 est,
1041 385 1109 458 ties
1128 385 1170 456 lit
1190 386 1325 455 mentio
1349 386 1432 455 fidei
1456 398 1489 455 et
1513 386 1795 474 misericordiae,
1827 389 2030 467 intueamur

96 496 319 579 avocatione,
345 506 493 565 testatur
515 517 552 562 se
575 493 675 586 loqui
697 484 770 562 non
790 495 834 562 de
857 492 987 563 noticia
1042 487 1313 579 promissiones,
1339 500 1373 557 et
1387 489 1524 558 nitatur
1539 511 1639 557 mens
1660 491 1854 560 mediatore
1878 507 1912 564 et
1936 496 2028 566 libe-

96 596 196 680 iriae,
222 599 282 663 sed
302 598 444 666 devera
466 595 615 678 fiducia,
641 595 725 688 quia
741 618 822 664 vera
845 593 989 663 invoca·
1042 602 1160 659 ratore
1175 584 1317 659 Christo
1333 588 1427 660 Filio
1444 589 1522 660 Dei.
1573 588 1668 659 Haec
1683 594 1728 660 de
1744 590 1813 661 tide
1835 595 1901 663 etsi
1924 618 2027 689 saepe

96 721 162 765 uon
193 710 306 788 potest
330 698 494 780 existere,
528 695 600 766 nisi
622 719 702 766 curu
727 698 825 767 adest
850 695 989 780 fiducia,
1041 703 1268 781 repetuntur,
1295 705 1411 760 tamen
1428 686 1496 762 hoc
1511 692 1590 760 loco
1605 695 1873 763 commemorari
1887 720 2027 768 necesse

96 832 97 842 ι
129 792 363 888 apprehendit
391 797 683 872 misericordiam.
743 796 817 866 Nec
838 797 988 866 dubium
1040 805 1110 876 est,
1136 804 1176 862 ut
1207 792 1354 862 verbum
1376 790 1493 862 Credo
1516 807 1652 863 vereat
1677 796 1819 885 proprie
1848 796 2025 890 intelliga-

96 923 113 966 u
132 901 356 969 invocatione
379 900 513 991 requiri
537 894 630 967 hanc
652 899 776 983 tidem,
801 923 892 991 quae
907 922 989 967 sen·
1041 910 1101 964 tur
1113 897 1158 962 de
1174 916 1255 961 vera
1269 894 1397 964 fiducia
1414 894 1692 980 misericordiae,
1717 918 1786 989 qua
1802 900 2024 987 agnoscimus

96 1001 189 1068 lcum
221 1002 311 1070 velle
333 1002 438 1070 nobis
461 1002 642 1090 ignoscere
671 1014 797 1070 etuas
821 1000 988 1071 exaudire
1040 993 1155 1065 Deum
1179 995 1354 1085 placatum
1382 1017 1473 1080 esse,
1498 1010 1533 1066 et
1555 996 1788 1067 conscientiae
1807 998 1897 1069 fiunt
1923 1014 2022 1072 trau-

96 1101 382 1187 uisericordiam,
409 1116 554 1194 propter
576 1102 780 1193 pontificem
802 1116 836 1170 et
853 1101 987 1170 media·
1040 1097 1191 1188 quillae,
1213 1097 1397 1186 eriguntur
1412 1111 1446 1166 et
1461 1097 1695 1173 vivificantur.
1731 1097 1822 1168 Nam
1837 1101 1900 1193 qui
1916 1103 2022 1172 fidem

96 1226 118 1268 n
140 1200 273 1272 Filium
292 1227 409 1274 suum.
471 1201 593 1300 ltaque
616 1227 696 1272 cum
724 1203 988 1291 coniungantur
1040 1198 1143 1267 aliter
1161 1197 1366 1288 intelligunt
1392 1199 1430 1266 in
1454 1199 1584 1268 talibus
1607 1199 1696 1268 locis
1720 1200 1933 1291 scripturae,
1961 1219 2023 1276 aut

112 1318 144 1373 et
167 1301 366 1392 invocatio,
399 1327 538 1374 necesse
564 1316 616 1376 est
645 1304 799 1394 intelligi
821 1304 986 1373 fiduciam
1040 1312 1165 1389 putant
1183 1298 1259 1368 siue
1278 1295 1344 1370 hac
1368 1299 1451 1385 fide,
1478 1302 1522 1369 de
1538 1323 1605 1393 qua
1628 1300 1800 1382 diximus,
1823 1305 1938 1375 valere
1962 1306 2022 1374 iu·-

96 1404 277 1480 ricordiae.
1040 1401 1278 1486 vocationem,
1309 1417 1370 1474 aut
1399 1403 1540 1491 agnosci
1565 1400 1700 1487 Deum,
1731 1398 1771 1472 hi
1794 1426 1935 1492 prorsus
1963 1432 2020 1477 er·

111 1537 233 1626 Quare
258 1539 448 1628 diligenter
473 1541 680 1610 observetur
702 1532 770 1608 hoc
798 1538 876 1608 loco
905 1560 986 1606 w·
1039 1514 1137 1589 rant,
1161 1516 1198 1572 et
1213 1501 1252 1569 in
1269 1503 1487 1572 densissimis
1502 1505 1656 1573 tenebris
1672 1518 1869 1577 versantur.

112 1638 249 1720 Credo,
275 1655 316 1710 ut
338 1643 528 1712 admoneat
550 1665 615 1710 nos
630 1644 674 1710 cle
696 1640 761 1730 iis,
786 1661 877 1732 quae
902 1652 987 1708 sunt
1139 1632 1265 1730 Neque
1297 1662 1381 1707 vero
1411 1637 1565 1727 intelligi
1595 1633 1681 1708 haec
1703 1640 1863 1709 doctrina
1886 1643 1929 1710 de
1953 1639 2020 1710 tide

96 1742 189 1831 :ipua
213 1743 253 1810 iu
271 1742 433 1812 doctrina
456 1745 500 1812 de
515 1743 594 1811 tide.
643 1740 805 1811 Primum
820 1743 863 1810 de
876 1740 986 1831 sigui·
1038 1749 1170 1826 potest,
1196 1738 1272 1807 sine
1298 1739 1388 1809 veris
1413 1740 1585 1808 exercitiis
1609 1741 1646 1808 iu
1670 1765 1788 1825 cruce,
1820 1743 1913 1813 etin
1938 1766 2018 1812 vera

97 1843 357 1917 onevocabuli.
408 1840 472 1914 Est
490 1845 585 1913 enim
599 1842 862 1929 testimonium,
889 1843 985 1934 quod
1040 1836 1277 1913 invocatione.
1327 1836 1437 1910 Ebria
1457 1864 1557 1910 mens
1576 1843 1817 1933 voluptatibus
1838 1856 2021 1924 etsecura,

111 1958 256 2013 vocetur
278 1944 427 2031 fiducia,
449 1969 523 2015 non
540 1945 655 2015 ociosa
678 1944 829 2028 noticia,
853 1958 888 2013 et
905 1943 985 2036 qui·
1038 1961 1127 2033 quae
1148 1964 1222 2009 non
1244 1942 1398 2013 luctatur
1422 1966 1502 2011 cum
1525 1943 1704 2036 aliquibus
1718 1946 1928 2041 pavoribus,
1955 1969 2019 2015 nec

112 2047 254 2113 credere
276 2069 349 2115 non
371 2059 507 2116 tantum
528 2047 685 2140 reliquos
707 2046 891 2130 articulos,
923 2046 984 2114 sed
1037 2064 1119 2110 vere
1134 2042 1263 2135 expetit
1285 2044 1456 2112 auxilium
1474 2041 1556 2130 Dei,
1581 2067 1655 2113 non
1677 2045 1843 2135 intelligit
1864 2047 1951 2139 quid
1974 2047 2020 2117 sit

96 2145 189 2236 :ipue
214 2143 310 2216 hunc
335 2172 496 2241 quoque,
529 2150 574 2219 ad
598 2172 703 2241 quem
732 2147 863 2240 reliqui
894 2146 985 2216 rele-
1036 2142 1134 2213 tides.
1184 2139 1264 2213 Etsi
1284 2157 1400 2213 autem
1421 2146 1532 2215 multa
1557 2146 1715 2238 exempla
1733 2170 1897 2216 verorum
1920 2171 2019 2217 exer-

96 2247 222 2331 isunt,
248 2261 415 2341 tanquam
436 2251 480 2319 ad
502 2273 643 2321 causam
664 2249 817 2321 finalem.
847 2245 984 2322 ,Credo
1037 2243 1202 2313 citiorum
1226 2259 1476 2338 proponuntur
1496 2247 1535 2315 in
1559 2243 1773 2338 propheticis
1794 2262 1828 2318 et
1849 2249 2018 2337 apostoli·

96 2349 246 2416 ssionem
270 2363 503 2439 peccatorum.
563 2350 745 2433 Secundo,
779 2351 876 2442 quod
898 2343 985 2419 haec
1037 2345 1086 2414 cis
1114 2345 1273 2435 scriptis,
1319 2362 1439 2417 tamen
1468 2349 1748 2440 contemplemur
1770 2347 2016 2420 Publicanum

103 2450 238 2519 nitatur
252 2450 326 2519 sola
347 2451 607 2537 misericordia,
630 2476 695 2520 nec
709 2463 853 2545 quaerat
868 2451 984 2540 digni·
1035 2445 1152 2515 Lucae
1170 2447 1229 2518 18.
1249 2449 1378 2541 dequo
1395 2449 1444 2518 ait
1459 2445 1636 2521 Christus:
1664 2448 1746 2519 Non
1764 2453 1917 2521 audebat
1930 2475 2016 2520 ocu·

96 2552 494 2643 rautmeritapropria.
547 2552 644 2638 lmo,
670 2555 766 2645 quod
782 2576 922 2622 necesse
938 2552 985 2621 sit
1038 2550 1089 2616 los
1108 2547 1147 2615 iu
1163 2549 1301 2619 coelum
1315 2551 1451 2622 tollere.
1503 2551 1706 2640 Hicgestus
1728 2552 1899 2642 significat
1920 2575 2018 2623 acer·
2096 2609 2098 2613 .

96 2652 279 2720 ricordiam
296 2678 474 2744 opponere
489 2669 629 2726 nostrae
642 2653 859 2743 indignitati.
893 2653 985 2723 Ter·
1037 2649 1164 2719 rimam
1187 2674 1362 2741 pugnam,
1388 2653 1499 2721 animi
1512 2655 1773 2743 desperabundi
1787 2668 1822 2724 et
1835 2654 2018 2744 fugitantis

96 2756 185 2846 quod
209 2748 296 2822 haec
314 2754 400 2824 fides
423 2758 566 2848 proprie
586 2779 742 2848 pugnare
757 2756 885 2825 debeat
904 2779 983 2824 cum
1036 2748 1165 2821 Deum.
1218 2751 1310 2822 Cum
1334 2778 1433 2822 mens
1457 2778 1537 2823 vere
1561 2755 1700 2845 expavit
1721 2770 1909 2847 conspectu
1934 2779 2016 2848 pec-

96 2856 238 2939 catione,
264 2878 304 2924 ac
326 2869 420 2926 certu
437 2869 589 2929 statuere
606 2859 676 2928 sihi
691 2856 845 2948 ignosci,
871 2879 907 2924 se
924 2880 984 2925 ex·
1036 2850 1125 2936 cati,
1158 2853 1285 2924 metuit
1311 2854 1401 2922 iram
1423 2854 1510 2940 Dei,
1542 2855 1671 2944 cogitat
1700 2878 1736 2925 se
1767 2858 1897 2943 abiici,¹
1926 2857 2018 2947 fugit

96 2957 135 3039 ri,
162 2969 227 3030 etc.
284 2953 374 3025 Nam
396 2952 481 3028 haec
503 2974 642 3031 tantum
665 2958 751 3028 fides
779 2956 891 3027 vincit
913 2973 984 3030 ter·
1037 2951 1168 3039 Deum,
1193 2978 1268 3023 non
1282 2957 1389 3026 audet
1404 2957 1587 3048 invocare,
1615 2981 1680 3026 nec
1701 2980 1842 3048 sperare
1865 2959 2017 3029 veniam.

111 3071 145 3126 et
164 3059 456 3149 desperationem.
824 3045 830 3057 ’
1039 3053 1080 3124 ln
1097 3051 1154 3124 his
1169 3057 1339 3145 augustiis
1355 3061 1551 3128 revocanda
1567 3073 1618 3129 est
1633 3082 1732 3127 mens
1749 3061 1792 3128 ad
1810 3059 2017 3155 promissio-

98 3185 324 3278 Advemrqi’
357 3216 438 3261 cum
463 3194 571 3261 semel
600 3193 826 3276 deerrarunt,
863 3201 982 3281 postea
1037 3179 1097 3226 nes
1119 3157 1269 3247 gratiae,
1300 3159 1390 3230 sicut
1416 3160 1584 3230 exuscitat
1605 3184 1641 3229 se
1668 3161 1727 3228 ille
1747 3160 1821 3252 ipse
1846 3161 2015 3230 Publica·-

96 3291 241 3381 ipliciter
274 3289 550 3363 hallucinantur.
607 3292 768 3364 Primum
800 3296 845 3362 de
878 3314 983 3360 voca·

111 3406 241 3466 errant.
299 3394 438 3464 Deinde
468 3410 605 3468 tantum
630 3391 777 3466 haerent
796 3396 836 3463 in
850 3393 980 3463 noticia

96 3494 184 3576 riae,
217 3518 292 3563 non
322 3498 450 3566 docent
474 3499 571 3565 unde
597 3500 750 3589 petenda
775 3497 822 3567 sit
845 3518 925 3565 vere
947 3507 982 3564 et

120 3597 315 3665 consolatio
337 3597 651 3684 conscientiarum,
675 3600 855 3692 quomodo
876 3610 981 3666 uten-

120 3697 165 3765 sit
195 3694 357 3783 Christo,
391 3703 571 3791 quomodo
600 3700 763 3770 vincatur
792 3699 981 3781 dubitatio,

95 3797 209 3888 palam
231 3801 360 3869 docent
387 3823 459 3870 esse
488 3803 738 3875 dubitandum.
768 3800 846 3871 ·lta
874 3802 979 3892 plane

96 3915 151 3967 rut
180 3901 406 3972 conscientiis
428 3902 565 3970 firmam
590 3903 887 3988 consolationem,
919 3925 979 3971 ex·

1036 3383 1203 3455 quaerere
1225 3360 1362 3448 Deum,
1386 3377 1421 3434 et
1445 3377 1560 3454 petere
1585 3368 1743 3445 veniam,
1770 3364 1859 3432 sicut
1878 3363 2012 3456 inquit:

1036 3460 1228 3551 Propicius,
1242 3477 1315 3532 esto
1337 3461 1427 3533 mihi
1451 3465 1637 3556 peccatori.
1693 3462 1746 3534 lbi
1763 3488 1842 3534 cum
1856 3464 1942 3534 fides
1960 3464 2014 3533 vi·

1034 3563 1082 3633 cit
1105 3587 1270 3652 pavores,
1295 3564 1334 3636 lit
1355 3566 1550 3661 tranquilla
1573 3567 1787 3636 conscientia
1810 3579 1844 3634 et
1858 3566 2015 3635 vivifica-

1034 3680 1103 3737 tur.
1157 3663 1260 3734 Talia
1285 3670 1442 3757 exempla
1468 3669 1571 3738 uobis
1601 3691 1858 3758 proponamus,
1891 3682 1926 3738 et
1948 3662 2014 3737 hos

1033 3780 1149 3838 motus
1167 3767 1297 3838 nostris
1312 3771 1484 3840 exercitiis
1494 3769 1670 3839 discamus
1685 3770 1893 3859 intelligere.
1918 3766 2014 3839 Hac·

1033 3883 1135 3939 tenus
1151 3868 1284 3938 dictum
1311 3885 1362 3941 est
1386 3874 1430 3942 de
1456 3873 1564 3942 verbo
1586 3869 1715 3945 Credo.
1768 3870 1872 3942 Nunc
1888 3895 2013 3965 perga·

98 4015 164 4070 unt
186 4003 290 4070 fidem
316 4016 350 4072 et
374 4003 657 4088 invocationem,
689 4030 729 4074 ac
751 4030 897 4095 prorsus
914 4005 980 4073 ab-
1033 3994 1111 4041 ¹¹¹¹¹³
1126 3973 1171 4040 ad
1185 3985 1330 4045 melisa·

96 4116 121 4170 rt
152 4103 377 4194 praecipuum
410 4103 618 4175 articulum:
654 4103 770 4176 Credo
799 4105 979 4177 remissio-

96 4218 333 4294 peccatorum,
359 4220 424 4276 etc.
473 4202 615 4275 Deinde
630 4230 708 4277 cum
725 4220 862 4279 tantum
881 4207 977 4275 noti-

99 4301 268 4375 historiae
285 4308 453 4392 doceant,
474 4309 727 4379 transformant
742 4305 977 4398 Evangelium

96 4411 257 4477 actrinam
288 4408 393 4497 legis,
431 4433 520 4501 quae
557 4433 631 4478 non
661 4411 864 4480 consolatur
892 4433 979 4479 con-

96 4510 174 4594 tias,
200 4534 276 4578 non
298 4512 417 4581 reddit
432 4526 550 4599 ‚certas
569 4514 613 4583 de
636 4512 843 4583 remissione
856 4535 979 4604 pecca-

96 4635 130 4694 s,
156 4613 216 4679 sed
236 4613 347 4700 magis
364 4627 467 4702 auget
484 4626 648 4686 terrores.
735 4668 740 4675 .
793 4627 796 4633 ’

1081 4165 1279 4268 Propterea
1299 4167 1443 4271 loquor.

1132 4340 1249 4414 Simul
1265 4340 1323 4413 hic
1338 4341 1520 4415 invocatio
1535 4356 1569 4413 et
1578 4340 1760 4414 Confessio
1778 4339 2010 4434 comprehen-

1031 4445 1182 4531 duntur,
1209 4447 1292 4539 quia
1313 4446 1530 4537 impossibile
1543 4459 1595 4514 est
1609 4442 1696 4514 haec
1711 4445 1889 4521 divellere.
1918 4445 2010 4517 Nam

1032 4547 1208 4616 invocatio
1236 4561 1287 4618 est
1317 4572 1355 4615 re
1383 4548 1457 4638 ipsa
1488 4548 1660 4640 quaedam
1688 4547 1882 4628 confessio,
1920 4550 2011 4620 sicut

1031 4648 1245 4737 experientia
1271 4662 1427 4722 testatur.
1480 4646 1570 4717 Tres
1594 4647 1772 4718 lsraiilitae
1797 4649 1835 4716 in
1855 4647 2010 4745 Babylo-

96 4743 261 4815 Necvero
280 4762 396 4837 posset
408 4747 557 4816 existere
569 4746 697 4817 fiducia
713 4747 977 4821 misericordiae
1030 4772 1091 4829 ne,
1108 4773 1188 4819 cum
1205 4751 1335 4820 nolunt
1350 4752 1499 4821 adorare
1510 4745 1680 4830 statuam,
1696 4753 1889 4821 ostendunt
1905 4776 2009 4844 quem

97 4847 168 4915 nisi
183 4850 434 4939 promissiones
450 4849 623 4919 revelatae
632 4856 671 4918 'et
686 4843 836 4921 traditae
852 4864 976 4925 essent.
1030 4852 1164 4923 cultum
1188 4855 1360 4943 probent,
1385 4865 1447 4923 aut
1471 4854 1733 4923 abominentur.
1787 4850 2011 4925 Valentinis«

107 4949 234 5017 fiducia
261 4951 322 5018 illa
351 4952 391 5019 iu
414 4949 581 5020 Patribus
610 4951 789 5021 oriebatur
810 4976 853 5023 ex
881 4969 976 5025 certo
1030 4976 1098 5022 nus
1111 4977 1190 5024 cum
1206 4954 1244 5023 in
1258 4954 1499 5044 templodaret
1508 4950 1694 5046 colaphum
1703 4949 1875 5024 sacerdoti
1890 4978 2013 5047 aspen·¹

96 5085 117 5136 ·,
151 5067 186 5121 et
222 5051 402 5124 nitebatur
430 5053 620 5151 promissio
649 5053 854 5141 liberatore,
886 5057 977 5125 sicut
1029 5055 1125 5143 genti
1147 5057 1262 5146 ipsum
1286 5057 1426 5125 lustrali
1447 5081 1557 5149 aqua,
1579 5055 1734 5127 ostendit
1758 5078 1794 5125 se
1816 5058 2009 5148 noninvo-

96 5175 153 5220 aus
183 5154 359 5224 secundus
386 5156 452 5225 ait:
487 5149 712 5224 Osculamiui
736 5152 888 5243 Filium,
910 5171 975 5228 etc.
1029 5179 1108 5226 care
1133 5156 1228 5226 idola
1257 5154 1389 5226 Iuliani
1414 5159 1636 5250 imperatoris
1660 5157 1727 5246 sui.
1785 5155 1929 5229 Certum
1957 5174 2009 5231 est

107 5255 310 5348 omnesqui
333 5258 519 5327 confidunt
542 5256 581 5324 in
605 5280 656 5328 eo.
706 5253 755 5328 Ει
772 5252 896 5330 Esaias
917 5260 975 5328 in·
1027 5258 1136 5349 igitur
1168 5254 1259 5328 haec
1279 5263 1352 5332 duo
1380 5255 1654 5351 comprehendi,
1685 5259 1948 5330 Invocationem
1974 5275 2009 5331 et

112 5355 320 5450 lniquitates
343 5372 482 5429 nostras
503 5358 579 5450 ipse
599 5358 765 5452 portavit.
816 5357 869 5433 lta
882 5384 973 5456 quo·
1025 5359 1304 5434 consessionem.
1369 5359 1528 5433 Primum
1556 5376 1675 5435 autem
1704 5365 1749 5433 de
1784 5361 2009 5433 invocatione

1038 3283 1114 3331 rius.
1164 3254 1281 3349 Erigit
1304 3285 1340 3330 se
1361 3275 1395 3331 et
1416 3263 1559 3330 tandem
1584 3262 1713 3332 attollit
1738 3263 1879 3343 oculos,
1909 3263 2016 3332 audet
2125 3346 2128 3350 .
2156 3331 2159 3334 ,
