4538 5754
37 295 39 299 ,
117 172 220 306 ἰεω
716 222 844 297 euru
869 171 986 296 Man
1015 220 1226 297 sculum
1253 219 1551 301 axaoeucu
2001 217 2139 313 ‘sao

2 451 5 458 -
118 419 266 475 naturae
298 396 492 482 humanae,
535 412 570 467 et
599 395 771 483 significat
802 393 840 464 in
871 418 966 464 novo
1000 407 1106 466 testa·
1129 399 1134 516 l
1157 393 1221 468 tim
1238 394 1275 465 iu
1291 394 1564 481 afflictionibus,
1589 419 1655 465 nec
1675 411 1823 488 possunt
1845 399 1993 472 flectere
2013 401 2139 477 animos

118 522 240 576 mento
262 506 418 573 futuram
437 498 730 570 instaurationem
750 510 897 591 naturae
916 493 1105 587 humanae,
1129 517 1132 555 ³
1155 499 1199 567 ad
1222 496 1448 586 patientiam,
1482 498 1575 566 etin
1600 502 1674 567 suis
1697 502 1857 570 consiliis
1888 515 1924 574 et
1948 505 2140 578 actionibus

119 610 159 678 iu
183 631 253 700 qua
275 605 351 674 sine
374 616 533 693 peccato,
556 599 632 668 sine
650 598 865 682 rebellione,
891 598 969 667 siue
992 612 1105 668 morte
1154 599 1342 689 praecipue
1356 601 1699 687 expetuntcarnalia,
1715 626 1790 670 nou
1805 604 2138 692 anteierurrtDeum‚

118 708 355 802 praestabitur
371 727 462 771 nova
480 719 514 772 et
530 726 611 770 vera
633 699 854 770 ohedientia,
896 695 943 769 Et
965 715 1004 770 ut
1031 701 1106 768 eol·
1155 714 1333 793 quaeruut
1357 723 1459 789 opes,
1484 699 1633 790 gloriam
1662 716 1697 772 et
1716 705 1939 795 voluptates,
1965 709 2139 781 confidunt
2173 691 2175 710 Ι

118 809 269 881 lationes
284 807 482 896 superiores
497 805 728 872 ostenderunt
746 803 907 894 modum,
925 825 996 893 quo
1007 800 1106 871 Mes·
1154 803 1259 881 rebus
1277 801 1540 892 praesentibus,
1565 827 1644 873 cum
1662 804 1701 872 in
1719 807 1891 877 omuibus
1913 811 2073 896 negociis
2085 817 2137 881 de·

118 911 187 982 sias
208 923 322 998 reget,
347 907 482 976 scilicet
503 930 578 973 nou
602 903 745 994 politico
771 927 870 972 more
893 926 955 971 seu
973 904 1103 992 gladio,
1154 903 1253 974 beret
1277 926 1377 971 meus
1402 903 1536 974 intueri
1558 903 1693 991 Deum,
1718 923 1753 976 et
1775 910 1900 979 omnia
1924 912 2079 1000 dirigere
2098 917 2134 982 ad

118 1038 181 1085 scu
204 1012 299 1101 lege,
332 1012 392 1078 sed
424 1032 487 1099 per
507 1005 742 1094 Evangelium
765 1019 799 1072 et
823 1002 997 1094 Spiritum
1019 1027 1103 1073 san·
1155 1007 1352 1073 ornandam
1368 1005 1516 1094 gloriam
1533 1005 1613 1079 Dei.

118 1129 225 1185 etum.
278 1110 331 1180 lta
348 1106 432 1179 haec
448 1108 551 1178 tertia
573 1101 757 1177 antithesis
780 1106 971 1192 admodum
994 1107 1104 1195 signi·
1256 1104 1346 1175 Cum
1364 1107 1472 1194 igitur
1490 1121 1628 1177 maneat
1644 1123 1740 1180 tanta
1758 1110 2014 1183 immundities
2032 1116 2067 1184 iu
2083 1112 2137 1186 ho-

117 1219 263 1285 ficanter
286 1210 457 1302 proponit
487 1210 670 1291 effectum,
704 1207 820 1300 qualis
850 1207 925 1297 ipse
952 1209 1104 1299 populus
1153 1206 1329 1293 minibus,
1353 1209 1491 1278 etiamsi
1508 1211 1657 1281 audiant
1674 1212 1806 1301 legem,
1831 1227 1867 1282 et
1888 1229 2072 1304 praestent
2087 1242 2136 1286 ex·

117 1319 162 1389 sit
187 1317 340 1386 iuturus.
391 1308 439 1380 Et
462 1306 527 1379 hac
549 1333 621 1379 una
645 1332 729 1378 voce
749 1309 925 1398 praeclare
947 1312 1102 1401 comple·
1153 1324 1273 1379 ternos
1289 1310 1405 1379 cultus
1420 1324 1455 1380 et
1471 1324 1612 1380 externa
1636 1338 1762 1405 opera,
1786 1315 1864 1385 sine
1883 1314 2086 1405 Evangelio
2108 1332 2136 1390 et

118 1419 226 1488 ctitur
242 1417 302 1483 illa
319 1413 474 1501 iugentia
492 1411 678 1493 beneficia,
705 1435 794 1503 quae
812 1411 914 1479 affert
928 1408 1103 1495 Christus,
1153 1411 1284 1480 noticia
1302 1407 1455 1492 Christi,
1481 1413 1564 1481 satis
1587 1428 1752 1513 apparet,
1779 1418 1885 1488 talem
1903 1420 2136 1491 obedientiam

76 1537 77 1542 ’
118 1520 251 1590 scilicet
284 1513 576 1584 instaurationem
608 1526 754 1581 naturae
787 1507 993 1597 hominum,
1033 1539 1102 1606 qua
1154 1537 1228 1581 nou
1254 1535 1327 1581 esse
1351 1526 1582 1604 spontaneam
1619 1530 1653 1586 et
1677 1539 1808 1586 veram.
1867 1516 2032 1591 Ecoutre
2054 1545 2137 1606 vero,

117 1623 257 1690 sublato
273 1602 421 1709 'peceato
445 1628 481 1684 et
502 1615 632 1682 abolita
655 1615 917 1682 mortevivcnt
940 1608 1103 1683 homiues
1155 1627 1338 1706 postquam
1356 1638 1419 1706 per
1441 1613 1673 1706 Evangelium
1689 1632 1886 1706 agnoscunt
1909 1625 2021 1690 corda
2044 1605 2155 1692 miss-¹

117 1721 323 1814 inquadam
345 1739 436 1786 nova
459 1729 494 1785 et
516 1728 682 1806 perpetua
707 1715 801 1792 luce,
829 1715 1009 1804 agnitione
1036 1715 1123 1785 Det,
1153 1716 1363 1800 ricordiam,
1396 1731 1541 1809 propter
1569 1713 1750 1788 Christum
1783 1723 1977 1807 donatam,
2013 1738 2048 1795 et
2079 1725 2138 1794 lide

118 1839 152 1893 et
169 1822 321 1914 perlecta
337 1818 552 1888 obedientia.
604 1814 700 1885 Haec
717 1816 856 1886 novitas
879 1817 1042 1888 incoatur
1061 1819 1101 1886 iu
1152 1818 1357 1907 eriguntur,
1386 1816 1436 1887 ibi
1460 1842 1541 1888 vere
1564 1819 1741 1911 incipiunt
1767 1823 1934 1892 invocare
1952 1818 2088 1910 Deum,
2110 1845 2137 1896 et

118 1920 292 2002 haesita,
317 1923 377 1990 sed
397 1913 580 2010 posthanc
599 1919 705 1992 vitam
724 1919 932 2008 perficietur.
1153 1919 1360 2010 concipiunt
1381 1944 1493 1989 novos
1510 1936 1647 2006 motus,
1671 1924 1839 1993 noticiam
1854 1922 1942 2010 Dei,
1969 1927 2138 2011 timorem,

219 2022 412 2113 Praecipue
434 2034 550 2090 autem
575 2014 634 2089 hic
649 2020 903 2089 consideranda
919 2033 971 2089 est
988 2044 1103 2104 causa,
1152 2022 1398 2102 dilectionem,
1431 2021 1645 2094 confitentur
1672 2039 1705 2094 et
1726 2041 1857 2095 ornant
1888 2027 2042 2117 gloriam
2064 2027 2138 2112 Dei,

117 2150 228 2220 quare
243 2125 379 2194 iusticia
394 2123 480 2212 legis
496 2146 568 2190 uon
583 2121 628 2189 sit
651 2135 861 2210 spontanea,
887 2137 921 2191 et
944 2123 1028 2214 quid
1048 2123 1104 2204 sit,
1153 2135 1187 2193 et
1204 2122 1380 2214 incipiunt
1402 2123 1548 2191 obedire
1572 2125 1611 2192 iu
1633 2126 1898 2199 afflictionibus.
1954 2127 2006 2198 Hi
2029 2131 2136 2200 cultus

117 2254 191 2297 nou
227 2250 299 2295 esse
335 2239 578 2315 spontaneum.
639 2220 772 2291 Paulus
806 2223 938 2316 inquit:
972 2223 1103 2294 Sensus
1153 2237 1235 2294 suut
1250 2224 1435 2314 spontanei
1459 2239 1492 2296 et
1509 2225 1725 2316 spirituales,
1749 2229 1832 2321 quia
1859 2241 1944 2300 sum
1971 2231 2046 2301 veri
2068 2256 2138 2301 mo-

90 2326 234 2399 'caruis
258 2327 447 2396 inimicicia
472 2339 524 2395 est
544 2327 712 2393 adversus
737 2322 863 2396 Deum.
922 2324 994 2394 Nec
1028 2326 1103 2393 leve
1152 2341 1209 2396 tus
1226 2326 1361 2409 cordis,
1388 2349 1462 2393 uon
1478 2341 1640 2396 externae
1665 2331 1822 2398 umbrae.
1874 2329 2062 2402 Praestitit
2078 2356 2137 2423 agr

116 2424 250 2500 malum
275 2443 346 2498 tam
371 2429 551 2496 atrocibus
574 2427 692 2493 verbis
714 2426 899 2509 describit,
932 2427 1101 2512 significat
1152 2443 1211 2497 tur
1233 2422 1292 2496 hic
1317 2427 1435 2511 locus,
1467 2429 1588 2520 quales
1611 2429 1684 2499 sint
1704 2430 1815 2500 futuri
1838 2434 1956 2505 cultus
1984 2435 2023 2502 iu
2052 2459 2136 2504 uovo

118 2531 278 2603 enimin
300 2544 426 2599 natura
448 2527 606 2595 hominis
628 2522 836 2594 horribilem
860 2528 1103 2612 rebellionem,
1152 2542 1372 2624 testamento.
1430 2527 1551 2617 Quare
1583 2533 1848 2602 meminerimus
1880 2531 1947 2604 hos
1990 2562 2009 2605 a
2041 2536 2136 2607 uobis

117 2632 377 2702 dubitationem
416 2642 477 2696 aut
510 2627 791 2726 indignationem
828 2651 901 2697 esse
935 2630 1103 2699 adversus
1154 2632 1381 2721 praestandos
1405 2653 1498 2710 esse,
1532 2633 1696 2702 videlicet
1725 2634 1910 2720 timorem,
1934 2637 2063 2723 lidem,
2087 2638 2136 2706 in·

117 2733 245 2829 Deum,
300 2730 381 2799 ldeo
406 2752 610 2822 quanquam
635 2743 831 2820 praestatur
854 2743 996 2800 externa
1018 2733 1103 2800 obe·
1152 2732 1391 2816 vocatiouem,
1417 2732 1662 2814 dilectionem,
1690 2736 1909 2824 patientiam,
1934 2739 2134 2829 castitatem,

118 2835 251 2905 dientia
276 2846 476 2924 utcunque,
510 2844 628 2899 tamen
653 2854 725 2899 non
750 2831 881 2900 dicitur
909 2847 1102 2924 spontanea
1152 2847 1186 2904 et
1202 2833 1335 2902 similes
1351 2833 1487 2902 fructus
1501 2834 1660 2923 spiritus.
1710 2833 1787 2906 Hos
1803 2838 1898 2906 euim
1917 2853 2023 2911 vocat
2037 2863 2134 2932 spou-

117 2933 339 3018 obedientia,
364 2957 444 3003 cum
470 2933 532 3001 illa
556 2931 725 3016 rebellio,
748 2933 923 3003 dubitatio
947 2946 982 3004 et
1006 2934 1102 3003 indi·
1153 2947 1272 3004 taueas
1295 2933 1505 3007 oblationes.
1556 2932 1611 3004 Ex
1638 2932 1692 3004 his
1715 2938 1883 3008 omnibus
1906 2938 2065 3032 intelligi
2086 2956 2133 3012 ut·

118 3037 237 3130 gnatio
253 3032 420 3105 haereant
438 3036 477 3102 in
494 3047 619 3102 natura
636 3028 804 3103 hominis.
856 3029 1102 3133 Ethaecpec·
1153 3060 1292 3127 ctruque
1315 3048 1448 3125 potest,
1474 3059 1583 3129 quare
1604 3037 1751 3119 dixerit,
1783 3037 1914 3129 Populi
1938 3043 1995 3111 tui
2018 3058 2132 3135 sponte

116 3154 191 3211 eata
214 3138 327 3207 mcrlto
352 3137 484 3206 maiora
509 3151 609 3219 sunt,
637 3158 742 3226 quam
768 3148 947 3204 uteorum
964 3138 1102 3224 magni·
1153 3136 1398 3207 offereuttibi.
1446 3134 1665 3229 Quanquam
1687 3138 1781 3208 enim
1801 3140 2011 3230 collegimus
2029 3144 2133 3235 plures

117 3243 204 3312 tudo
229 3238 381 3328 intelligi
413 3239 593 3307 aratione
617 3236 738 3326 possit.
798 3233 888 3305 Cum
914 3237 1022 3325 igitur
1044 3233 1102 3306 hic
1152 3233 1352 3322 antithesis,
1378 3251 1495 3306 tamen
1513 3262 1636 3308 omnes
1651 3233 1853 3326 cohaerent,
1882 3256 1917 3312 et
1931 3243 2003 3314 alia
2019 3269 2060 3314 ex
2074 3247 2144 3333 alia⁴

115 3337 294 3434 Propheta
312 3340 542 3427 vaticinatur,
559 3339 697 3408 futuros
712 3337 862 3429 populos
879 3352 1101 3427 spontaneos,
1152 3340 1278 3412 oritur.
1337 3337 1427 3408 Nam
1453 3353 1688 3430 spontaneum
1711 3343 1885 3431 siguificat
1912 3339 2009 3414 haud
2036 3348 2130 3416 dubie

117 3468 192 3512 non
206 3445 354 3510 obscure
368 3441 598 3509 concionatur
613 3440 656 3507 de
674 3439 929 3508 instauratione
943 3443 1101 3508 naturae.
1153 3465 1253 3509 veros
1279 3441 1467 3510 interiores
1488 3440 1604 3512 cultus
1627 3442 1841 3515 instauratae
1863 3457 2032 3534 naturae,
2057 3443 2130 3539 hinc

116 3543 199 3616 Erit
220 3556 335 3611 autem
359 3554 437 3631 post
462 3541 753 3609 resurrectionem
779 3541 915 3628 integra
931 3543 1100 3609 obedien·
1153 3543 1288 3635 reliqua
1304 3556 1512 3635 sequuntur.
1996 3547 2006 3561 '

117 3648 166 3715 tia
185 3659 218 3713 et
235 3643 385 3733 perfecte
401 3656 612 3733 spontanea,
636 3644 695 3710 sed
721 3642 759 3710 in
776 3637 841 3710 hac
866 3641 937 3712 vita
962 3654 1099 3713 tautum
1132 3649 1136 3655 ’

118 3760 170 3816 est
184 3745 322 3813 incoata
339 3739 425 3812 haec
441 3737 633 3834 spontanea
651 3743 864 3812 obedientia.
982 3748 985 3753 ’

219 3843 386 3914 Dicemus
402 3845 527 3934 igitur,
551 3847 731 3937 quomodo
755 3845 793 3911 in
808 3840 874 3914 hac
891 3845 962 3914 vita
988 3871 1101 3939 oppo-
1254 3841 1399 3915 Phrasis
1421 3860 1472 3916 est
1493 3842 1666 3933 Ebraica,
1693 3847 1731 3916 io
1754 3865 1883 3921 ornatu
1908 3869 2051 3937 sancto,
2076 3879 2131 3948 pro

118 3944 451 4039 nauturSpontauei
462 3947 576 4016 cultus
592 3962 875 4036 seuspontaneae
889 3948 1100 4033 oblationes,
1153 3946 1280 4017 vestitu
1298 3946 1490 4037 pontificio.
1544 3946 1686 4020 Alludit
1697 3950 1794 4019 euim
1811 3955 1853 4021 ad
1869 3960 2071 4029 sacerdotes
2085 3981 2132 4026 sa·

116 4048 275 4120 iusticiae
309 4048 407 4138 legis.
465 4046 554 4116 Nam
586 4042 653 4115 hoc
683 4070 824 4140 quoque
856 4048 1102 4137 complectitur
1153 4051 1347 4119 crificautes
1376 4048 1414 4115 in
1437 4050 1566 4120 vestitu
1591 4074 1721 4130 sacro„
1751 4051 1932 4144 Altergo,
1960 4062 2134 4129 credentes

116 4151 298 4237 Psalmus,
325 4164 360 4220 et
377 4149 451 4219 vult
467 4149 664 4218 discernere
680 4149 772 4216 <novi
799 4151 997 4220 testamenti
1022 4153 1099 4220 cul·
1151 4147 1293 4222 Christo
1317 4150 1571 4221 sacrificaturos
1597 4175 1671 4222 esse
1696 4168 1908 4253 spontaneas
1940 4161 2133 4231 oblationes

1203 3707 1254 3782 Iu
1271 3719 1406 3781 ornatu
1419 3721 1560 3787 sancto.

13 4292 18 4310 ·
117 4267 175 4323 tus
201 4276 221 4321 a
244 4254 398 4323 cultibus
417 4245 602 4335 Leviticis,
629 4264 663 4320 et
685 4249 880 4339 significare
899 4254 1100 4342 abrogatio-
1152 4268 1319 4346 tauquam
1339 4253 1377 4319 iu
1400 4253 1578 4344 pontificia
1595 4269 1700 4325 veste.
1752 4254 1852 4326 Sicut
1874 4274 1908 4327 et
1933 4256 2062 4332 Esaias
2084 4263 2133 4330 in·

21 4417 30 4432 ,
116 4378 197 4423 nem
215 4353 317 4442 legis,
343 4353 441 4444 quasi
459 4353 569 4436 dicat,
594 4347 675 4420 Erit
687 4350 864 4438 Ecclesia,
886 4353 1018 4423 etiamsi
1043 4351 1100 4426 hic
1151 4357 1229 4449 quit
1244 4355 1356 4446 capite
1372 4354 1453 4428 ot:
1481 4353 1554 4423 Vos
1569 4368 1684 4425 autem
1701 4359 1896 4427 sacerdotes
1911 4358 2064 4432 Domini
2076 4388 2134 4432 vo-

118 4454 272 4545 populus
295 4448 388 4523 ethi
411 4457 527 4525 cultus
544 4451 694 4522 Levitici
720 4451 902 4535 desinent,
928 4455 990 4546 qui
1016 4474 1099 4545 sunt
1150 4457 1331 4525 cabimini.
1382 4452 1432 4526 Et
1451 4458 1559 4548 paulo
1582 4471 1662 4548 post
1684 4461 1728 4527 de
1743 4473 1872 4528 ornatu
1890 4461 2069 4556 loquitur:
2093 4463 2133 4534 Et

116 4557 283 4639 umbrae,
316 4579 389 4623 non
413 4571 495 4626 sunt
517 4555 591 4622 veri
615 4554 742 4627 cultus.
801 4552 957 4626 Habebit
980 4571 1098 4627 autem
1151 4559 1251 4651 quasi
1272 4580 1441 4647 sponsum
1467 4559 1590 4630 vestiet
1612 4562 1832 4629 sacerdotum
1849 4586 1960 4637 more.
2015 4567 2134 4656 Quan-

116 4654 275 4727 Ecclesia
301 4655 451 4725 Messiae
477 4656 564 4725 alios
586 4657 702 4727 cultus
724 4657 1012 4751 praestantiores,
1044 4659 1100 4726 vi·
1151 4685 1255 4751 quam
1273 4672 1391 4729 autem
1406 4673 1551 4730 ornatus
1571 4662 1773 4751 pontificius
1794 4666 2009 4752 generaliter
2031 4668 2134 4759 sigui·

29 4809 31 4815 -
117 4757 247 4826 delicet
261 4769 484 4846 spontaneos,
506 4756 542 4824 id
558 4770 620 4839 est,
633 4781 735 4826 veros
751 4769 866 4828 motus
881 4760 1008 4843 cordis,
1032 4761 1099 4829 sic-
1150 4763 1229 4830 licat
1242 4761 1362 4829 omnia
1379 4762 1474 4831 dona
1489 4762 1645 4853 Spiritus
1660 4765 1789 4848 sancti,
1817 4777 1936 4835 tamen
1952 4771 2134 4863 praecipue

118 4872 159 4929 ut
179 4857 229 4927 ait
254 4852 437 4936 Christus,
466 4852 655 4932 lohan.4.:
681 4858 722 4928 ln
747 4859 873 4950 spiritu
897 4875 931 4931 et
952 4862 1100 4932 veritate
1150 4862 1320 4951 significat
1340 4863 1578 4934 ministerium
1595 4861 1784 4955 Evangelii
1809 4880 1842 4935 et
1865 4871 2133 4956 confessionem,

118 4971 258 5049 oportet
272 4959 429 5028 adorare.
480 4956 585 5028 Tales
602 4960 716 5029 cultus
737 4983 810 5030 non
835 4958 975 5035 exhibet
996 4964 1100 5034 iusti·
1149 4960 1208 5034 hic
1232 4978 1284 5035 est
1309 4964 1516 5055 principalis
1541 4980 1576 5037 et
1597 4991 1758 5037 summus
1781 4969 1919 5050 cultus,
1944 4997 2054 5066 quem
2079 4999 2133 5044 co·

118 5060 172 5129 eia
188 5058 292 5147 legis,
317 5058 398 5151 quia
415 5059 491 5128 sine
506 5057 700 5149 Evangelio
723 5074 757 5130 et
774 5062 954 5148 agnitione
967 5068 1100 5156 gratiae
1149 5067 1322 5136 mitantur
1339 5067 1469 5135 deinde
1485 5080 1641 5138 caeterae
1657 5070 1823 5158 virtutes,
1845 5059 2018 5160 patientia
2031 5077 2070 5145 in
2086 5076 2133 5145 af·

86 5235 89 5238 ,
119 5162 225 5231 corda
248 5160 415 5232 dubitant
439 5162 483 5230 de
496 5159 589 5242 Deo,
616 5162 758 5251 lugiunt
775 5177 810 5234 et
832 5167 984 5239 oderunt
1003 5169 1100 5238 iudi-
1147 5168 1369 5238 dictionibus
1391 5181 1424 5237 et
1446 5166 1515 5236 alia
1540 5171 1634 5240 bona
1658 5195 1783 5262 opera,
1809 5174 1940 5265 quibus
1962 5178 2133 5266 glorifica·

118 5260 213 5332 cium
234 5258 322 5346 Dei,
348 5286 421 5332 non
445 5277 593 5360 possunt
614 5287 694 5355 rere
718 5263 903 5350 invocare,
929 5265 1002 5338 imo
1028 5270 1099 5339 fre-
1147 5283 1206 5340 tur
1221 5265 1327 5337 Deus.
1378 5265 1490 5340 Docet
1513 5269 1818 5361 igiturPsalmus,
1846 5277 1970 5368 quales
1984 5280 2133 5351 oblatio-

118 5377 221 5435 munt
236 5365 404 5435 adversus
419 5360 554 5452 Deum,
579 5376 613 5434 et
630 5377 794 5434 accusant
817 5389 917 5454 eum,
942 5392 1099 5461 praeser-
1146 5392 1210 5439 nes
1225 5369 1384 5464 requirat
1395 5366 1510 5460 Deus,
1535 5374 1700 5446 videlicet
1717 5379 1962 5466 sacerdotales,
1991 5379 2059 5454 hoc
2075 5395 2131 5465 est,
