4538 5754
710 249 726 271 ”
790 248 917 324 ants.
942 246 1300 324 MEL'SCRIPTA
1326 247 1626 328 mutuet.
2147 251 2216 327 ors

509 504 512 509 Ι
575 419 800 477 nemetvtss.
1230 426 1294 495 ubi
1319 439 1353 497 et
1376 425 1507 494 vulnus
1527 423 1678 513 accepit,
1707 420 1799 492 ictus
1833 424 1925 509 telo,
1959 427 2057 518 quod
2082 446 2215 496 veneno

294 527 473 602 Adiiciam
493 537 612 598 autem
629 522 784 593 breviter
804 521 961 614 reliquos
976 518 1102 616 Syriae
1121 545 1180 591 re-
1231 527 1400 597 iotectum
1433 527 1565 610 luerat,
1598 526 1637 594 in
1667 526 1922 598 distributione
1950 527 2215 619 provinciarum

139 712 143 721 ,
193 656 272 725 ges,
296 646 338 704 ut
358 654 493 722 menae
514 627 799 707 considerentur,
824 624 1018 716 dequibus
1036 623 1180 693 concio-
1230 644 1353 705 nactus
1370 642 1422 698 est
1434 630 1657 721 Aegyptum,
1683 651 1792 720 quam
1811 652 1892 698 cum
1910 630 2067 700 triennio
2087 629 2216 699 tenuis·

193 750 301 807 natur
315 733 467 825 primum
483 741 743 823 praeceptum..
767 727 931 796 Fuerunt
949 725 1042 797 iuter
1060 740 1179 817 puste-
1230 747 1303 816 set,
1328 731 1462 800 bellum
1479 731 1511 799 ei
1527 726 1712 799 Perdiccas
1727 729 1870 815 intulit,
1896 732 1958 824 qui
1975 725 2215 801 monarchiam
2254 794 2256 801 .

193 861 253 909 ros
272 830 444 906 Antiochi
469 846 547 924 pust
577 823 894 920 prophanationem
916 827 1042 917 templi
1063 827 1178 897 conti·
1230 833 1427 922 affectabat.
1486 831 1557 902 Sed
1582 829 1807 902 Ptolemaeus
1839 833 2028 904 interfecto
2052 832 2216 904 Perdicca
2254 848 2257 891 ³

192 962 266 1011 uua
296 937 495 1029 parricidia.
558 929 734 1004 Successit
774 922 954 999 Antiocho
991 923 1177 1020 Epiphani
1230 934 1378 1005 retinuit
1391 931 1612 1027 Aegyptum,
1633 957 1674 1003 ac
1698 949 1818 1023 postea
1836 932 2131 1029 Cyrenaicamet
2147 957 2215 1004 ms-

192 1044 302 1113 lrater
324 1035 547 1118 Demetrius,
579 1033 644 1127 qui
668 1054 741 1102 una
764 1032 880 1100 tuerat
905 1032 1008 1100 obses
1030 1028 1178 1109 Romae,
1229 1058 1335 1125 gnam
1352 1033 1477 1129 Syriae
1490 1048 1625 1126 partem
1648 1035 1789 1108 adiecit.
1842 1035 2005 1131 Reliquit
2022 1037 2118 1106 filios
2135 1030 2216 1105 Phi-

193 1138 252 1213 hic
273 1141 418 1212 veniens
438 1139 479 1207 in
494 1135 653 1232 Syriam,
680 1157 762 1203 mox
778 1133 875 1203 iubet
893 1131 1042 1202 interlici
1064 1132 1177 1202 tilium
1230 1132 1435 1228 ludolphum
1467 1149 1502 1207 et
1535 1132 1741 1232 xe'puvvov,
1780 1149 1816 1211 et
1839 1136 1931 1209 alios
1952 1139 2094 1231 plures,
2132 1157 2215 1230 quos

193 257 270 337 set

32 1221 87 1329 ⁶.
192 1243 313 1316 fratris
335 1234 507 1327 Antiochi
528 1239 599 1308 iam
624 1248 852 1325 regnantem,
875 1228 1095 1305 Antiochum
1117 1230 1177 1304 esi·
1231 1253 1385 1310 recenset
1400 1237 1607 1312 Pausanias,

193 1338 350 1437 adrepe.
408 1340 606 1434 Aliqum
634 1351 714 1429 P⁰⁸t
735 1334 936 1406 Dssffielflffl
965 1341 1027 1406 Μ
1049 1358 1180 1426 P⁰⁰¹¹³⁸
1332 1340 1466 1427 Scribit
1489 1354 1660 1451 Polybius
1679 1371 1862 1429 mortuum
1884 1381 1957 1429 esse
1975 1357 2211 1429 Ptolemaeum

192 1444 389 1540 parricidii.
441 1440 656 1527 lnterheitur
682 1439 777 1509 enim
803 1461 823 1507 a
847 1439 1000 1532 quodam
1023 1434 1177 1508 Alexan·
1230 1458 1450 1549 Lagiffium
1466 1454 1886 1553 Olympiadeoemm,
1906 1460 2070 1530 vicesima
2088 1475 2213 1553 quma,

192 1549 258 1619 ‘1¹⁰
275 1545 462 1634 tedlll⁰⁸⁰s
483 1544 545 1639 ‘1¹¹i
559 1565 707 1633 “dnum
725 1539 857 1611 lnmll
877 1539 1021 1677 adlulffi
1045 1541 1091 1609 ‘lb
1104 1540 1178 1608 Ae·
1232 1555 1382 1645 horest,
1408 1560 1696 1651 post‘Alexandri
1713 1576 1865 1633 mortem
1888 1563 2017 1633 exactis
2041 1561 2118 1631 l'ere
2133 1556 2211 1653 qua·

173 1648 337 1745 'dyPllss
1063 1733 1069 1749 ,
1232 1662 1394 1751 draginta
1420 1663 1545 1747 anuis,
1584 1687 1653 1758 qua
1678 1658 1895 1758 Olympiade
1921 1678 1957 1734 et
1983 1657 2214 1757 Lysimachus

194 1795 412 1852 Demetrius
430 1792 561 1846 tonsor
584 1794 614 1846 et
638 1789 848 1845 dattoetsrss
864 1788 1033 1854 sedatas,
1056 1768 1180 1855 {rame
1233 1778 1267 1834 el
1288 1762 1456 1835 Seleucus
1482 1778 1516 1834 ‘l
1539 1760 1927 1860 xt'oavt'Otptrltmssl·

295 1896 477 1971 Demetrio
500 1896 646 1966 luerunt
678 1896 749 1962 duo
781 1889 866 1973 tilii,
899 1888 1102 1963 Demetrius
1125 1893 1180 1961 iu·
1344 1906 1346 1910 “
1492 1915 1727 1969 Ptolemaeos
1745 1916 1963 1982 Ptstasuptur.

194 2004 281 2074 1¹3⁰!
310 2015 346 2072 ‘l
371 1995 572 2117 Anfittfbffi
596 1997 754 2068 sedffl‘·
815 1990 884 2063 Hie
905 1992 1028 2063 lunl⁰f
1048 1994 1181 2063 9⁰¹³*
1334 2013 1558 2088 Ptolemaeus
1584 2013 1864 2110 Philadelphus,
1913 2017 2093 2110 praelatus
2120 2015 2214 2086 tratri

196 2106 288 2178 “5¹1⁸
324 2103 502 2172 lflltlfeffll
525 2099 788 2218 ‚Alfflfld‘fffflh
848 2094 971 2214 PPW
1006 2090 1180 2188 TfyPl¹⁰¹¹
1234 2118 1359 2188 maiori
1377 2130 1483 2205 natu,
1511 2142 1607 2189 rexa
1628 2134 1726 2211 patre
1743 2135 2056 2211 nuncupatusest,
2074 2132 2110 2190 et
2126 2143 2216 2190 com

195 2200 761 2294 ²¹²²d¹¹⁰De¹⁰⁰lf¹¹¹m¹P¹¹l¹h
812 2192 1017 2268 A⁰l¹⁰⁰l¹¹¹⁵
1037 2195 1182 2269 S²d²l⁰⁸
1234 2223 1420 2291 mandatus
1451 2220 1672 2311 principibus
1701 2235 1735 2291 et
1769 2222 1985 2295 civitatibus.
2044 2218 2217 2297 Successit

197 2333 217 2379 ὃ
235 2302 376 2379 Pffihls
393 2305 598 2376 lssleffeclffl
613 2316 676 2375 ⁰⁵¹·
1234 2323 1340 2413 igitur
1358 2322 1467 2413 patri,
1493 2337 1528 2393 et
1544 2323 1765 2415 recuperavit
1782 2321 2030 2418 Cyrenaicam.
2082 2320 2218 2399 Deinde

1233 2438 1357 2495 nactus
1372 2424 1509 2508 ocium,
1536 2449 1617 2495 cum
1633 2427 1737 2495 sciret
1751 2423 1789 2493 in
1804 2424 1965 2519 Aegypto
1979 2425 2144 2496 floruisse
2158 2425 2216 2492 do·

167 2495 169 2502 ·
229 2474 441 2530 Antiochus
459 2469 631 2535 Graptus
649 2471 678 2520 et
696 2466 902 2519 detrectes
919 2466 1148 2532 crassense,

517 2559 643 2611 duorum
659 2555 791 2620 fratrum
806 2551 872 2618 aas

297 2660 347 2732 Hi
363 2661 489 2731 fratres
502 2659 725 2751 reliquerunt
737 2658 878 2745 liberos.
917 2654 1098 2726 Demetrio
1117 2655 1184 2727 tuit

198 2764 293 2834 tilius
306 2758 509 2834 Antiochus
521 2755 679 2858 γρυπὸς,
709 2758 828 2829 Sedeti
849 2756 943 2827 lilius
965 2757 1033 2827 luit
1053 2759 1184 2829 Antiu-

199 2862 287 2937 chus
310 2862 515 2960 Cyzicenus.
573 2859 622 2931 Hi
645 2861 853 2931 dimicantes
874 2861 918 2929 de
945 2881 1054 2948 reguo
1077 2863 1183 2930 ambo

198 2967 375 3039 interiecti
389 2979 482 3037 suns
528 2961 653 3035 Postea
666 2962 806 3056 Syriam
821 2961 953 3033 invasit
968 2961 1109 3032 vicinus
1123 2986 1184 3032 rex

199 3069 391 3159 Tigranes,
415 3068 474 3139 cui
488 3090 565 3138 eam
583 3064 773 3157 Pompeius
787 3063 929 3154 eripuit.
982 3059 1060 3132 Hoc
1077 3065 1184 3134 modo

199 3170 401 3260 domesticis
425 3167 663 3243 seditionibus
684 3181 718 3238 et
741 3164 942 3260 parricidiis
965 3187 1097 3256 poenas
1123 3166 1185 3235 de-

198 3274 330 3344 derunt
352 3273 543 3363 impiorum
567 3293 691 3360 regum
721 3267 874 3360 posteri,
906 3268 1020 3335 donec
1041 3269 1184 3337 tandem

1234 2526 1385 2598 ctrinam
1409 2529 1453 2594 de
1477 2529 1582 2597 rebus
1603 2526 1831 2612 coelestibus,
1857 2542 1893 2598 et
1916 2550 1974 2597 eas
1990 2540 2106 2613 artes,
2133 2547 2217 2621 quae

1235 2629 1443 2699 coniunctae
1477 2642 1559 2699 sunt
1585 2629 1641 2697 illi
1664 2631 1864 2709 doctrinae,
1897 2641 2014 2699 vetera
2043 2628 2164 2700 studia
2187 2640 2215 2694 et

1235 2729 1388 2802 restituit
1414 2744 1449 2800 et
1475 2730 1590 2821 aurit,
1627 2744 1662 2801 et
1691 2731 1857 2803 instruxit
1887 2729 2048 2802 discendi
2073 2729 2214 2824 cupidos

1233 2825 1450 2904 bibliotheca
1472 2831 1722 2923 copiosissima.

1336 2950 1500 3051 Cumque
1534 2952 1691 3022 audisset
1716 2954 1866 3021 Iudaeos
1905 2952 2112 3043 praedicare
2139 2974 2217 3024 suae

1235 3056 1347 3145 gentis
1363 3053 1610 3149 antiquitatem
1628 3068 1662 3124 et
1684 3054 1903 3140 doctrinam,
1930 3054 2117 3127 accersivit
2139 3054 2217 3125 inde

1235 3159 1462 3248 interpretes,
1487 3155 1550 3248 qui
1573 3156 1685 3225 libros
1702 3154 1798 3227 Mosi
1823 3169 1857 3226 et
1879 3157 2032 3227 aliorum
2059 3151 2217 3246 Prophe·
2259 3244 2261 3251 Α

1236 3272 1350 3330 tarum
1376 3259 1414 3327 in
1436 3255 1609 3329 Graecam
1635 3257 1793 3346 linguam
1817 3270 2080 3332 converterent.
2125 3254 2217 3347 Ilaec

1236 3375 1334 3431 vetus
1350 3360 1534 3431 translatio
1547 3354 1837 3451 propheticorum
1854 3358 2027 3431 librorum
2046 3357 2217 3433 inGrae·

1236 3487 1316 3532 cum
1336 3484 1536 3531 sermonem
1567 3476 1715 3531 vocatur
1732 3458 1960 3552 Septuaginta
1985 3459 2217 3554 Interpretum

1236 3589 1337 3656 opus.
1387 3560 1456 3633 Per
1476 3556 1568 3632 hanc
1590 3562 1810 3632 occasionem
1829 3563 1999 3632 credibile
2016 3578 2069 3635 est
2086 3563 2217 3657 aliquos

1237 3668 1273 3735 in
1290 3667 1449 3758 Aegypto
1467 3676 1500 3733 et
1515 3663 1601 3732 alibi
1619 3676 1704 3733 tunc
1722 3687 1839 3732 veram
1857 3662 2066 3754 religionem
2090 3665 2218 3756 ample-

1236 3791 1298 3838 xos
1322 3790 1414 3850 esse,
1438 3788 1519 3835 cum
1541 3779 1576 3835 et
1597 3764 1680 3833 libri
1698 3765 1920 3853 legerentur,
1947 3778 1982 3836 et
2004 3765 2076 3835 viri
2091 3766 2218 3837 doctis

1239 3868 1396 3950 ludaeis,
1440 3868 1501 3960 qui
1534 3867 1766 3937 versabantur
1793 3869 1887 3937 inter
1915 3864 2072 3951 Gentes,
2099 3866 2217 3936 tibere

1237 3970 1324 4039 alios
1354 3971 1480 4037 docere
1506 3983 1660 4060 possent.
1718 3967 1809 4038 Nam
1828 3993 1897 4038 vox
1919 3993 2024 4038 verae
2046 3966 2221 4041 Ecclesiae

1235 4070 1303 4142 Dei
1320 4095 1504 4164 utinquam
1521 4085 1652 4141 temere
1668 4084 1704 4140 et
1716 4071 1846 4139 trustra
1860 4070 2044 4142 excitatur.
2083 4069 2220 4164 Magnis

1237 4187 1352 4244 autem
1371 4173 1549 4244 beneficiis
1563 4168 1621 4241 hir
1640 4167 1896 4262 Philadelphus
1914 4171 2063 4243 ludaeos
2086 4171 2221 4254 adfodt,

1237 4299 1318 4345 nam
1343 4290 1379 4346 et
1403 4275 1537 4368 populo
1560 4274 1729 4343 universo
1753 4274 2017 4365 immunitatem
2043 4274 2221 4355 concessit,

1237 4390 1272 4447 et
1287 4377 1350 4456 iis,
1375 4379 1436 4471 qui
1453 4378 1491 4444 in
1508 4371 1670 4469 Aegypto
1692 4376 1911 4465 serviebant,
1936 4377 2141 4448 libertatem
2162 4375 2222 4447 do·

1237 4479 1348 4548 navlt.

1340 4591 1600 4676 Observandus
1631 4610 1684 4668 est
1711 4592 1771 4667 hic
1801 4619 1902 4665 error
1921 4595 2141 4678 multorum,
2167 4593 2222 4689 qni

1240 4694 1427 4770 historiam
1444 4699 1563 4773 fratris
1577 4695 1764 4794 κεραύνου
1780 4698 1818 4767 in
1836 4693 1932 4768 hunc
1950 4692 2223 4791 Philadelphum

1239 4801 1468 4873 transierunt.
1521 4799 1609 4883 Nam
1623 4797 1803 4897 κέραυνος
1822 4799 1933 4870 frater
1955 4822 1997 4868 ex
2022 4798 2094 4869 alia
2119 4812 2226 4870 matrs

1239 4917 1363 4987 natus,
1397 4927 1437 4973 ex
1468 4897 1647 4998 Eurydice
1679 4898 1880 4994 Antipatri,
1912 4900 2034 4972 relicta
2064 4899 2225 4997 Aegypto

1241 5005 1418 5096 protectus
1432 5020 1483 5076 est
1500 5006 1539 5072 in
1554 5002 1815 5094 Macedoniam,
1844 5016 2062 5095 etoppresso
2080 5001 2225 5075 Seleuco

1240 5107 1449 5198 aliquandiu
1473 5105 1588 5176 tenuit
1610 5102 1878 5186 Macedoniam,
1912 5106 2051 5199 fuitque
2076 5106 2227 5178 incestus

482 5211 716 5264 Pt⁰lm⁰¹⁸⁸
735 5211 811 5276 last
827 5207 917 5274 usas.
1157 5240 1162 5245 ·
1242 5222 1276 5277 et
1293 5209 1424 5299 impius
1438 5209 1476 5276 in
1492 5228 1650 5278 sororem
1668 5205 1868 5293 Arsioo'c'n,
1895 5231 2001 5302 quam
2016 5208 2150 5278 fraude
2163 5209 2226 5277 cir·

312 5312 538 5387 Ptolemaeus
554 5310 642 5401 Lagi
663 5311 776 5392 tilius,
799 5313 861 5405 qui
876 5313 971 5380 inter
987 5308 1193 5400 praecipuos
1242 5322 1466 5380 cumventam
1499 5309 1602 5381 duxit
1631 5333 1794 5388 uxorem.
1826 5324 1861 5380 et
1890 5323 2011 5403 postea
2041 5310 2228 5388 interiecit,

205 5414 409 5486 Alexandri
425 5417 532 5486 doces
553 5413 642 5495 luit,
669 5426 703 5484 et
718 5414 889 5484 exercitus
904 5414 943 5482 in
960 5410 1064 5482 ludio
1079 5412 1194 5498 duait,
1243 5410 1375 5482 umetis
1402 5422 1474 5482 urta
1503 5410 1588 5487 otiis
1615 5407 1884 5506 Lysimadti-in
1908 5412 2031 5485 matris
2053 5406 2235 5484 Arsinoes·

198 3375 332 3446 familia
350 3388 422 3445 tota
436 3374 586 3443 extincta
611 3385 680 3453 est,
707 3383 742 3440 et
766 3371 900 3460 regium
916 3391 1047 3438 nornen
1065 3370 1184 3439 subla·

200 3491 296 3562 tum,
322 3489 356 3548 et
372 3474 476 3569 Syria
493 3498 513 3544 a
530 3471 706 3544 Romanis
724 3470 893 3562 occupata
911 3486 971 3546 est.

502 3692 651 3786 Reges
675 3691 892 3787 Aegypti.

252 3838 475 3911 Ptolemaeus
493 3835 579 3927 Lagi
596 3838 700 3908 lilius.

251 3939 477 4012 Ptolemaeus
489 3934 758 4032 Philadelphus.

252 4041 477 4114 Ptolemaeus
492 4038 693 4131 Evergetes.

253 4142 477 4215 Ptolemaeus
493 4139 712 4233 Philopator.

254 4243 475 4316 Ptolemaeus
490 4239 708 4336 Epiphanes.

254 4347 477 4419 Ptolemaeus
507 4343 745 4432 Philometor,
791 4345 853 4439 qui
886 4347 1048 4415 successit
1079 4348 1188 4441 frater

303 4444 529 4519 Ptolemaeus
545 4442 722 4542 φύσκων,
749 4447 874 4531 idest,
897 4447 1129 4523 ventricosus.

255 4547 478 4619 Ptolomaeus
497 4545 694 4641 todovptlc.

255 4647 480 4721 Ptolemaeus
492 4647 662 4744 αὗλυτὴς.

256 4747 442 4844 Cleopatra
459 4751 621 4826 Antonii.

208 4850 287 4924 Hae
334 4856 621 4929 nomenclaturae
661 4849 729 4924 hoc
771 4853 898 4924 ordine
936 4853 1127 4923 traduntur
1169 4874 1188 4920 a

207 4953 400 5044 Strabone,
420 4957 484 5052 qui
499 4982 578 5029 cum
603 4957 678 5047 ipse
700 4956 964 5049 perlustraverit
979 4949 1191 5050 Aegyptum,

208 5054 412 5148 diligentius
427 5084 503 5131 eam
520 5083 625 5154 quam
643 5052 759 5131 vicina
774 5061 851 5130 loca
868 5056 1048 5131 describit.
