<?xml version="1.0" encoding="UTF-8"?>
<!DOCTYPE html PUBLIC "-//W3C//DTD XHTML 1.0 Transitional//EN"
    "http://www.w3.org/TR/xhtml1/DTD/xhtml1-transitional.dtd">
<html xmlns="http://www.w3.org/1999/xhtml" xml:lang="en" lang="en">
 <head>
  <title>
</title>
<meta http-equiv="Content-Type" content="text/html;charset=utf-8" />
  <meta name='ocr-system' content='tesseract 3.04.00' />
  <meta name='ocr-capabilities' content='ocr_page ocr_carea ocr_par ocr_line ocrx_word'/>
</head>
<body>
  <div class='ocr_page' id='page_1' title='image "./corpusreformato11melagoog_0406.png"; bbox 0 0 4538 5754; ppageno 0'>
   <div class='ocr_carea' id='block_1_1' title="bbox 96 243 2119 343">
    <p class='ocr_par' dir='ltr' id='par_1_1' title="bbox 96 243 2119 343">
     <span class='ocr_line' id='line_1_1' title="bbox 96 243 2119 343; baseline -0.001 -21"><span class='ocrx_word' id='word_1_1' title='bbox 96 250 171 324; x_wconf 78' lang='lat' dir='ltr'><strong>nr</strong></span> <span class='ocrx_word' id='word_1_2' title='bbox 767 250 798 326; x_wconf 89' lang='lat'><strong>1.</strong></span> <span class='ocrx_word' id='word_1_3' title='bbox 847 247 1116 328; x_wconf 76' lang='lat' dir='ltr'><strong>connum.</strong></span> <span class='ocrx_word' id='word_1_4' title='bbox 1145 250 1197 326; x_wconf 72' lang='grc' dir='ltr'><strong>ιιι</strong></span> <span class='ocrx_word' id='word_1_5' title='bbox 1223 246 1450 327; x_wconf 73' lang='lat' dir='ltr'><strong>cenasse.</strong></span> <span class='ocrx_word' id='word_1_6' title='bbox 2044 243 2119 343; x_wconf 77' lang='lat' dir='ltr'><strong>sss</strong></span> 
     </span>
    </p>
   </div>
   <div class='ocr_carea' id='block_1_2' title="bbox 94 416 2115 1934">
    <p class='ocr_par' dir='ltr' id='par_1_2' title="bbox 95 416 2115 1429">
     <span class='ocr_line' id='line_1_2' title="bbox 96 416 2115 518; baseline -0.003 -25"><span class='ocrx_word' id='word_1_7' title='bbox 96 421 323 493; x_wconf 73' lang='lat' dir='ltr'><strong>autoritatem</strong></span> <span class='ocrx_word' id='word_1_8' title='bbox 353 421 450 492; x_wconf 90' lang='lat' dir='ltr'><strong>civili</strong></span> <span class='ocrx_word' id='word_1_9' title='bbox 482 419 721 506; x_wconf 75' lang='lat' dir='ltr'><strong>ordinationi,</strong></span> <span class='ocrx_word' id='word_1_10' title='bbox 753 421 883 516; x_wconf 91' lang='lat' dir='ltr'><strong>inqua</strong></span> <span class='ocrx_word' id='word_1_11' title='bbox 907 422 1012 493; x_wconf 88' lang='lat' dir='ltr'><strong>multi</strong></span> <span class='ocrx_word' id='word_1_12' title='bbox 1035 443 1084 507; x_wconf 87' lang='lat' dir='ltr'><strong>se,</strong></span> <span class='ocrx_word' id='word_1_13' title='bbox 1135 422 1217 518; x_wconf 87' lang='lat' dir='ltr'><strong>quia</strong></span> <span class='ocrx_word' id='word_1_14' title='bbox 1246 424 1349 494; x_wconf 86' lang='lat' dir='ltr'><strong>nollo</strong></span> <span class='ocrx_word' id='word_1_15' title='bbox 1370 419 1527 493; x_wconf 89' lang='lat' dir='ltr'><strong>humano</strong></span> <span class='ocrx_word' id='word_1_16' title='bbox 1550 422 1656 513; x_wconf 88' lang='lat' dir='ltr'><strong>opere</strong></span> <span class='ocrx_word' id='word_1_17' title='bbox 1676 418 1890 490; x_wconf 88' lang='lat' dir='ltr'><strong>conscientia</strong></span> <span class='ocrx_word' id='word_1_18' title='bbox 1912 416 2115 490; x_wconf 83' lang='lat' dir='ltr'><strong>confirmari</strong></span> 
     </span>
     <span class='ocr_line' id='line_1_3' title="bbox 96 519 2114 617; baseline -0.002 -24"><span class='ocrx_word' id='word_1_19' title='bbox 96 524 197 594; x_wconf 89' lang='lat' dir='ltr'><strong>velut</strong></span> <span class='ocrx_word' id='word_1_20' title='bbox 213 524 321 595; x_wconf 88' lang='lat' dir='ltr'><strong>unius</strong></span> <span class='ocrx_word' id='word_1_21' title='bbox 337 519 447 616; x_wconf 88' lang='lat' dir='ltr'><strong>putris</strong></span> <span class='ocrx_word' id='word_1_22' title='bbox 457 524 568 617; x_wconf 78' lang='lat' dir='ltr'><strong>&#39;curae</strong></span> <span class='ocrx_word' id='word_1_23' title='bbox 583 522 727 608; x_wconf 82' lang='lat' dir='ltr'><strong>familia,</strong></span> <span class='ocrx_word' id='word_1_24' title='bbox 749 522 985 597; x_wconf 85' lang='lat' dir='ltr'><strong>committunt.</strong></span> <span class='ocrx_word' id='word_1_25' title='bbox 1016 520 1084 593; x_wconf 88' lang='lat' dir='ltr'><strong>Cui</strong></span> <span class='ocrx_word' id='word_1_26' title='bbox 1134 537 1267 617; x_wconf 88' lang='lat' dir='ltr'><strong>potest,</strong></span> <span class='ocrx_word' id='word_1_27' title='bbox 1300 525 1481 596; x_wconf 88' lang='lat' dir='ltr'><strong>iudicante</strong></span> <span class='ocrx_word' id='word_1_28' title='bbox 1508 521 1603 608; x_wconf 86' lang='lat' dir='ltr'><strong>Deo,</strong></span> <span class='ocrx_word' id='word_1_29' title='bbox 1636 523 1765 591; x_wconf 91' lang='lat' dir='ltr'><strong>deinde</strong></span> <span class='ocrx_word' id='word_1_30' title='bbox 1791 521 1945 614; x_wconf 87' lang='lat' dir='ltr'><strong>pellibus</strong></span> <span class='ocrx_word' id='word_1_31' title='bbox 1972 521 2114 609; x_wconf 82' lang='lat' dir='ltr'><strong>tegitur,</strong></span> 
     </span>
     <span class='ocr_line' id='line_1_4' title="bbox 98 621 2115 719; baseline -0.002 -25"><span class='ocrx_word' id='word_1_32' title='bbox 98 626 320 695; x_wconf 89' lang='lat' dir='ltr'><strong>ordinationi</strong></span> <span class='ocrx_word' id='word_1_33' title='bbox 341 624 535 716; x_wconf 76' lang='lat' dir='ltr'><strong>Apostolus</strong></span> <span class='ocrx_word' id='word_1_34' title='bbox 560 625 661 696; x_wconf 90' lang='lat' dir='ltr'><strong>iubet</strong></span> <span class='ocrx_word' id='word_1_35' title='bbox 685 626 851 710; x_wconf 87' lang='lat' dir='ltr'><strong>obedire,</strong></span> <span class='ocrx_word' id='word_1_36' title='bbox 881 647 1084 719; x_wconf 89' lang='lat' dir='ltr'><strong>quanquam</strong></span> <span class='ocrx_word' id='word_1_37' title='bbox 1133 621 1202 696; x_wconf 89' lang='lat' dir='ltr'><strong>boc</strong></span> <span class='ocrx_word' id='word_1_38' title='bbox 1223 639 1292 712; x_wconf 87' lang='lat' dir='ltr'><strong>cst,</strong></span> <span class='ocrx_word' id='word_1_39' title='bbox 1319 627 1429 697; x_wconf 89' lang='lat' dir='ltr'><strong>verbo</strong></span> <span class='ocrx_word' id='word_1_40' title='bbox 1446 624 1579 710; x_wconf 81' lang='lat' dir='ltr'><strong>crucis,</strong></span> <span class='ocrx_word' id='word_1_41' title='bbox 1605 625 1746 694; x_wconf 80' lang='lat' dir='ltr'><strong>interim</strong></span> <span class='ocrx_word' id='word_1_42' title='bbox 1764 625 1850 694; x_wconf 94' lang='lat' dir='ltr'><strong>dum</strong></span> <span class='ocrx_word' id='word_1_43' title='bbox 1868 623 2115 714; x_wconf 84' lang='lat' dir='ltr'><strong>glorificemur.</strong></span> 
     </span>
     <span class='ocr_line' id='line_1_5' title="bbox 96 720 2113 821; baseline -0.002 -26"><span class='ocrx_word' id='word_1_44' title='bbox 96 750 200 819; x_wconf 88' lang='lat' dir='ltr'><strong>saepe</strong></span> <span class='ocrx_word' id='word_1_45' title='bbox 217 720 259 794; x_wconf 91' lang='lat' dir='ltr'><strong>hi</strong></span> <span class='ocrx_word' id='word_1_46' title='bbox 285 727 347 821; x_wconf 88' lang='lat' dir='ltr'><strong>qui</strong></span> <span class='ocrx_word' id='word_1_47' title='bbox 368 741 514 815; x_wconf 83' lang='lat' dir='ltr'><strong>regunt,</strong></span> <span class='ocrx_word' id='word_1_48' title='bbox 547 749 613 818; x_wconf 90' lang='lat' dir='ltr'><strong>per</strong></span> <span class='ocrx_word' id='word_1_49' title='bbox 635 727 709 796; x_wconf 89' lang='lat' dir='ltr'><strong>vim</strong></span> <span class='ocrx_word' id='word_1_50' title='bbox 730 740 947 816; x_wconf 89' lang='lat' dir='ltr'><strong>usurparunt</strong></span> <span class='ocrx_word' id='word_1_51' title='bbox 970 726 1084 816; x_wconf 90' lang='lat' dir='ltr'><strong>impe·</strong></span> <span class='ocrx_word' id='word_1_52' title='bbox 1132 725 1223 798; x_wconf 87' lang='lat' dir='ltr'><strong>Nam</strong></span> <span class='ocrx_word' id='word_1_53' title='bbox 1253 724 1310 798; x_wconf 88' lang='lat' dir='ltr'><strong>lric</strong></span> <span class='ocrx_word' id='word_1_54' title='bbox 1332 724 1426 798; x_wconf 92' lang='lat' dir='ltr'><strong>haud</strong></span> <span class='ocrx_word' id='word_1_55' title='bbox 1450 727 1559 798; x_wconf 89' lang='lat' dir='ltr'><strong>dubie</strong></span> <span class='ocrx_word' id='word_1_56' title='bbox 1582 725 1814 815; x_wconf 83' lang='lat' dir='ltr'><strong>significatum</strong></span> <span class='ocrx_word' id='word_1_57' title='bbox 1835 739 1907 809; x_wconf 87' lang='lat' dir='ltr'><strong>est,</strong></span> <span class='ocrx_word' id='word_1_58' title='bbox 1939 726 2113 806; x_wconf 87' lang='lat' dir='ltr'><strong>futurum,</strong></span> 
     </span>
     <span class='ocr_line' id='line_1_6' title="bbox 96 825 2115 918; baseline -0.002 -22"><span class='ocrx_word' id='word_1_59' title='bbox 96 829 210 912; x_wconf 91' lang='lat' dir='ltr'><strong>rium,</strong></span> <span class='ocrx_word' id='word_1_60' title='bbox 237 827 283 898; x_wconf 89' lang='lat' dir='ltr'><strong>sit</strong></span> <span class='ocrx_word' id='word_1_61' title='bbox 299 827 450 897; x_wconf 74' lang='lat' dir='ltr'><strong>fieri&#39;vix</strong></span> <span class='ocrx_word' id='word_1_62' title='bbox 466 829 594 918; x_wconf 86' lang='lat' dir='ltr'><strong>possit,</strong></span> <span class='ocrx_word' id='word_1_63' title='bbox 618 841 660 898; x_wconf 90' lang='lat' dir='ltr'><strong>ut</strong></span> <span class='ocrx_word' id='word_1_64' title='bbox 675 825 769 897; x_wconf 87' lang='lat' dir='ltr'><strong>unus</strong></span> <span class='ocrx_word' id='word_1_65' title='bbox 785 841 858 897; x_wconf 89' lang='lat' dir='ltr'><strong>tam</strong></span> <span class='ocrx_word' id='word_1_66' title='bbox 881 827 1005 896; x_wconf 88' lang='lat' dir='ltr'><strong>multis</strong></span> <span class='ocrx_word' id='word_1_67' title='bbox 1026 850 1083 895; x_wconf 92' lang='lat' dir='ltr'><strong>re-</strong></span> <span class='ocrx_word' id='word_1_68' title='bbox 1132 841 1172 898; x_wconf 90' lang='lat' dir='ltr'><strong>ut</strong></span> <span class='ocrx_word' id='word_1_69' title='bbox 1192 843 1286 918; x_wconf 80' lang='lat' dir='ltr'><strong>tegat</strong></span> <span class='ocrx_word' id='word_1_70' title='bbox 1308 830 1505 901; x_wconf 86' lang='lat' dir='ltr'><strong>nuditatem</strong></span> <span class='ocrx_word' id='word_1_71' title='bbox 1528 842 1685 898; x_wconf 86' lang='lat' dir='ltr'><strong>nostram</strong></span> <span class='ocrx_word' id='word_1_72' title='bbox 1708 849 1800 895; x_wconf 89' lang='lat' dir='ltr'><strong>nova</strong></span> <span class='ocrx_word' id='word_1_73' title='bbox 1818 848 1923 896; x_wconf 90' lang='lat' dir='ltr'><strong>carne</strong></span> <span class='ocrx_word' id='word_1_74' title='bbox 1940 826 1978 893; x_wconf 94' lang='lat' dir='ltr'><strong>in</strong></span> <span class='ocrx_word' id='word_1_75' title='bbox 1995 847 2115 895; x_wconf 88' lang='lat' dir='ltr'><strong>resur-</strong></span> 
     </span>
     <span class='ocr_line' id='line_1_7' title="bbox 95 922 2113 1022; baseline -0.002 -23"><span class='ocrx_word' id='word_1_76' title='bbox 95 929 221 1019; x_wconf 83' lang='lat' dir='ltr'><strong>gendis</strong></span> <span class='ocrx_word' id='word_1_77' title='bbox 235 930 318 1000; x_wconf 82' lang='lat' dir='ltr'><strong>satis</strong></span> <span class='ocrx_word' id='word_1_78' title='bbox 331 942 385 1010; x_wconf 86' lang='lat' dir='ltr'><strong>et,</strong></span> <span class='ocrx_word' id='word_1_79' title='bbox 412 944 530 999; x_wconf 87' lang='lat' dir='ltr'><strong>tamen</strong></span> <span class='ocrx_word' id='word_1_80' title='bbox 545 930 628 1022; x_wconf 88' lang='lat' dir='ltr'><strong>quia</strong></span> <span class='ocrx_word' id='word_1_81' title='bbox 645 928 712 1000; x_wconf 92' lang='lat' dir='ltr'><strong>Dei</strong></span> <span class='ocrx_word' id='word_1_82' title='bbox 733 928 912 998; x_wconf 90' lang='lat' dir='ltr'><strong>ordinatio</strong></span> <span class='ocrx_word' id='word_1_83' title='bbox 925 939 994 1012; x_wconf 85' lang='lat' dir='ltr'><strong>est,</strong></span> <span class='ocrx_word' id='word_1_84' title='bbox 1018 951 1081 1017; x_wconf 87' lang='lat' dir='ltr'><strong>pa·</strong></span> <span class='ocrx_word' id='word_1_85' title='bbox 1131 932 1289 1002; x_wconf 86' lang='lat' dir='ltr'><strong>rectione</strong></span> <span class='ocrx_word' id='word_1_86' title='bbox 1317 945 1560 1014; x_wconf 89' lang='lat' dir='ltr'><strong>mortuorum,</strong></span> <span class='ocrx_word' id='word_1_87' title='bbox 1598 929 1689 998; x_wconf 88' lang='lat' dir='ltr'><strong>sicut</strong></span> <span class='ocrx_word' id='word_1_88' title='bbox 1718 928 1870 996; x_wconf 87' lang='lat' dir='ltr'><strong>secunda</strong></span> <span class='ocrx_word' id='word_1_89' title='bbox 1903 922 2113 997; x_wconf 86' lang='lat' dir='ltr'><strong>Corinthio-</strong></span> 
     </span>
     <span class='ocr_line' id='line_1_8' title="bbox 95 1026 2111 1125; baseline -0.002 -25"><span class='ocrx_word' id='word_1_90' title='bbox 95 1031 248 1103; x_wconf 89' lang='lat' dir='ltr'><strong>reudum</strong></span> <span class='ocrx_word' id='word_1_91' title='bbox 273 1042 335 1101; x_wconf 85' lang='lat' dir='ltr'><strong>est.</strong></span> <span class='ocrx_word' id='word_1_92' title='bbox 397 1029 469 1101; x_wconf 85' lang='lat' dir='ltr'><strong>Sed</strong></span> <span class='ocrx_word' id='word_1_93' title='bbox 498 1026 584 1100; x_wconf 88' lang='lat' dir='ltr'><strong>haec</strong></span> <span class='ocrx_word' id='word_1_94' title='bbox 615 1032 784 1114; x_wconf 86' lang='lat' dir='ltr'><strong>observa,</strong></span> <span class='ocrx_word' id='word_1_95' title='bbox 817 1031 914 1123; x_wconf 90' lang='lat' dir='ltr'><strong>quod</strong></span> <span class='ocrx_word' id='word_1_96' title='bbox 941 1027 1083 1099; x_wconf 88' lang='lat' dir='ltr'><strong>mulieri</strong></span> <span class='ocrx_word' id='word_1_97' title='bbox 1131 1055 1211 1101; x_wconf 88' lang='lat' dir='ltr'><strong>rum</strong></span> <span class='ocrx_word' id='word_1_98' title='bbox 1234 1032 1359 1125; x_wconf 86' lang='lat' dir='ltr'><strong>quinto</strong></span> <span class='ocrx_word' id='word_1_99' title='bbox 1394 1034 1439 1102; x_wconf 91' lang='lat' dir='ltr'><strong>de</strong></span> <span class='ocrx_word' id='word_1_100' title='bbox 1462 1031 1643 1101; x_wconf 87' lang='lat' dir='ltr'><strong>vestiendo</strong></span> <span class='ocrx_word' id='word_1_101' title='bbox 1667 1043 1701 1100; x_wconf 90' lang='lat' dir='ltr'><strong>et</strong></span> <span class='ocrx_word' id='word_1_102' title='bbox 1726 1027 2012 1120; x_wconf 88' lang='lat' dir='ltr'><strong>supervestiendo</strong></span> <span class='ocrx_word' id='word_1_103' title='bbox 2037 1027 2111 1096; x_wconf 84' lang='lat' dir='ltr'><strong>dis-</strong></span> 
     </span>
     <span class='ocr_line' id='line_1_9' title="bbox 96 1126 2113 1225; baseline -0.002 -24"><span class='ocrx_word' id='word_1_104' title='bbox 96 1132 285 1223; x_wconf 88' lang='lat' dir='ltr'><strong>praecipit‚</strong></span> <span class='ocrx_word' id='word_1_105' title='bbox 311 1143 351 1202; x_wconf 92' lang='lat' dir='ltr'><strong>ut</strong></span> <span class='ocrx_word' id='word_1_106' title='bbox 369 1146 507 1221; x_wconf 87' lang='lat' dir='ltr'><strong>pareat,</strong></span> <span class='ocrx_word' id='word_1_107' title='bbox 534 1156 608 1202; x_wconf 94' lang='lat' dir='ltr'><strong>non</strong></span> <span class='ocrx_word' id='word_1_108' title='bbox 620 1133 696 1203; x_wconf 89' lang='lat' dir='ltr'><strong>viro</strong></span> <span class='ocrx_word' id='word_1_109' title='bbox 711 1145 752 1202; x_wconf 93' lang='lat' dir='ltr'><strong>ut</strong></span> <span class='ocrx_word' id='word_1_110' title='bbox 765 1131 930 1221; x_wconf 89' lang='lat' dir='ltr'><strong>imperet,</strong></span> <span class='ocrx_word' id='word_1_111' title='bbox 966 1152 1081 1224; x_wconf 64' lang='lat' dir='ltr'><strong>quam</strong></span> <span class='ocrx_word' id='word_1_112' title='bbox 1130 1133 1216 1205; x_wconf 88' lang='lat' dir='ltr'><strong>serit</strong></span> <span class='ocrx_word' id='word_1_113' title='bbox 1230 1129 1436 1225; x_wconf 81' lang='lat' dir='ltr'><strong>Apostolus.</strong></span> <span class='ocrx_word' id='word_1_114' title='bbox 1488 1131 1539 1201; x_wconf 89' lang='lat' dir='ltr'><strong>lta</strong></span> <span class='ocrx_word' id='word_1_115' title='bbox 1561 1128 1620 1201; x_wconf 90' lang='lat' dir='ltr'><strong>hic</strong></span> <span class='ocrx_word' id='word_1_116' title='bbox 1642 1130 1793 1200; x_wconf 83' lang='lat' dir='ltr'><strong>dicimus</strong></span> <span class='ocrx_word' id='word_1_117' title='bbox 1817 1131 1970 1222; x_wconf 89' lang='lat' dir='ltr'><strong>primum</strong></span> <span class='ocrx_word' id='word_1_118' title='bbox 1992 1126 2113 1198; x_wconf 87' lang='lat' dir='ltr'><strong>vestiri</strong></span> 
     </span>
     <span class='ocr_line' id='line_1_10' title="bbox 96 1227 2113 1327; baseline -0.002 -23"><span class='ocrx_word' id='word_1_119' title='bbox 96 1256 205 1326; x_wconf 86' lang='lat' dir='ltr'><strong>quem</strong></span> <span class='ocrx_word' id='word_1_120' title='bbox 220 1227 290 1302; x_wconf 93' lang='lat' dir='ltr'><strong>hoc</strong></span> <span class='ocrx_word' id='word_1_121' title='bbox 305 1233 503 1303; x_wconf 87' lang='lat' dir='ltr'><strong>necessario</strong></span> <span class='ocrx_word' id='word_1_122' title='bbox 520 1246 699 1327; x_wconf 86' lang='lat' dir='ltr'><strong>sequatur,</strong></span> <span class='ocrx_word' id='word_1_123' title='bbox 724 1232 816 1303; x_wconf 87' lang='lat' dir='ltr'><strong>sicut</strong></span> <span class='ocrx_word' id='word_1_124' title='bbox 829 1245 863 1303; x_wconf 90' lang='lat' dir='ltr'><strong>et</strong></span> <span class='ocrx_word' id='word_1_125' title='bbox 879 1233 917 1301; x_wconf 94' lang='lat' dir='ltr'><strong>in</strong></span> <span class='ocrx_word' id='word_1_126' title='bbox 931 1229 1082 1302; x_wconf 84' lang='lat' dir='ltr'><strong>Deculo·</strong></span> <span class='ocrx_word' id='word_1_127' title='bbox 1131 1257 1197 1305; x_wconf 87' lang='lat' dir='ltr'><strong>nos</strong></span> <span class='ocrx_word' id='word_1_128' title='bbox 1219 1237 1328 1307; x_wconf 88' lang='lat' dir='ltr'><strong>verbo</strong></span> <span class='ocrx_word' id='word_1_129' title='bbox 1356 1234 1487 1321; x_wconf 85' lang='lat' dir='ltr'><strong>crucis,</strong></span> <span class='ocrx_word' id='word_1_130' title='bbox 1526 1247 1646 1324; x_wconf 86' lang='lat' dir='ltr'><strong>postea</strong></span> <span class='ocrx_word' id='word_1_131' title='bbox 1670 1233 1775 1303; x_wconf 90' lang='lat' dir='ltr'><strong>etiam</strong></span> <span class='ocrx_word' id='word_1_132' title='bbox 1798 1231 1987 1322; x_wconf 83' lang='lat' dir='ltr'><strong>glorificari</strong></span> <span class='ocrx_word' id='word_1_133' title='bbox 2009 1252 2113 1301; x_wconf 89' lang='lat' dir='ltr'><strong>carue</strong></span> 
     </span>
     <span class='ocr_line' id='line_1_11' title="bbox 96 1332 1475 1429; baseline 0.001 -26"><span class='ocrx_word' id='word_1_134' title='bbox 96 1356 158 1422; x_wconf 71' lang='lat' dir='ltr'><strong>po,</strong></span> <span class='ocrx_word' id='word_1_135' title='bbox 185 1332 334 1404; x_wconf 87' lang='lat' dir='ltr'><strong>Honora</strong></span> <span class='ocrx_word' id='word_1_136' title='bbox 349 1347 486 1425; x_wconf 87' lang='lat' dir='ltr'><strong>patrem</strong></span> <span class='ocrx_word' id='word_1_137' title='bbox 503 1348 537 1405; x_wconf 90' lang='lat' dir='ltr'><strong>et</strong></span> <span class='ocrx_word' id='word_1_138' title='bbox 552 1349 714 1424; x_wconf 89' lang='lat' dir='ltr'><strong>matrem,</strong></span> <span class='ocrx_word' id='word_1_139' title='bbox 738 1348 781 1405; x_wconf 89' lang='lat' dir='ltr'><strong>ut</strong></span> <span class='ocrx_word' id='word_1_140' title='bbox 795 1357 855 1404; x_wconf 88' lang='lat' dir='ltr'><strong>eos</strong></span> <span class='ocrx_word' id='word_1_141' title='bbox 870 1334 932 1427; x_wconf 90' lang='lat' dir='ltr'><strong>qui</strong></span> <span class='ocrx_word' id='word_1_142' title='bbox 946 1344 1083 1424; x_wconf 90' lang='lat' dir='ltr'><strong>parent,</strong></span> <span class='ocrx_word' id='word_1_143' title='bbox 1131 1359 1223 1423; x_wconf 84' lang='lat' dir='ltr'><strong>nova</strong></span> <span class='ocrx_word' id='word_1_144' title='bbox 1240 1351 1274 1409; x_wconf 88' lang='lat' dir='ltr'><strong>et</strong></span> <span class='ocrx_word' id='word_1_145' title='bbox 1286 1335 1475 1429; x_wconf 87' lang='lat' dir='ltr'><strong>spirituali.</strong></span> 
     </span>
    </p>

    <p class='ocr_par' dir='ltr' id='par_1_3' title="bbox 96 1434 1082 1524">
     <span class='ocr_line' id='line_1_12' title="bbox 96 1434 1082 1524; baseline -0.003 -19"><span class='ocrx_word' id='word_1_146' title='bbox 96 1438 239 1521; x_wconf 88' lang='lat' dir='ltr'><strong>doceat,</strong></span> <span class='ocrx_word' id='word_1_147' title='bbox 263 1435 445 1506; x_wconf 80' lang='lat' dir='ltr'><strong>autoritati</strong></span> <span class='ocrx_word' id='word_1_148' title='bbox 460 1435 603 1511; x_wconf 86' lang='lat' dir='ltr'><strong>divinae</strong></span> <span class='ocrx_word' id='word_1_149' title='bbox 618 1435 791 1506; x_wconf 84' lang='lat' dir='ltr'><strong>obnoxios</strong></span> <span class='ocrx_word' id='word_1_150' title='bbox 808 1457 881 1504; x_wconf 91' lang='lat' dir='ltr'><strong>esse</strong></span> <span class='ocrx_word' id='word_1_151' title='bbox 898 1434 1082 1524; x_wconf 80' lang='lat' dir='ltr'><strong>magistra·</strong></span> 
     </span>
    </p>

    <p class='ocr_par' dir='ltr' id='par_1_4' title="bbox 96 1533 1881 1633">
     <span class='ocr_line' id='line_1_13' title="bbox 96 1533 1881 1633; baseline 0.002 -28"><span class='ocrx_word' id='word_1_152' title='bbox 96 1537 167 1620; x_wconf 87' lang='lat' dir='ltr'><strong>tui,</strong></span> <span class='ocrx_word' id='word_1_153' title='bbox 193 1548 228 1607; x_wconf 90' lang='lat' dir='ltr'><strong>ct</strong></span> <span class='ocrx_word' id='word_1_154' title='bbox 252 1538 450 1627; x_wconf 89' lang='lat' dir='ltr'><strong>parendum</strong></span> <span class='ocrx_word' id='word_1_155' title='bbox 476 1560 548 1606; x_wconf 87' lang='lat' dir='ltr'><strong>esse</strong></span> <span class='ocrx_word' id='word_1_156' title='bbox 569 1537 807 1629; x_wconf 85' lang='lat' dir='ltr'><strong>magistratui,</strong></span> <span class='ocrx_word' id='word_1_157' title='bbox 838 1537 929 1606; x_wconf 90' lang='lat' dir='ltr'><strong>sicut</strong></span> <span class='ocrx_word' id='word_1_158' title='bbox 949 1533 1082 1604; x_wconf 89' lang='lat' dir='ltr'><strong>Paulus</strong></span> <span class='ocrx_word' id='word_1_159' title='bbox 1365 1543 1458 1610; x_wconf 86' lang='lat' dir='ltr'><strong>Ecce</strong></span> <span class='ocrx_word' id='word_1_160' title='bbox 1484 1535 1610 1610; x_wconf 82' lang='lat' dir='ltr'><strong>Adam</strong></span> <span class='ocrx_word' id='word_1_161' title='bbox 1634 1542 1742 1633; x_wconf 77' lang='lat' dir='ltr'><strong>quasi</strong></span> <span class='ocrx_word' id='word_1_162' title='bbox 1768 1560 1881 1611; x_wconf 76' lang='lat' dir='ltr'><strong>unus.</strong></span> 
     </span>
    </p>

    <p class='ocr_par' dir='ltr' id='par_1_5' title="bbox 94 1631 1082 1934">
     <span class='ocr_line' id='line_1_14' title="bbox 96 1631 1082 1728; baseline -0.003 -21"><span class='ocrx_word' id='word_1_163' title='bbox 96 1637 219 1708; x_wconf 88' lang='lat' dir='ltr'><strong>scribit</strong></span> <span class='ocrx_word' id='word_1_164' title='bbox 241 1639 284 1707; x_wconf 90' lang='lat' dir='ltr'><strong>ad</strong></span> <span class='ocrx_word' id='word_1_165' title='bbox 301 1631 504 1728; x_wconf 79' lang='lat' dir='ltr'><strong>Ephesios,</strong></span> <span class='ocrx_word' id='word_1_166' title='bbox 536 1638 628 1708; x_wconf 87' lang='lat' dir='ltr'><strong>sicut</strong></span> <span class='ocrx_word' id='word_1_167' title='bbox 649 1636 814 1708; x_wconf 88' lang='lat' dir='ltr'><strong>Domino.</strong></span> <span class='ocrx_word' id='word_1_168' title='bbox 873 1634 943 1706; x_wconf 88' lang='lat' dir='ltr'><strong>Hic</strong></span> <span class='ocrx_word' id='word_1_169' title='bbox 965 1648 1082 1706; x_wconf 89' lang='lat' dir='ltr'><strong>autem</strong></span> 
     </span>
     <span class='ocr_line' id='line_1_15' title="bbox 94 1734 1082 1828; baseline 0 -22"><span class='ocrx_word' id='word_1_170' title='bbox 94 1740 196 1809; x_wconf 88' lang='lat' dir='ltr'><strong>locus</strong></span> <span class='ocrx_word' id='word_1_171' title='bbox 209 1740 255 1808; x_wconf 92' lang='lat' dir='ltr'><strong>de</strong></span> <span class='ocrx_word' id='word_1_172' title='bbox 272 1738 703 1828; x_wconf 71' lang='lat' dir='ltr'><strong>magistratibus&#39;ruhinde</strong></span> <span class='ocrx_word' id='word_1_173' title='bbox 719 1739 758 1808; x_wconf 92' lang='lat' dir='ltr'><strong>in</strong></span> <span class='ocrx_word' id='word_1_174' title='bbox 774 1734 842 1808; x_wconf 88' lang='lat' dir='ltr'><strong>hoc</strong></span> <span class='ocrx_word' id='word_1_175' title='bbox 856 1738 951 1808; x_wconf 92' lang='lat' dir='ltr'><strong>libro</strong></span> <span class='ocrx_word' id='word_1_176' title='bbox 975 1750 1011 1809; x_wconf 90' lang='lat' dir='ltr'><strong>ct</strong></span> <span class='ocrx_word' id='word_1_177' title='bbox 1026 1760 1082 1806; x_wconf 90' lang='lat' dir='ltr'><strong>re-</strong></span> 
     </span>
     <span class='ocr_line' id='line_1_16' title="bbox 96 1839 727 1934; baseline 0.003 -28"><span class='ocrx_word' id='word_1_178' title='bbox 96 1839 193 1934; x_wconf 85' lang='lat' dir='ltr'><strong>liqua</strong></span> <span class='ocrx_word' id='word_1_179' title='bbox 208 1839 382 1931; x_wconf 87' lang='lat' dir='ltr'><strong>scriptura</strong></span> <span class='ocrx_word' id='word_1_180' title='bbox 398 1840 506 1910; x_wconf 90' lang='lat' dir='ltr'><strong>latius</strong></span> <span class='ocrx_word' id='word_1_181' title='bbox 523 1841 727 1931; x_wconf 82' lang='lat' dir='ltr'><strong>explicatur.</strong></span> 
     </span>
    </p>
   </div>
   <div class='ocr_carea' id='block_1_3' title="bbox 1131 1667 2210 2168">
    <p class='ocr_par' dir='ltr' id='par_1_6' title="bbox 1131 1667 2210 2168">
     <span class='ocr_line' id='line_1_17' title="bbox 1233 1667 2114 1762; baseline -0.002 -23"><span class='ocrx_word' id='word_1_182' title='bbox 1233 1668 1390 1741; x_wconf 89' lang='lat' dir='ltr'><strong>lrouiam</strong></span> <span class='ocrx_word' id='word_1_183' title='bbox 1407 1694 1482 1743; x_wconf 86' lang='lat' dir='ltr'><strong>esse</strong></span> <span class='ocrx_word' id='word_1_184' title='bbox 1499 1674 1623 1743; x_wconf 83' lang='lat' dir='ltr'><strong>volunt</strong></span> <span class='ocrx_word' id='word_1_185' title='bbox 1638 1673 1858 1762; x_wconf 80' lang='lat' dir='ltr'><strong>coarguentis</strong></span> <span class='ocrx_word' id='word_1_186' title='bbox 1869 1667 1996 1755; x_wconf 88' lang='lat' dir='ltr'><strong>Adam,</strong></span> <span class='ocrx_word' id='word_1_187' title='bbox 2018 1670 2114 1762; x_wconf 89' lang='lat' dir='ltr'><strong>quod</strong></span> 
     </span>
     <span class='ocr_line' id='line_1_18' title="bbox 1131 1771 2210 1865; baseline 0 -25"><span class='ocrx_word' id='word_1_188' title='bbox 1131 1773 1288 1862; x_wconf 82' lang='lat' dir='ltr'><strong>serpenti</strong></span> <span class='ocrx_word' id='word_1_189' title='bbox 1310 1772 1516 1858; x_wconf 87' lang='lat' dir='ltr'><strong>crediderit,</strong></span> <span class='ocrx_word' id='word_1_190' title='bbox 1547 1774 1729 1865; x_wconf 80' lang='lat' dir='ltr'><strong>pollicenti</strong></span> <span class='ocrx_word' id='word_1_191' title='bbox 1751 1774 1901 1842; x_wconf 84' lang='lat' dir='ltr'><strong>similem</strong></span> <span class='ocrx_word' id='word_1_192' title='bbox 1924 1774 2001 1841; x_wconf 84' lang='lat' dir='ltr'><strong>fore</strong></span> <span class='ocrx_word' id='word_1_193' title='bbox 2022 1771 2114 1850; x_wconf 89' lang='lat' dir='ltr'><strong>Deo,</strong></span> <span class='ocrx_word' id='word_1_194' title='bbox 2207 1787 2210 1796; x_wconf 85' lang='lat'>&#39;</span> 
     </span>
     <span class='ocr_line' id='line_1_19' title="bbox 1132 1871 2116 1966; baseline -0.003 -24"><span class='ocrx_word' id='word_1_195' title='bbox 1132 1873 1231 1966; x_wconf 87' lang='lat' dir='ltr'><strong>quasi</strong></span> <span class='ocrx_word' id='word_1_196' title='bbox 1248 1873 1397 1944; x_wconf 89' lang='lat' dir='ltr'><strong>diceret:</strong></span> <span class='ocrx_word' id='word_1_197' title='bbox 1424 1873 1517 1944; x_wconf 89' lang='lat' dir='ltr'><strong>Vide</strong></span> <span class='ocrx_word' id='word_1_198' title='bbox 1535 1873 1650 1945; x_wconf 89' lang='lat' dir='ltr'><strong>Adam</strong></span> <span class='ocrx_word' id='word_1_199' title='bbox 1673 1875 1773 1945; x_wconf 90' lang='lat' dir='ltr'><strong>cuius</strong></span> <span class='ocrx_word' id='word_1_200' title='bbox 1786 1877 1894 1944; x_wconf 89' lang='lat' dir='ltr'><strong>verbo</strong></span> <span class='ocrx_word' id='word_1_201' title='bbox 1911 1871 2116 1950; x_wconf 79' lang='lat' dir='ltr'><strong>credideris,</strong></span> 
     </span>
     <span class='ocr_line' id='line_1_20' title="bbox 1131 1973 2115 2066; baseline -0.003 -23"><span class='ocrx_word' id='word_1_202' title='bbox 1131 1998 1194 2065; x_wconf 75' lang='lat' dir='ltr'><strong>ego</strong></span> <span class='ocrx_word' id='word_1_203' title='bbox 1227 1974 1334 2060; x_wconf 87' lang='lat' dir='ltr'><strong>iussi,</strong></span> <span class='ocrx_word' id='word_1_204' title='bbox 1368 2000 1413 2045; x_wconf 94' lang='lat' dir='ltr'><strong>ne</strong></span> <span class='ocrx_word' id='word_1_205' title='bbox 1443 1977 1593 2046; x_wconf 87' lang='lat' dir='ltr'><strong>ederetis</strong></span> <span class='ocrx_word' id='word_1_206' title='bbox 1616 2000 1635 2045; x_wconf 91' lang='lat' dir='ltr'><strong>e</strong></span> <span class='ocrx_word' id='word_1_207' title='bbox 1659 1978 1756 2066; x_wconf 82' lang='lat' dir='ltr'><strong>ligno</strong></span> <span class='ocrx_word' id='word_1_208' title='bbox 1779 1975 1943 2047; x_wconf 82' lang='lat' dir='ltr'><strong>scientiae</strong></span> <span class='ocrx_word' id='word_1_209' title='bbox 1968 1973 2055 2045; x_wconf 91' lang='lat' dir='ltr'><strong>boni</strong></span> <span class='ocrx_word' id='word_1_210' title='bbox 2080 1984 2115 2041; x_wconf 91' lang='lat' dir='ltr'><strong>et</strong></span> 
     </span>
     <span class='ocr_line' id='line_1_21' title="bbox 1132 2071 2116 2168; baseline -0.003 -24"><span class='ocrx_word' id='word_1_211' title='bbox 1132 2073 1228 2148; x_wconf 88' lang='lat' dir='ltr'><strong>mali.</strong></span> <span class='ocrx_word' id='word_1_212' title='bbox 1286 2075 1439 2168; x_wconf 87' lang='lat' dir='ltr'><strong>Serpens</strong></span> <span class='ocrx_word' id='word_1_213' title='bbox 1466 2071 1606 2163; x_wconf 76' lang='lat' dir='ltr'><strong>contra,</strong></span> <span class='ocrx_word' id='word_1_214' title='bbox 1639 2078 1825 2148; x_wconf 89' lang='lat' dir='ltr'><strong>edentibus</strong></span> <span class='ocrx_word' id='word_1_215' title='bbox 1853 2076 2033 2167; x_wconf 86' lang='lat' dir='ltr'><strong>pollicitus</strong></span> <span class='ocrx_word' id='word_1_216' title='bbox 2063 2085 2116 2142; x_wconf 89' lang='lat' dir='ltr'><strong>est</strong></span> 
     </span>
    </p>
   </div>
   <div class='ocr_carea' id='block_1_4' title="bbox 96 2175 2114 2474">
    <p class='ocr_par' dir='ltr' id='par_1_7' title="bbox 96 2175 2114 2474">
     <span class='ocr_line' id='line_1_22' title="bbox 344 2175 2113 2269; baseline -0.007 -13"><span class='ocrx_word' id='word_1_217' title='bbox 344 2244 382 2262; x_wconf 84' lang='lat'><strong>..</strong></span> <span class='ocrx_word' id='word_1_218' title='bbox 419 2245 428 2262; x_wconf 86' lang='lat'><strong>.</strong></span> <span class='ocrx_word' id='word_1_219' title='bbox 593 2246 602 2262; x_wconf 85' lang='lat'><em>,</em></span> <span class='ocrx_word' id='word_1_220' title='bbox 694 2247 702 2263; x_wconf 85' lang='lat'>‚</span> <span class='ocrx_word' id='word_1_221' title='bbox 930 2246 939 2261; x_wconf 81' lang='grc'><strong>,</strong></span> <span class='ocrx_word' id='word_1_222' title='bbox 994 2245 1003 2262; x_wconf 84' lang='grc'><strong>,</strong></span> <span class='ocrx_word' id='word_1_223' title='bbox 1054 2243 1063 2261; x_wconf 84' lang='grc'><strong>,</strong></span> <span class='ocrx_word' id='word_1_224' title='bbox 1131 2176 1263 2248; x_wconf 88' lang='lat' dir='ltr'><strong>similes</strong></span> <span class='ocrx_word' id='word_1_225' title='bbox 1277 2175 1456 2263; x_wconf 84' lang='lat' dir='ltr'><strong>foreDeo,</strong></span> <span class='ocrx_word' id='word_1_226' title='bbox 1481 2201 1560 2248; x_wconf 86' lang='lat' dir='ltr'><strong>meo</strong></span> <span class='ocrx_word' id='word_1_227' title='bbox 1576 2180 1684 2249; x_wconf 91' lang='lat' dir='ltr'><strong>verbo</strong></span> <span class='ocrx_word' id='word_1_228' title='bbox 1700 2203 1775 2248; x_wconf 93' lang='lat' dir='ltr'><strong>non</strong></span> <span class='ocrx_word' id='word_1_229' title='bbox 1791 2177 1990 2261; x_wconf 89' lang='lat' dir='ltr'><strong>credidisti,</strong></span> <span class='ocrx_word' id='word_1_230' title='bbox 2016 2175 2113 2269; x_wconf 89' lang='lat' dir='ltr'><strong>quod</strong></span> 
     </span>
     <span class='ocr_line' id='line_1_23' title="bbox 96 2241 2113 2373; baseline -0.007 -15"><span class='ocrx_word' id='word_1_231' title='bbox 96 2248 245 2364; x_wconf 51' lang='lat' dir='ltr'><strong>hmm’</strong></span> <span class='ocrx_word' id='word_1_232' title='bbox 269 2245 401 2316; x_wconf 65' lang='lat' dir='ltr'><strong>²⁰d¹¹¹⁸</strong></span> <span class='ocrx_word' id='word_1_233' title='bbox 417 2269 488 2315; x_wconf 70' lang='lat'><strong>¹³¹⁰</strong></span> <span class='ocrx_word' id='word_1_234' title='bbox 504 2247 621 2367; x_wconf 45' lang='grc' dir='ltr'><strong>νεὼς</strong></span> <span class='ocrx_word' id='word_1_235' title='bbox 635 2245 715 2325; x_wconf 77' lang='lat' dir='ltr'>D⁰&#39;’</span> <span class='ocrx_word' id='word_1_236' title='bbox 742 2241 836 2316; x_wconf 60' lang='lat' dir='ltr'><strong>band</strong></span> <span class='ocrx_word' id='word_1_237' title='bbox 852 2246 961 2363; x_wconf 59' lang='lat' dir='ltr'><strong>{¹an</strong></span> <span class='ocrx_word' id='word_1_238' title='bbox 974 2267 1084 2363; x_wconf 48' lang='grc' dir='ltr'><strong>ΜΨ·</strong></span> <span class='ocrx_word' id='word_1_239' title='bbox 1131 2278 1261 2349; x_wconf 84' lang='lat' dir='ltr'><strong>veritas</strong></span> <span class='ocrx_word' id='word_1_240' title='bbox 1284 2293 1319 2353; x_wconf 92' lang='lat' dir='ltr'><strong>et</strong></span> <span class='ocrx_word' id='word_1_241' title='bbox 1338 2279 1411 2349; x_wconf 87' lang='lat' dir='ltr'><strong>vita</strong></span> <span class='ocrx_word' id='word_1_242' title='bbox 1432 2293 1502 2363; x_wconf 89' lang='lat' dir='ltr'><strong>est,</strong></span> <span class='ocrx_word' id='word_1_243' title='bbox 1529 2303 1611 2371; x_wconf 79' lang='lat' dir='ltr'><strong>ergo</strong></span> <span class='ocrx_word' id='word_1_244' title='bbox 1633 2279 1727 2350; x_wconf 93' lang='lat' dir='ltr'><strong>mori</strong></span> <span class='ocrx_word' id='word_1_245' title='bbox 1742 2292 1777 2349; x_wconf 92' lang='lat' dir='ltr'><strong>te</strong></span> <span class='ocrx_word' id='word_1_246' title='bbox 1792 2279 1950 2373; x_wconf 90' lang='lat' dir='ltr'><strong>oportuit</strong></span> <span class='ocrx_word' id='word_1_247' title='bbox 1966 2280 2113 2348; x_wconf 88' lang='lat' dir='ltr'><strong>creden-</strong></span> 
     </span>
     <span class='ocr_line' id='line_1_24' title="bbox 96 2342 2114 2474; baseline -0.006 -14"><span class='ocrx_word' id='word_1_248' title='bbox 96 2349 213 2418; x_wconf 60' lang='lat' dir='ltr'><strong>ficam</strong></span> <span class='ocrx_word' id='word_1_249' title='bbox 225 2342 348 2415; x_wconf 70' lang='lat' dir='ltr'>M⁰⁸⁰⁸</span> <span class='ocrx_word' id='word_1_250' title='bbox 364 2346 468 2416; x_wconf 64' lang='lat' dir='ltr'><strong>fidem</strong></span> <span class='ocrx_word' id='word_1_251' title='bbox 485 2346 603 2431; x_wconf 40' lang='grc' dir='ltr'><strong>ΜΨ</strong></span> <span class='ocrx_word' id='word_1_252' title='bbox 628 2360 831 2438; x_wconf 54' lang='lat' dir='ltr'><strong>“mmmm</strong></span> <span class='ocrx_word' id='word_1_253' title='bbox 855 2370 926 2416; x_wconf 73' lang='lat'><strong>¹³¹⁰</strong></span> <span class='ocrx_word' id='word_1_254' title='bbox 950 2346 994 2415; x_wconf 67' lang='lat'><strong>‘¹⁰</strong></span> <span class='ocrx_word' id='word_1_255' title='bbox 1010 2359 1082 2416; x_wconf 58' lang='lat' dir='ltr'><strong>vua</strong></span> <span class='ocrx_word' id='word_1_256' title='bbox 1130 2393 1203 2450; x_wconf 90' lang='lat' dir='ltr'><strong>tem</strong></span> <span class='ocrx_word' id='word_1_257' title='bbox 1221 2381 1426 2466; x_wconf 88' lang='lat' dir='ltr'><strong>mendacio,</strong></span> <span class='ocrx_word' id='word_1_258' title='bbox 1451 2381 1533 2450; x_wconf 85' lang='lat' dir='ltr'><strong>vide</strong></span> <span class='ocrx_word' id='word_1_259' title='bbox 1554 2404 1669 2474; x_wconf 88' lang='lat' dir='ltr'><strong>quam·</strong></span> <span class='ocrx_word' id='word_1_260' title='bbox 1684 2406 1758 2452; x_wconf 93' lang='lat' dir='ltr'><strong>nou</strong></span> <span class='ocrx_word' id='word_1_261' title='bbox 1782 2381 1908 2451; x_wconf 83' lang='lat' dir='ltr'><strong>similis</strong></span> <span class='ocrx_word' id='word_1_262' title='bbox 1929 2378 2043 2450; x_wconf 80' lang='lat' dir='ltr'><strong>nostri</strong></span> <span class='ocrx_word' id='word_1_263' title='bbox 2060 2380 2114 2448; x_wconf 87' lang='lat' dir='ltr'><strong>fa·</strong></span> 
     </span>
    </p>
   </div>
   <div class='ocr_carea' id='block_1_5' title="bbox 96 2443 1083 2844">
    <p class='ocr_par' dir='ltr' id='par_1_8' title="bbox 96 2443 1083 2844">
     <span class='ocr_line' id='line_1_25' title="bbox 96 2443 1081 2541; baseline -0.003 -22"><span class='ocrx_word' id='word_1_264' title='bbox 96 2473 113 2519; x_wconf 90' lang='lat' dir='ltr'><strong>e</strong></span> <span class='ocrx_word' id='word_1_265' title='bbox 134 2445 373 2540; x_wconf 84' lang='lat' dir='ltr'><strong>promissione</strong></span> <span class='ocrx_word' id='word_1_266' title='bbox 396 2445 480 2533; x_wconf 89' lang='lat' dir='ltr'><strong>Dei,</strong></span> <span class='ocrx_word' id='word_1_267' title='bbox 504 2449 606 2541; x_wconf 88' lang='lat' dir='ltr'><strong>quasi</strong></span> <span class='ocrx_word' id='word_1_268' title='bbox 624 2449 675 2517; x_wconf 86' lang='lat' dir='ltr'><strong>sic</strong></span> <span class='ocrx_word' id='word_1_269' title='bbox 696 2449 782 2519; x_wconf 90' lang='lat' dir='ltr'><strong>velit</strong></span> <span class='ocrx_word' id='word_1_270' title='bbox 806 2448 922 2518; x_wconf 89' lang='lat' dir='ltr'><strong>dicere</strong></span> <span class='ocrx_word' id='word_1_271' title='bbox 948 2443 1081 2517; x_wconf 88' lang='lat' dir='ltr'><strong>Adam:</strong></span> 
     </span>
     <span class='ocr_line' id='line_1_26' title="bbox 96 2548 1082 2642; baseline 0.001 -26"><span class='ocrx_word' id='word_1_272' title='bbox 96 2548 268 2620; x_wconf 89' lang='lat' dir='ltr'><strong>Vivemus</strong></span> <span class='ocrx_word' id='word_1_273' title='bbox 283 2570 366 2639; x_wconf 80' lang='lat' dir='ltr'><strong>crgo</strong></span> <span class='ocrx_word' id='word_1_274' title='bbox 388 2550 451 2642; x_wconf 89' lang='lat' dir='ltr'><strong>qni</strong></span> <span class='ocrx_word' id='word_1_275' title='bbox 465 2549 574 2619; x_wconf 86' lang='lat' dir='ltr'><strong>morti</strong></span> <span class='ocrx_word' id='word_1_276' title='bbox 587 2549 752 2621; x_wconf 89' lang='lat' dir='ltr'><strong>destinati</strong></span> <span class='ocrx_word' id='word_1_277' title='bbox 778 2571 933 2635; x_wconf 88' lang='lat' dir='ltr'><strong>eramus,</strong></span> <span class='ocrx_word' id='word_1_278' title='bbox 959 2571 1082 2640; x_wconf 90' lang='lat' dir='ltr'><strong>pecca-</strong></span> 
     </span>
     <span class='ocr_line' id='line_1_27' title="bbox 96 2649 1083 2744; baseline -0.003 -22"><span class='ocrx_word' id='word_1_279' title='bbox 96 2665 169 2722; x_wconf 90' lang='lat' dir='ltr'><strong>tum</strong></span> <span class='ocrx_word' id='word_1_280' title='bbox 185 2649 405 2720; x_wconf 86' lang='lat' dir='ltr'><strong>condonavit</strong></span> <span class='ocrx_word' id='word_1_281' title='bbox 422 2663 539 2741; x_wconf 89' lang='lat' dir='ltr'><strong>pater,</strong></span> <span class='ocrx_word' id='word_1_282' title='bbox 564 2650 701 2744; x_wconf 91' lang='lat' dir='ltr'><strong>reliqua</strong></span> <span class='ocrx_word' id='word_1_283' title='bbox 719 2650 802 2736; x_wconf 87' lang='lat' dir='ltr'><strong>vita,</strong></span> <span class='ocrx_word' id='word_1_284' title='bbox 823 2649 894 2719; x_wconf 91' lang='lat' dir='ltr'><strong>iam</strong></span> <span class='ocrx_word' id='word_1_285' title='bbox 912 2674 994 2720; x_wconf 91' lang='lat' dir='ltr'><strong>vere</strong></span> <span class='ocrx_word' id='word_1_286' title='bbox 1010 2649 1083 2719; x_wconf 85' lang='lat' dir='ltr'><strong>vita</strong></span> 
     </span>
     <span class='ocr_line' id='line_1_28' title="bbox 96 2751 1083 2844; baseline -0.003 -22"><span class='ocrx_word' id='word_1_287' title='bbox 96 2765 189 2833; x_wconf 87' lang='lat' dir='ltr'><strong>esto,</strong></span> <span class='ocrx_word' id='word_1_288' title='bbox 221 2751 307 2843; x_wconf 90' lang='lat' dir='ltr'><strong>quia</strong></span> <span class='ocrx_word' id='word_1_289' title='bbox 337 2751 465 2842; x_wconf 87' lang='lat' dir='ltr'><strong>spiritu</strong></span> <span class='ocrx_word' id='word_1_290' title='bbox 495 2751 736 2833; x_wconf 85' lang='lat' dir='ltr'><strong>vivificamur,</strong></span> <span class='ocrx_word' id='word_1_291' title='bbox 776 2763 811 2822; x_wconf 90' lang='lat' dir='ltr'><strong>et</strong></span> <span class='ocrx_word' id='word_1_292' title='bbox 841 2752 925 2844; x_wconf 85' lang='lat' dir='ltr'><strong>quie</strong></span> <span class='ocrx_word' id='word_1_293' title='bbox 963 2773 1083 2820; x_wconf 87' lang='lat' dir='ltr'><strong>semen</strong></span> 
     </span>
    </p>
   </div>
   <div class='ocr_carea' id='block_1_6' title="bbox 197 2007 1085 2235">
    <p class='ocr_par' dir='ltr' id='par_1_9' title="bbox 197 2007 1085 2235">
     <span class='ocr_line' id='line_1_29' title="bbox 401 2007 776 2083; baseline 0.005 -3"><span class='ocrx_word' id='word_1_294' title='bbox 401 2014 449 2081; x_wconf 80' lang='lat' dir='ltr'><strong>ttt</strong></span> <span class='ocrx_word' id='word_1_295' title='bbox 473 2015 618 2083; x_wconf 79' lang='lat' dir='ltr'><strong>vocavit</strong></span> <span class='ocrx_word' id='word_1_296' title='bbox 637 2007 776 2082; x_wconf 82' lang='lat' dir='ltr'><strong>Adam.</strong></span> 
     </span>
     <span class='ocr_line' id='line_1_30' title="bbox 197 2141 1085 2235; baseline 0.001 -23"><span class='ocrx_word' id='word_1_297' title='bbox 197 2142 304 2232; x_wconf 85' lang='lat' dir='ltr'><strong>Quod</strong></span> <span class='ocrx_word' id='word_1_298' title='bbox 326 2142 458 2215; x_wconf 87' lang='lat' dir='ltr'><strong>indidit</strong></span> <span class='ocrx_word' id='word_1_299' title='bbox 479 2144 621 2214; x_wconf 87' lang='lat' dir='ltr'><strong>mulieri</strong></span> <span class='ocrx_word' id='word_1_300' title='bbox 643 2167 776 2215; x_wconf 91' lang='lat' dir='ltr'><strong>nomen</strong></span> <span class='ocrx_word' id='word_1_301' title='bbox 790 2141 902 2214; x_wconf 88' lang='lat' dir='ltr'><strong>Vivae</strong></span> <span class='ocrx_word' id='word_1_302' title='bbox 917 2143 988 2212; x_wconf 87' lang='lat' dir='ltr'><strong>iam</strong></span> <span class='ocrx_word' id='word_1_303' title='bbox 1004 2155 1085 2235; x_wconf 91' lang='lat' dir='ltr'><strong>post</strong></span> 
     </span>
    </p>
   </div>
   <div class='ocr_carea' id='block_1_7' title="bbox 1129 2475 2205 3385">
    <p class='ocr_par' dir='ltr' id='par_1_10' title="bbox 1129 2475 2205 3385">
     <span class='ocr_line' id='line_1_31' title="bbox 1131 2475 2115 2573; baseline -0.005 -22"><span class='ocrx_word' id='word_1_304' title='bbox 1131 2475 1300 2565; x_wconf 69' lang='lat' dir='ltr'><strong>eccesie,</strong></span> <span class='ocrx_word' id='word_1_305' title='bbox 1325 2483 1453 2566; x_wconf 87' lang='lat' dir='ltr'><strong>morti,</strong></span> <span class='ocrx_word' id='word_1_306' title='bbox 1480 2496 1623 2573; x_wconf 87' lang='lat' dir='ltr'><strong>peccato</strong></span> <span class='ocrx_word' id='word_1_307' title='bbox 1646 2484 1757 2554; x_wconf 85' lang='lat' dir='ltr'><strong>factus</strong></span> <span class='ocrx_word' id='word_1_308' title='bbox 1777 2506 1814 2552; x_wconf 88' lang='lat' dir='ltr'><strong>es</strong></span> <span class='ocrx_word' id='word_1_309' title='bbox 1835 2483 2025 2566; x_wconf 82' lang='lat' dir='ltr'><strong>obnoxius,</strong></span> <span class='ocrx_word' id='word_1_310' title='bbox 2050 2478 2115 2549; x_wconf 90' lang='lat' dir='ltr'><strong>ubi</strong></span> 
     </span>
     <span class='ocr_line' id='line_1_32' title="bbox 1131 2580 2116 2675; baseline -0.004 -24"><span class='ocrx_word' id='word_1_311' title='bbox 1131 2594 1215 2651; x_wconf 90' lang='lat' dir='ltr'><strong>sunt</strong></span> <span class='ocrx_word' id='word_1_312' title='bbox 1238 2583 1346 2672; x_wconf 85' lang='lat' dir='ltr'><strong>igitur</strong></span> <span class='ocrx_word' id='word_1_313' title='bbox 1369 2584 1451 2653; x_wconf 91' lang='lat' dir='ltr'><strong>illae</strong></span> <span class='ocrx_word' id='word_1_314' title='bbox 1474 2586 1608 2654; x_wconf 84' lang='lat' dir='ltr'><strong>formae</strong></span> <span class='ocrx_word' id='word_1_315' title='bbox 1630 2583 1713 2666; x_wconf 82' lang='lat' dir='ltr'><strong>Dei,</strong></span> <span class='ocrx_word' id='word_1_316' title='bbox 1746 2584 1944 2675; x_wconf 86' lang='lat' dir='ltr'><strong>sapientia‚-</strong></span> <span class='ocrx_word' id='word_1_317' title='bbox 1965 2580 2116 2664; x_wconf 89' lang='lat' dir='ltr'><strong>iusticia,</strong></span> 
     </span>
     <span class='ocr_line' id='line_1_33' title="bbox 1131 2678 2115 2779; baseline -0.002 -27"><span class='ocrx_word' id='word_1_318' title='bbox 1131 2683 1221 2772; x_wconf 88' lang='lat' dir='ltr'><strong>vita,</strong></span> <span class='ocrx_word' id='word_1_319' title='bbox 1248 2707 1335 2779; x_wconf 87' lang='lat' dir='ltr'><strong>quas</strong></span> <span class='ocrx_word' id='word_1_320' title='bbox 1362 2686 1525 2777; x_wconf 89' lang='lat' dir='ltr'><strong>promisit</strong></span> <span class='ocrx_word' id='word_1_321' title='bbox 1556 2685 1725 2777; x_wconf 80' lang='lat' dir='ltr'><strong>serpens?</strong></span> <span class='ocrx_word' id='word_1_322' title='bbox 1775 2685 1845 2757; x_wconf 87' lang='lat' dir='ltr'><strong>Sed</strong></span> <span class='ocrx_word' id='word_1_323' title='bbox 1870 2698 2009 2777; x_wconf 85' lang='lat' dir='ltr'><strong>praeter</strong></span> <span class='ocrx_word' id='word_1_324' title='bbox 2028 2678 2115 2752; x_wconf 88' lang='lat' dir='ltr'><strong>haec</strong></span> 
     </span>
     <span class='ocr_line' id='line_1_34' title="bbox 1131 2781 2115 2878; baseline -0.002 -25"><span class='ocrx_word' id='word_1_325' title='bbox 1131 2784 1244 2855; x_wconf 89' lang='lat' dir='ltr'><strong>sentio</strong></span> <span class='ocrx_word' id='word_1_326' title='bbox 1268 2785 1376 2856; x_wconf 87' lang='lat' dir='ltr'><strong>simul</strong></span> <span class='ocrx_word' id='word_1_327' title='bbox 1401 2787 1544 2876; x_wconf 80' lang='lat' dir='ltr'><strong>coargui</strong></span> <span class='ocrx_word' id='word_1_328' title='bbox 1557 2781 1694 2866; x_wconf 87' lang='lat' dir='ltr'><strong>Adam,</strong></span> <span class='ocrx_word' id='word_1_329' title='bbox 1721 2799 1755 2857; x_wconf 90' lang='lat' dir='ltr'><strong>et</strong></span> <span class='ocrx_word' id='word_1_330' title='bbox 1777 2786 1939 2878; x_wconf 88' lang='lat' dir='ltr'><strong>promitti</strong></span> <span class='ocrx_word' id='word_1_331' title='bbox 1960 2783 2115 2854; x_wconf 83' lang='lat' dir='ltr'><strong>similem</strong></span> 
     </span>
     <span class='ocr_line' id='line_1_35' title="bbox 1360 2884 2115 2982; baseline -0.004 -27"><span class='ocrx_word' id='word_1_332' title='bbox 1360 2887 1461 2979; x_wconf 88' lang='lat' dir='ltr'><strong>quasi</strong></span> <span class='ocrx_word' id='word_1_333' title='bbox 1487 2887 1636 2959; x_wconf 90' lang='lat' dir='ltr'><strong>diceret:</strong></span> <span class='ocrx_word' id='word_1_334' title='bbox 1663 2886 1756 2957; x_wconf 89' lang='lat' dir='ltr'><strong>Vide</strong></span> <span class='ocrx_word' id='word_1_335' title='bbox 1784 2887 1900 2982; x_wconf 89' lang='lat' dir='ltr'><strong>qualis</strong></span> <span class='ocrx_word' id='word_1_336' title='bbox 1921 2887 1986 2972; x_wconf 87' lang='lat' dir='ltr'><strong>sis,</strong></span> <span class='ocrx_word' id='word_1_337' title='bbox 2018 2884 2115 2956; x_wconf 86' lang='lat' dir='ltr'><strong>scili-</strong></span> 
     </span>
     <span class='ocr_line' id='line_1_36' title="bbox 1131 2986 2114 3081; baseline -0.002 -25"><span class='ocrx_word' id='word_1_338' title='bbox 1131 3000 1185 3057; x_wconf 90' lang='lat' dir='ltr'><strong>cet</strong></span> <span class='ocrx_word' id='word_1_339' title='bbox 1204 2990 1370 3062; x_wconf 79' lang='lat' dir='ltr'><strong>damnata</strong></span> <span class='ocrx_word' id='word_1_340' title='bbox 1394 3012 1476 3059; x_wconf 88' lang='lat' dir='ltr'><strong>caro</strong></span> <span class='ocrx_word' id='word_1_341' title='bbox 1499 3001 1534 3060; x_wconf 90' lang='lat' dir='ltr'><strong>et</strong></span> <span class='ocrx_word' id='word_1_342' title='bbox 1551 2988 1756 3074; x_wconf 90' lang='lat' dir='ltr'><strong>immunda,</strong></span> <span class='ocrx_word' id='word_1_343' title='bbox 1791 3011 1881 3081; x_wconf 88' lang='lat' dir='ltr'><strong>quae</strong></span> <span class='ocrx_word' id='word_1_344' title='bbox 1902 3012 1977 3058; x_wconf 93' lang='lat' dir='ltr'><strong>non</strong></span> <span class='ocrx_word' id='word_1_345' title='bbox 1998 2986 2114 3056; x_wconf 84' lang='lat' dir='ltr'><strong>salva·</strong></span> 
     </span>
     <span class='ocr_line' id='line_1_37' title="bbox 1524 3086 2114 3172; baseline -0.002 -13"><span class='ocrx_word' id='word_1_346' title='bbox 1524 3113 1602 3159; x_wconf 90' lang='lat' dir='ltr'><strong>cum</strong></span> <span class='ocrx_word' id='word_1_347' title='bbox 1624 3091 1713 3160; x_wconf 89' lang='lat' dir='ltr'><strong>sicut</strong></span> <span class='ocrx_word' id='word_1_348' title='bbox 1734 3112 1827 3160; x_wconf 89' lang='lat' dir='ltr'><strong>unus</strong></span> <span class='ocrx_word' id='word_1_349' title='bbox 1852 3112 1893 3158; x_wconf 84' lang='lat' dir='ltr'><strong>ex</strong></span> <span class='ocrx_word' id='word_1_350' title='bbox 1913 3088 2018 3159; x_wconf 87' lang='lat' dir='ltr'><strong>nobis</strong></span> <span class='ocrx_word' id='word_1_351' title='bbox 2039 3086 2114 3172; x_wconf 87' lang='lat' dir='ltr'><strong>lias,</strong></span> 
     </span>
     <span class='ocr_line' id='line_1_38' title="bbox 1129 3184 2113 3285; baseline -0.002 -26"><span class='ocrx_word' id='word_1_352' title='bbox 1129 3213 1204 3260; x_wconf 90' lang='lat' dir='ltr'><strong>non</strong></span> <span class='ocrx_word' id='word_1_353' title='bbox 1236 3184 1302 3259; x_wconf 82' lang='lat' dir='ltr'><strong>hac</strong></span> <span class='ocrx_word' id='word_1_354' title='bbox 1329 3189 1387 3261; x_wconf 84' lang='lat' dir='ltr'><strong>via</strong></span> <span class='ocrx_word' id='word_1_355' title='bbox 1415 3214 1486 3285; x_wconf 90' lang='lat' dir='ltr'><strong>qua</strong></span> <span class='ocrx_word' id='word_1_356' title='bbox 1511 3190 1651 3260; x_wconf 89' lang='lat' dir='ltr'><strong>volebat</strong></span> <span class='ocrx_word' id='word_1_357' title='bbox 1674 3214 1837 3283; x_wconf 86' lang='lat' dir='ltr'><strong>serpens,</strong></span> <span class='ocrx_word' id='word_1_358' title='bbox 1879 3192 1940 3261; x_wconf 89' lang='lat' dir='ltr'><strong>sed</strong></span> <span class='ocrx_word' id='word_1_359' title='bbox 1964 3185 2030 3259; x_wconf 87' lang='lat' dir='ltr'><strong>hac</strong></span> <span class='ocrx_word' id='word_1_360' title='bbox 2055 3188 2113 3258; x_wconf 79' lang='lat' dir='ltr'><strong>via</strong></span> 
     </span>
     <span class='ocr_line' id='line_1_39' title="bbox 1130 3290 2205 3385; baseline -0.001 -23"><span class='ocrx_word' id='word_1_361' title='bbox 1130 3314 1235 3385; x_wconf 87' lang='lat' dir='ltr'><strong>quam</strong></span> <span class='ocrx_word' id='word_1_362' title='bbox 1259 3314 1323 3380; x_wconf 82' lang='lat' dir='ltr'><strong>ego</strong></span> <span class='ocrx_word' id='word_1_363' title='bbox 1344 3316 1441 3362; x_wconf 92' lang='lat' dir='ltr'><strong>nunc</strong></span> <span class='ocrx_word' id='word_1_364' title='bbox 1461 3315 1623 3384; x_wconf 86' lang='lat' dir='ltr'><strong>propono</strong></span> <span class='ocrx_word' id='word_1_365' title='bbox 1647 3292 1733 3374; x_wconf 89' lang='lat' dir='ltr'><strong>tibi,</strong></span> <span class='ocrx_word' id='word_1_366' title='bbox 1765 3314 1893 3384; x_wconf 88' lang='lat' dir='ltr'><strong>nempe</strong></span> <span class='ocrx_word' id='word_1_367' title='bbox 1919 3292 1977 3361; x_wconf 87' lang='lat' dir='ltr'><strong>via</strong></span> <span class='ocrx_word' id='word_1_368' title='bbox 2000 3290 2113 3361; x_wconf 82' lang='lat' dir='ltr'><strong>crucis</strong></span> <span class='ocrx_word' id='word_1_369' title='bbox 2202 3358 2205 3361; x_wconf 21' lang='grc' dir='ltr'><strong>ι</strong></span> 
     </span>
    </p>
   </div>
   <div class='ocr_carea' id='block_1_8' title="bbox 95 2846 1496 3444">
    <p class='ocr_par' dir='ltr' id='par_1_11' title="bbox 95 2846 1496 3444">
     <span class='ocr_line' id='line_1_40' title="bbox 96 2846 1305 2956; baseline -0.003 -32"><span class='ocrx_word' id='word_1_370' title='bbox 96 2866 197 2924; x_wconf 87' lang='grc' dir='ltr'><strong>ιιιιιιιι</strong></span> <span class='ocrx_word' id='word_1_371' title='bbox 222 2862 380 2922; x_wconf 85' lang='lat' dir='ltr'><strong>conteret</strong></span> <span class='ocrx_word' id='word_1_372' title='bbox 402 2865 507 2943; x_wconf 89' lang='lat' dir='ltr'><strong>caput</strong></span> <span class='ocrx_word' id='word_1_373' title='bbox 530 2853 721 2944; x_wconf 88' lang='lat' dir='ltr'><strong>serpentis,</strong></span> <span class='ocrx_word' id='word_1_374' title='bbox 747 2846 906 2937; x_wconf 85' lang='lat' dir='ltr'><strong>horest,</strong></span> <span class='ocrx_word' id='word_1_375' title='bbox 932 2873 1080 2942; x_wconf 81' lang='lat' dir='ltr'><strong>reguum</strong></span> <span class='ocrx_word' id='word_1_376' title='bbox 1130 2885 1206 2955; x_wconf 63' lang='lat' dir='ltr'><strong>pm</strong></span> <span class='ocrx_word' id='word_1_377' title='bbox 1229 2884 1305 2956; x_wconf 59' lang='lat' dir='ltr'><strong>Deo</strong></span> 
     </span>
     <span class='ocr_line' id='line_1_41' title="bbox 96 2937 1326 3043; baseline -0.002 -19"><span class='ocrx_word' id='word_1_378' title='bbox 96 2953 237 3038; x_wconf 87' lang='lat' dir='ltr'><strong>mortis,</strong></span> <span class='ocrx_word' id='word_1_379' title='bbox 263 2952 404 3043; x_wconf 88' lang='lat' dir='ltr'><strong>adpello</strong></span> <span class='ocrx_word' id='word_1_380' title='bbox 421 2966 455 3023; x_wconf 87' lang='lat' dir='ltr'><strong>te</strong></span> <span class='ocrx_word' id='word_1_381' title='bbox 471 2967 619 3025; x_wconf 89' lang='lat' dir='ltr'><strong>matrem</strong></span> <span class='ocrx_word' id='word_1_382' title='bbox 635 2954 856 3037; x_wconf 89' lang='lat' dir='ltr'><strong>viventium,</strong></span> <span class='ocrx_word' id='word_1_383' title='bbox 878 2967 919 3024; x_wconf 92' lang='lat' dir='ltr'><strong>ut</strong></span> <span class='ocrx_word' id='word_1_384' title='bbox 935 2953 981 3024; x_wconf 90' lang='lat' dir='ltr'><strong>sit</strong></span> <span class='ocrx_word' id='word_1_385' title='bbox 996 2948 1082 3023; x_wconf 89' lang='lat' dir='ltr'><strong>haec</strong></span> <span class='ocrx_word' id='word_1_386' title='bbox 1314 2937 1326 2977; x_wconf 88' lang='lat'>&#39;</span> 
     </span>
     <span class='ocr_line' id='line_1_42' title="bbox 96 3050 1477 3159; baseline -0.003 -34"><span class='ocrx_word' id='word_1_387' title='bbox 96 3052 286 3148; x_wconf 87' lang='lat' dir='ltr'><strong>adpellatio</strong></span> <span class='ocrx_word' id='word_1_388' title='bbox 310 3053 469 3124; x_wconf 89' lang='lat' dir='ltr'><strong>mulieris</strong></span> <span class='ocrx_word' id='word_1_389' title='bbox 501 3055 744 3125; x_wconf 84' lang='lat' dir='ltr'><strong>testimonium</strong></span> <span class='ocrx_word' id='word_1_390' title='bbox 772 3054 854 3123; x_wconf 87' lang='lat' dir='ltr'><strong>fidei</strong></span> <span class='ocrx_word' id='word_1_391' title='bbox 876 3050 1014 3139; x_wconf 89' lang='lat' dir='ltr'><strong>Adam,</strong></span> <span class='ocrx_word' id='word_1_392' title='bbox 1047 3066 1081 3122; x_wconf 93' lang='lat' dir='ltr'><strong>et</strong></span> <span class='ocrx_word' id='word_1_393' title='bbox 1129 3088 1243 3159; x_wconf 51' lang='lat' dir='ltr'><strong>bitur:</strong></span> <span class='ocrx_word' id='word_1_394' title='bbox 1270 3088 1339 3158; x_wconf 56' lang='lat' dir='ltr'>erit</span> <span class='ocrx_word' id='word_1_395' title='bbox 1360 3102 1477 3158; x_wconf 57' lang='lat' dir='ltr'><strong>tamen</strong></span> 
     </span>
     <span class='ocr_line' id='line_1_43' title="bbox 96 3139 1496 3249; baseline -0.002 -23"><span class='ocrx_word' id='word_1_396' title='bbox 96 3177 353 3249; x_wconf 88' lang='lat' dir='ltr'><strong>mnemosynon</strong></span> <span class='ocrx_word' id='word_1_397' title='bbox 386 3157 517 3244; x_wconf 82' lang='lat' dir='ltr'><strong>gratiae</strong></span> <span class='ocrx_word' id='word_1_398' title='bbox 544 3149 613 3225; x_wconf 89' lang='lat' dir='ltr'><strong>Dei</strong></span> <span class='ocrx_word' id='word_1_399' title='bbox 649 3154 841 3247; x_wconf 87' lang='lat' dir='ltr'><strong>promissae</strong></span> <span class='ocrx_word' id='word_1_400' title='bbox 871 3179 933 3246; x_wconf 90' lang='lat' dir='ltr'><strong>per</strong></span> <span class='ocrx_word' id='word_1_401' title='bbox 961 3179 1079 3225; x_wconf 86' lang='lat' dir='ltr'><strong>semen</strong></span> <span class='ocrx_word' id='word_1_402' title='bbox 1485 3139 1496 3174; x_wconf 76' lang='lat'><strong><em>³</em></strong></span> 
     </span>
     <span class='ocr_line' id='line_1_44' title="bbox 96 3256 1079 3347; baseline 0.001 -20"><span class='ocrx_word' id='word_1_403' title='bbox 96 3257 271 3328; x_wconf 88' lang='lat' dir='ltr'><strong>mulieris:</strong></span> <span class='ocrx_word' id='word_1_404' title='bbox 299 3269 335 3327; x_wconf 91' lang='lat' dir='ltr'><strong>et</strong></span> <span class='ocrx_word' id='word_1_405' title='bbox 350 3256 516 3342; x_wconf 86' lang='lat' dir='ltr'><strong>breviter,</strong></span> <span class='ocrx_word' id='word_1_406' title='bbox 539 3257 679 3347; x_wconf 82' lang='lat' dir='ltr'><strong>signum</strong></span> <span class='ocrx_word' id='word_1_407' title='bbox 694 3257 777 3326; x_wconf 85' lang='lat' dir='ltr'><strong>fidei</strong></span> <span class='ocrx_word' id='word_1_408' title='bbox 792 3257 966 3328; x_wconf 88' lang='lat' dir='ltr'><strong>credentis</strong></span> <span class='ocrx_word' id='word_1_409' title='bbox 981 3281 1079 3328; x_wconf 92' lang='lat' dir='ltr'><strong>mor·</strong></span> 
     </span>
     <span class='ocr_line' id='line_1_45' title="bbox 95 3357 844 3444; baseline 0 -16"><span class='ocrx_word' id='word_1_410' title='bbox 95 3372 165 3429; x_wconf 90' lang='lat' dir='ltr'><strong>tem</strong></span> <span class='ocrx_word' id='word_1_411' title='bbox 184 3357 257 3428; x_wconf 88' lang='lat' dir='ltr'><strong>iam</strong></span> <span class='ocrx_word' id='word_1_412' title='bbox 275 3381 349 3427; x_wconf 92' lang='lat' dir='ltr'><strong>uon</strong></span> <span class='ocrx_word' id='word_1_413' title='bbox 367 3380 441 3428; x_wconf 86' lang='lat' dir='ltr'><strong>esse</strong></span> <span class='ocrx_word' id='word_1_414' title='bbox 456 3371 624 3444; x_wconf 90' lang='lat' dir='ltr'><strong>mortem,</strong></span> <span class='ocrx_word' id='word_1_415' title='bbox 649 3359 709 3428; x_wconf 88' lang='lat' dir='ltr'><strong>sed</strong></span> <span class='ocrx_word' id='word_1_416' title='bbox 722 3357 844 3428; x_wconf 82' lang='lat' dir='ltr'><strong>vitam.</strong></span> 
     </span>
    </p>
   </div>
   <div class='ocr_carea' id='block_1_9' title="bbox 1130 3492 2112 3586">
    <p class='ocr_par' dir='ltr' id='par_1_12' title="bbox 1130 3492 2112 3586">
     <span class='ocr_line' id='line_1_46' title="bbox 1130 3492 2112 3586; baseline 0 -24"><span class='ocrx_word' id='word_1_417' title='bbox 1130 3492 1248 3564; x_wconf 82' lang='lat' dir='ltr'><strong>in&#39;duti</strong></span> <span class='ocrx_word' id='word_1_418' title='bbox 1271 3495 1382 3583; x_wconf 78' lang='lat' dir='ltr'><strong>gloria</strong></span> <span class='ocrx_word' id='word_1_419' title='bbox 1398 3493 1464 3565; x_wconf 88' lang='lat' dir='ltr'><strong>Dei</strong></span> <span class='ocrx_word' id='word_1_420' title='bbox 1479 3508 1545 3565; x_wconf 81' lang='lat' dir='ltr'><strong>etc.</strong></span> <span class='ocrx_word' id='word_1_421' title='bbox 1576 3492 1723 3566; x_wconf 86' lang='lat' dir='ltr'><strong>loannis</strong></span> <span class='ocrx_word' id='word_1_422' title='bbox 1747 3495 1862 3571; x_wconf 89' lang='lat' dir='ltr'><strong>tertio.</strong></span> <span class='ocrx_word' id='word_1_423' title='bbox 1889 3492 1979 3566; x_wconf 89' lang='lat' dir='ltr'><strong>Com</strong></span> <span class='ocrx_word' id='word_1_424' title='bbox 2003 3517 2112 3586; x_wconf 84' lang='lat' dir='ltr'><strong>appa·</strong></span> 
     </span>
    </p>
   </div>
   <div class='ocr_carea' id='block_1_10' title="bbox 279 3529 1752 3670">
    <p class='ocr_par' dir='ltr' id='par_1_13' title="bbox 279 3529 1752 3670">
     <span class='ocr_line' id='line_1_47' title="bbox 279 3529 1752 3670; baseline 0.036 -51"><span class='ocrx_word' id='word_1_425' title='bbox 279 3532 385 3601; x_wconf 60' lang='lat' dir='ltr'><strong>pecli</strong></span> <span class='ocrx_word' id='word_1_426' title='bbox 411 3549 552 3624; x_wconf 60' lang='lat' dir='ltr'><strong>‘imm&#39;</strong></span> <span class='ocrx_word' id='word_1_427' title='bbox 568 3529 753 3601; x_wconf 57' lang='lat' dir='ltr'><em>mmmm</em></span> <span class='ocrx_word' id='word_1_428' title='bbox 777 3529 895 3601; x_wconf 61' lang='lat' dir='ltr'><strong>Dm</strong></span> <span class='ocrx_word' id='word_1_429' title='bbox 1130 3595 1242 3665; x_wconf 87' lang='lat' dir='ltr'><strong>ruerit</strong></span> <span class='ocrx_word' id='word_1_430' title='bbox 1258 3595 1390 3665; x_wconf 87' lang='lat' dir='ltr'><strong>similes</strong></span> <span class='ocrx_word' id='word_1_431' title='bbox 1408 3596 1539 3665; x_wconf 89' lang='lat' dir='ltr'><strong>erimus</strong></span> <span class='ocrx_word' id='word_1_432' title='bbox 1557 3597 1588 3666; x_wconf 91' lang='lat' dir='ltr'><strong>ei</strong></span> <span class='ocrx_word' id='word_1_433' title='bbox 1605 3609 1669 3670; x_wconf 89' lang='lat' dir='ltr'><strong>etc.</strong></span> <span class='ocrx_word' id='word_1_434' title='bbox 1750 3619 1752 3622; x_wconf 82' lang='grc'><strong><em>·</em></strong></span> 
     </span>
    </p>
   </div>
   <div class='ocr_carea' id='block_1_11' title="bbox 196 3656 1080 3752">
    <p class='ocr_par' dir='ltr' id='par_1_14' title="bbox 196 3656 1080 3752">
     <span class='ocr_line' id='line_1_48' title="bbox 196 3656 1080 3752; baseline -0.003 -22"><span class='ocrx_word' id='word_1_435' title='bbox 196 3656 252 3730; x_wconf 87' lang='grc' dir='ltr'><strong>Ειι</strong></span> <span class='ocrx_word' id='word_1_436' title='bbox 277 3661 502 3752; x_wconf 85' lang='lat' dir='ltr'><strong>perizomatis</strong></span> <span class='ocrx_word' id='word_1_437' title='bbox 523 3673 557 3730; x_wconf 94' lang='lat' dir='ltr'><strong>et</strong></span> <span class='ocrx_word' id='word_1_438' title='bbox 579 3660 729 3729; x_wconf 87' lang='lat' dir='ltr'><strong>vestium</strong></span> <span class='ocrx_word' id='word_1_439' title='bbox 752 3658 959 3750; x_wconf 81' lang='lat' dir='ltr'><strong>significatio</strong></span> <span class='ocrx_word' id='word_1_440' title='bbox 976 3658 1080 3730; x_wconf 87' lang='lat' dir='ltr'><strong>eolli-</strong></span> 
     </span>
    </p>
   </div>
   <div class='ocr_carea' id='block_1_12' title="bbox 96 3757 1138 3856">
    <p class='ocr_par' dir='ltr' id='par_1_15' title="bbox 96 3757 1138 3856">
     <span class='ocr_line' id='line_1_49' title="bbox 96 3757 1138 3856; baseline -0.006 -22"><span class='ocrx_word' id='word_1_441' title='bbox 96 3764 210 3856; x_wconf 84' lang='lat' dir='ltr'><strong>genda</strong></span> <span class='ocrx_word' id='word_1_442' title='bbox 234 3775 298 3832; x_wconf 85' lang='lat' dir='ltr'><strong>est.</strong></span> <span class='ocrx_word' id='word_1_443' title='bbox 347 3761 565 3833; x_wconf 85' lang='lat' dir='ltr'><strong>Perizomata</strong></span> <span class='ocrx_word' id='word_1_444' title='bbox 592 3758 709 3831; x_wconf 84' lang='lat' dir='ltr'><strong>autem</strong></span> <span class='ocrx_word' id='word_1_445' title='bbox 735 3774 869 3831; x_wconf 87' lang='lat' dir='ltr'><strong>certum</strong></span> <span class='ocrx_word' id='word_1_446' title='bbox 890 3773 942 3831; x_wconf 83' lang='lat' dir='ltr'><strong>est</strong></span> <span class='ocrx_word' id='word_1_447' title='bbox 962 3757 1077 3831; x_wconf 87' lang='lat' dir='ltr'><strong>Adam</strong></span> <span class='ocrx_word' id='word_1_448' title='bbox 1132 3758 1138 3769; x_wconf 91' lang='grc'><strong>’</strong></span> 
     </span>
    </p>
   </div>
   <div class='ocr_carea' id='block_1_13' title="bbox 95 3805 2113 4467">
    <p class='ocr_par' dir='ltr' id='par_1_16' title="bbox 96 3805 1964 3957">
     <span class='ocr_line' id='line_1_50' title="bbox 96 3805 1964 3957; baseline -0.022 -16"><span class='ocrx_word' id='word_1_449' title='bbox 96 3865 234 3948; x_wconf 74' lang='lat' dir='ltr'><strong>fecisse,</strong></span> <span class='ocrx_word' id='word_1_450' title='bbox 268 3865 365 3957; x_wconf 88' lang='lat' dir='ltr'><strong>quod</strong></span> <span class='ocrx_word' id='word_1_451' title='bbox 393 3863 565 3933; x_wconf 85' lang='lat' dir='ltr'><strong>nuditatis</strong></span> <span class='ocrx_word' id='word_1_452' title='bbox 587 3863 748 3955; x_wconf 86' lang='lat' dir='ltr'><strong>puderet.</strong></span> <span class='ocrx_word' id='word_1_453' title='bbox 802 3861 863 3934; x_wconf 89' lang='lat' dir='ltr'><strong>Sic</strong></span> <span class='ocrx_word' id='word_1_454' title='bbox 891 3862 1078 3934; x_wconf 87' lang='lat' dir='ltr'><strong>enimait:</strong></span> <span class='ocrx_word' id='word_1_455' title='bbox 1321 3805 1568 3952; x_wconf 51' lang='lat' dir='ltr'><strong><em>Emmtfum</em></strong></span> <span class='ocrx_word' id='word_1_456' title='bbox 1592 3805 1781 3878; x_wconf 60' lang='lat' dir='ltr'><strong>”mmm</strong></span> <span class='ocrx_word' id='word_1_457' title='bbox 1806 3808 1921 3956; x_wconf 52' lang='lat' dir='ltr'><strong>PM·</strong></span> <span class='ocrx_word' id='word_1_458' title='bbox 1955 3936 1964 3956; x_wconf 37' lang='grc' dir='ltr'><strong><em>ο</em></strong></span> 
     </span>
    </p>

    <p class='ocr_par' dir='ltr' id='par_1_17' title="bbox 95 3928 2113 4467">
     <span class='ocr_line' id='line_1_51' title="bbox 96 3928 2113 4058; baseline -0.018 -18"><span class='ocrx_word' id='word_1_459' title='bbox 96 3965 184 4040; x_wconf 82' lang='lat' dir='ltr'><strong>Cum</strong></span> <span class='ocrx_word' id='word_1_460' title='bbox 200 3965 447 4054; x_wconf 77' lang='lat' dir='ltr'><strong>cognovissent</strong></span> <span class='ocrx_word' id='word_1_461' title='bbox 462 3988 498 4034; x_wconf 85' lang='lat' dir='ltr'><strong>se</strong></span> <span class='ocrx_word' id='word_1_462' title='bbox 514 3964 631 4045; x_wconf 89' lang='lat' dir='ltr'><strong>nudos</strong></span> <span class='ocrx_word' id='word_1_463' title='bbox 646 3986 720 4032; x_wconf 89' lang='lat' dir='ltr'><strong>esse</strong></span> <span class='ocrx_word' id='word_1_464' title='bbox 736 3975 813 4044; x_wconf 81' lang='lat' dir='ltr'><strong>etc,</strong></span> <span class='ocrx_word' id='word_1_465' title='bbox 836 3987 925 4057; x_wconf 87' lang='lat' dir='ltr'><strong>quae</strong></span> <span class='ocrx_word' id='word_1_466' title='bbox 942 3965 1077 4051; x_wconf 83' lang='lat' dir='ltr'><strong>perizo-</strong></span> <span class='ocrx_word' id='word_1_467' title='bbox 1149 4030 1158 4049; x_wconf 59' lang='grc'><strong>,</strong></span> <span class='ocrx_word' id='word_1_468' title='bbox 1200 4028 1209 4049; x_wconf 50' lang='lat'><strong>·</strong></span> <span class='ocrx_word' id='word_1_469' title='bbox 1232 3928 1445 4026; x_wconf 59' lang='lat' dir='ltr'><strong>Quanquam</strong></span> <span class='ocrx_word' id='word_1_470' title='bbox 1459 3958 1529 4005; x_wconf 73' lang='lat'><strong>¹³¹⁰</strong></span> <span class='ocrx_word' id='word_1_471' title='bbox 1546 3936 1692 4007; x_wconf 78' lang='lat' dir='ltr'><strong>obscure</strong></span> <span class='ocrx_word' id='word_1_472' title='bbox 1706 3961 1919 4058; x_wconf 63' lang='lat' dir='ltr'><strong>pr⁰nii⁵ium</strong></span> <span class='ocrx_word' id='word_1_473' title='bbox 1936 3949 1982 4008; x_wconf 87' lang='lat' dir='ltr'><strong>srt</strong></span> <span class='ocrx_word' id='word_1_474' title='bbox 1996 3935 2113 4056; x_wconf 77' lang='lat' dir='ltr'><strong>Adam</strong></span> 
     </span>
     <span class='ocr_line' id='line_1_52' title="bbox 96 4031 2112 4160; baseline -0.018 -22"><span class='ocrx_word' id='word_1_475' title='bbox 96 4080 188 4138; x_wconf 87' lang='lat' dir='ltr'><strong>mata</strong></span> <span class='ocrx_word' id='word_1_476' title='bbox 212 4064 410 4138; x_wconf 89' lang='lat' dir='ltr'><strong>nuditatem</strong></span> <span class='ocrx_word' id='word_1_477' title='bbox 433 4079 565 4156; x_wconf 83' lang='lat' dir='ltr'><strong>tegere,</strong></span> <span class='ocrx_word' id='word_1_478' title='bbox 592 4065 755 4135; x_wconf 91' lang='lat' dir='ltr'><strong>veniente</strong></span> <span class='ocrx_word' id='word_1_479' title='bbox 776 4061 852 4134; x_wconf 89' lang='lat' dir='ltr'><strong>Deo</strong></span> <span class='ocrx_word' id='word_1_480' title='bbox 876 4065 915 4133; x_wconf 93' lang='lat' dir='ltr'><strong>in</strong></span> <span class='ocrx_word' id='word_1_481' title='bbox 930 4063 1077 4136; x_wconf 88' lang='lat' dir='ltr'><strong>Paradi-</strong></span> <span class='ocrx_word' id='word_1_482' title='bbox 1128 4031 1283 4152; x_wconf 65' lang='lat' dir='ltr'><strong>⁸¹⁰¹¹¹⁰¹²J</strong></span> <span class='ocrx_word' id='word_1_483' title='bbox 1304 4035 1379 4105; x_wconf 68' lang='lat' dir='ltr'><strong>f⁰¹⁸</strong></span> <span class='ocrx_word' id='word_1_484' title='bbox 1393 4033 1491 4123; x_wconf 62' lang='grc' dir='ltr'><strong>ΒΕΘ,</strong></span> <span class='ocrx_word' id='word_1_485' title='bbox 1517 4050 1635 4107; x_wconf 64' lang='lat' dir='ltr'><strong>lmen</strong></span> <span class='ocrx_word' id='word_1_486' title='bbox 1654 4062 1751 4160; x_wconf 71' lang='lat' dir='ltr'><strong>nupt</strong></span> <span class='ocrx_word' id='word_1_487' title='bbox 1774 4053 1914 4112; x_wconf 83' lang='lat' dir='ltr'><strong>euenor</strong></span> <span class='ocrx_word' id='word_1_488' title='bbox 1930 4063 1949 4108; x_wconf 91' lang='lat' dir='ltr'><strong>e</strong></span> <span class='ocrx_word' id='word_1_489' title='bbox 1964 4037 2112 4156; x_wconf 71' lang='lat' dir='ltr'><strong>Paradi-</strong></span> 
     </span>
     <span class='ocr_line' id='line_1_53' title="bbox 96 4135 2113 4260; baseline -0.017 -21"><span class='ocrx_word' id='word_1_490' title='bbox 96 4191 193 4252; x_wconf 84' lang='lat' dir='ltr'><strong>sum,</strong></span> <span class='ocrx_word' id='word_1_491' title='bbox 218 4190 293 4235; x_wconf 92' lang='lat' dir='ltr'><strong>non</strong></span> <span class='ocrx_word' id='word_1_492' title='bbox 309 4181 511 4258; x_wconf 87' lang='lat' dir='ltr'><strong>potueruut.</strong></span> <span class='ocrx_word' id='word_1_493' title='bbox 550 4164 676 4237; x_wconf 91' lang='lat' dir='ltr'><strong>Itidem</strong></span> <span class='ocrx_word' id='word_1_494' title='bbox 693 4166 758 4237; x_wconf 89' lang='lat' dir='ltr'><strong>ait:</strong></span> <span class='ocrx_word' id='word_1_495' title='bbox 786 4162 910 4235; x_wconf 89' lang='lat' dir='ltr'><strong>Timui</strong></span> <span class='ocrx_word' id='word_1_496' title='bbox 924 4188 966 4234; x_wconf 90' lang='lat' dir='ltr'><strong>eo</strong></span> <span class='ocrx_word' id='word_1_497' title='bbox 981 4168 1077 4260; x_wconf 90' lang='lat' dir='ltr'><strong>quod</strong></span> <span class='ocrx_word' id='word_1_498' title='bbox 1129 4155 1189 4253; x_wconf 54' lang='grc' dir='ltr'><strong>*ξι</strong></span> <span class='ocrx_word' id='word_1_499' title='bbox 1215 4158 1298 4227; x_wconf 78' lang='lat' dir='ltr'><strong>qma</strong></span> <span class='ocrx_word' id='word_1_500' title='bbox 1319 4160 1395 4208; x_wconf 93' lang='lat' dir='ltr'><strong>non</strong></span> <span class='ocrx_word' id='word_1_501' title='bbox 1415 4151 1497 4208; x_wconf 90' lang='lat' dir='ltr'><strong>ante</strong></span> <span class='ocrx_word' id='word_1_502' title='bbox 1512 4135 1802 4260; x_wconf 59' lang='lat' dir='ltr'><strong>⁰⁶⁰⁸ssi⁰¹¹f⁵5³¹</strong></span> <span class='ocrx_word' id='word_1_503' title='bbox 1821 4164 1927 4259; x_wconf 70' lang='lat' dir='ltr'><strong>quarn</strong></span> <span class='ocrx_word' id='word_1_504' title='bbox 1945 4136 2113 4209; x_wconf 84' lang='lat' dir='ltr'><strong>humrlra-</strong></span> 
     </span>
     <span class='ocr_line' id='line_1_54' title="bbox 95 4237 2112 4362; baseline -0.018 -21"><span class='ocrx_word' id='word_1_505' title='bbox 95 4271 215 4341; x_wconf 87' lang='lat' dir='ltr'><strong>nudus</strong></span> <span class='ocrx_word' id='word_1_506' title='bbox 237 4290 357 4342; x_wconf 86' lang='lat' dir='ltr'><strong>essem.</strong></span> <span class='ocrx_word' id='word_1_507' title='bbox 408 4266 493 4339; x_wconf 83' lang='lat' dir='ltr'><strong>Fuit</strong></span> <span class='ocrx_word' id='word_1_508' title='bbox 514 4266 634 4362; x_wconf 84' lang='lat' dir='ltr'><strong>itaque</strong></span> <span class='ocrx_word' id='word_1_509' title='bbox 662 4261 748 4336; x_wconf 88' lang='lat' dir='ltr'><strong>haec</strong></span> <span class='ocrx_word' id='word_1_510' title='bbox 768 4256 950 4337; x_wconf 76' lang='lat' dir='ltr'><strong>faciendae</strong></span> <span class='ocrx_word' id='word_1_511' title='bbox 971 4269 1078 4340; x_wconf 85' lang='lat' dir='ltr'><strong>vestis</strong></span> <span class='ocrx_word' id='word_1_512' title='bbox 1129 4247 1197 4355; x_wconf 54' lang='lat'><strong>*2⁸2</strong></span> <span class='ocrx_word' id='word_1_513' title='bbox 1222 4238 1420 4356; x_wconf 56' lang='lat' dir='ltr'><strong>³de⁰fl²¹¹l</strong></span> <span class='ocrx_word' id='word_1_514' title='bbox 1443 4240 1539 4359; x_wconf 45' lang='lat'><strong>§⁰¹¹³</strong></span> <span class='ocrx_word' id='word_1_515' title='bbox 1554 4237 1623 4312; x_wconf 77' lang='lat' dir='ltr'><strong>De¹</strong></span> <span class='ocrx_word' id='word_1_516' title='bbox 1647 4256 1785 4313; x_wconf 80' lang='lat' dir='ltr'><strong>susurra</strong></span> <span class='ocrx_word' id='word_1_517' title='bbox 1811 4257 1845 4313; x_wconf 90' lang='lat' dir='ltr'><strong>et</strong></span> <span class='ocrx_word' id='word_1_518' title='bbox 1866 4254 1938 4310; x_wconf 77' lang='lat' dir='ltr'><strong>vita</strong></span> <span class='ocrx_word' id='word_1_519' title='bbox 1961 4241 2112 4331; x_wconf 81' lang='lat' dir='ltr'><strong>abscon.</strong></span> 
     </span>
     <span class='ocr_line' id='line_1_55' title="bbox 96 4336 2111 4467; baseline -0.019 -23"><span class='ocrx_word' id='word_1_520' title='bbox 96 4392 217 4455; x_wconf 84' lang='lat' dir='ltr'><strong>eausa,</strong></span> <span class='ocrx_word' id='word_1_521' title='bbox 240 4383 282 4441; x_wconf 90' lang='grc' dir='ltr'><strong>ιιι</strong></span> <span class='ocrx_word' id='word_1_522' title='bbox 297 4382 476 4467; x_wconf 84' lang='lat' dir='ltr'><strong>tegeretur</strong></span> <span class='ocrx_word' id='word_1_523' title='bbox 491 4365 590 4440; x_wconf 86' lang='lat' dir='ltr'><strong>Adae</strong></span> <span class='ocrx_word' id='word_1_524' title='bbox 605 4368 759 4455; x_wconf 87' lang='lat' dir='ltr'><strong>nuditas,</strong></span> <span class='ocrx_word' id='word_1_525' title='bbox 782 4363 850 4438; x_wconf 90' lang='lat' dir='ltr'><strong>hoc</strong></span> <span class='ocrx_word' id='word_1_526' title='bbox 865 4381 934 4450; x_wconf 90' lang='lat' dir='ltr'><strong>est,</strong></span> <span class='ocrx_word' id='word_1_527' title='bbox 960 4370 1078 4462; x_wconf 88' lang='lat' dir='ltr'><strong>turpi·</strong></span> <span class='ocrx_word' id='word_1_528' title='bbox 1128 4337 1203 4406; x_wconf 65' lang='lat'>‘¹¹²⁸</span> <span class='ocrx_word' id='word_1_529' title='bbox 1222 4336 1347 4408; x_wconf 73' lang='lat' dir='ltr'><strong>f⁰¹¹¹¹¹⁵</strong></span> <span class='ocrx_word' id='word_1_530' title='bbox 1362 4362 1477 4410; x_wconf 63' lang='lat' dir='ltr'><strong>‘mm‘</strong></span> <span class='ocrx_word' id='word_1_531' title='bbox 1493 4343 1705 4417; x_wconf 65' lang='lat' dir='ltr'><strong>‘eu-mortis.</strong></span> <span class='ocrx_word' id='word_1_532' title='bbox 1753 4338 1803 4412; x_wconf 83' lang='lat' dir='ltr'><strong>Et</strong></span> <span class='ocrx_word' id='word_1_533' title='bbox 1817 4336 1885 4412; x_wconf 85' lang='lat' dir='ltr'><strong>hoc</strong></span> <span class='ocrx_word' id='word_1_534' title='bbox 1902 4353 1952 4411; x_wconf 91' lang='lat' dir='ltr'><strong>est</strong></span> <span class='ocrx_word' id='word_1_535' title='bbox 1968 4364 2031 4411; x_wconf 87' lang='lat' dir='ltr'><strong>cnr</strong></span> <span class='ocrx_word' id='word_1_536' title='bbox 2046 4341 2111 4411; x_wconf 81' lang='lat' dir='ltr'><strong>cii.</strong></span> 
     </span>
    </p>
   </div>
   <div class='ocr_carea' id='block_1_14' title="bbox 96 4434 2110 4563">
    <p class='ocr_par' dir='ltr' id='par_1_18' title="bbox 96 4434 2110 4563">
     <span class='ocr_line' id='line_1_56' title="bbox 96 4434 2110 4563; baseline -0.004 -18"><span class='ocrx_word' id='word_1_537' title='bbox 96 4475 199 4546; x_wconf 89' lang='lat' dir='ltr'><strong>tudo:</strong></span> <span class='ocrx_word' id='word_1_538' title='bbox 227 4494 309 4540; x_wconf 90' lang='lat' dir='ltr'><strong>nam</strong></span> <span class='ocrx_word' id='word_1_539' title='bbox 332 4468 417 4541; x_wconf 91' lang='lat' dir='ltr'><strong>haec</strong></span> <span class='ocrx_word' id='word_1_540' title='bbox 438 4470 582 4541; x_wconf 89' lang='lat' dir='ltr'><strong>nuditas</strong></span> <span class='ocrx_word' id='word_1_541' title='bbox 604 4482 673 4556; x_wconf 91' lang='lat' dir='ltr'><strong>est,</strong></span> <span class='ocrx_word' id='word_1_542' title='bbox 695 4471 796 4542; x_wconf 84' lang='lat' dir='ltr'><strong>cuius</strong></span> <span class='ocrx_word' id='word_1_543' title='bbox 817 4472 927 4563; x_wconf 88' lang='lat' dir='ltr'><strong>pudet</strong></span> <span class='ocrx_word' id='word_1_544' title='bbox 948 4467 1076 4545; x_wconf 89' lang='lat' dir='ltr'><strong>Adam.</strong></span> <span class='ocrx_word' id='word_1_545' title='bbox 1127 4449 1241 4509; x_wconf 66' lang='lat'><strong>‘¹³¹⁰‘</strong></span> <span class='ocrx_word' id='word_1_546' title='bbox 1268 4434 1408 4520; x_wconf 46' lang='lat' dir='ltr'><strong>‘idm‘</strong></span> <span class='ocrx_word' id='word_1_547' title='bbox 1449 4454 1485 4512; x_wconf 71' lang='lat'><strong>⁰¹</strong></span> <span class='ocrx_word' id='word_1_548' title='bbox 1519 4442 1710 4514; x_wconf 59' lang='lat' dir='ltr'><strong>⁰bil⁶i³¹¹¹f</strong></span> <span class='ocrx_word' id='word_1_549' title='bbox 1740 4443 1865 4523; x_wconf 40' lang='lat' dir='ltr'><strong>“¹⁰¹²ss</strong></span> <span class='ocrx_word' id='word_1_550' title='bbox 1906 4466 2110 4539; x_wconf 60' lang='lat' dir='ltr'>quanquam</span> 
     </span>
    </p>
   </div>
   <div class='ocr_carea' id='block_1_15' title="bbox 96 4537 2110 5491">
    <p class='ocr_par' dir='ltr' id='par_1_19' title="bbox 96 4537 1603 4663">
     <span class='ocr_line' id='line_1_57' title="bbox 96 4537 1603 4663; baseline -0.003 -18"><span class='ocrx_word' id='word_1_551' title='bbox 96 4572 251 4645; x_wconf 87' lang='lat' dir='ltr'><strong>Proinde</strong></span> <span class='ocrx_word' id='word_1_552' title='bbox 266 4596 345 4642; x_wconf 88' lang='lat' dir='ltr'><strong>cum</strong></span> <span class='ocrx_word' id='word_1_553' title='bbox 361 4573 492 4663; x_wconf 80' lang='lat' dir='ltr'><strong>tegitur</strong></span> <span class='ocrx_word' id='word_1_554' title='bbox 506 4586 618 4656; x_wconf 87' lang='lat' dir='ltr'><strong>veste,</strong></span> <span class='ocrx_word' id='word_1_555' title='bbox 643 4572 872 4643; x_wconf 84' lang='lat' dir='ltr'><strong>confirmatur</strong></span> <span class='ocrx_word' id='word_1_556' title='bbox 893 4573 968 4643; x_wconf 87' lang='lat' dir='ltr'><strong>eius</strong></span> <span class='ocrx_word' id='word_1_557' title='bbox 991 4596 1077 4644; x_wconf 90' lang='lat' dir='ltr'><strong>con·</strong></span> <span class='ocrx_word' id='word_1_558' title='bbox 1127 4537 1266 4632; x_wconf 56' lang='lat' dir='ltr'><strong>spiritu</strong></span> <span class='ocrx_word' id='word_1_559' title='bbox 1281 4541 1479 4659; x_wconf 61' lang='lat' dir='ltr'><strong>Vilifimffi</strong></span> <span class='ocrx_word' id='word_1_560' title='bbox 1492 4543 1549 4616; x_wconf 50' lang='grc' dir='ltr'><strong>δὴ·</strong></span> <span class='ocrx_word' id='word_1_561' title='bbox 1602 4585 1603 4588; x_wconf 75' lang='grc'>’</span> 
     </span>
    </p>

    <p class='ocr_par' dir='ltr' id='par_1_20' title="bbox 96 4671 1077 4767">
     <span class='ocr_line' id='line_1_58' title="bbox 96 4671 1077 4767; baseline -0.003 -19"><span class='ocrx_word' id='word_1_562' title='bbox 96 4674 239 4748; x_wconf 86' lang='lat' dir='ltr'><strong>scientia</strong></span> <span class='ocrx_word' id='word_1_563' title='bbox 264 4697 285 4744; x_wconf 90' lang='lat' dir='ltr'><strong>a</strong></span> <span class='ocrx_word' id='word_1_564' title='bbox 307 4671 404 4759; x_wconf 89' lang='lat' dir='ltr'><strong>Deo,</strong></span> <span class='ocrx_word' id='word_1_565' title='bbox 434 4687 474 4744; x_wconf 87' lang='lat' dir='ltr'><strong>ut</strong></span> <span class='ocrx_word' id='word_1_566' title='bbox 498 4674 671 4745; x_wconf 86' lang='lat' dir='ltr'><strong>sustinere</strong></span> <span class='ocrx_word' id='word_1_567' title='bbox 695 4674 770 4743; x_wconf 88' lang='lat' dir='ltr'><strong>eius</strong></span> <span class='ocrx_word' id='word_1_568' title='bbox 792 4687 1017 4767; x_wconf 87' lang='lat' dir='ltr'><strong>conspectum</strong></span> <span class='ocrx_word' id='word_1_569' title='bbox 1043 4687 1077 4745; x_wconf 92' lang='lat' dir='ltr'><strong>et</strong></span> 
     </span>
    </p>

    <p class='ocr_par' dir='ltr' id='par_1_21' title="bbox 96 4747 2110 5491">
     <span class='ocr_line' id='line_1_59' title="bbox 96 4747 1942 4867; baseline -0.001 -21"><span class='ocrx_word' id='word_1_570' title='bbox 96 4800 218 4848; x_wconf 81' lang='lat' dir='ltr'><strong>rocem</strong></span> <span class='ocrx_word' id='word_1_571' title='bbox 235 4775 353 4867; x_wconf 86' lang='lat' dir='ltr'><strong>possit.</strong></span> <span class='ocrx_word' id='word_1_572' title='bbox 397 4773 516 4844; x_wconf 90' lang='lat' dir='ltr'><strong>Nullis</strong></span> <span class='ocrx_word' id='word_1_573' title='bbox 531 4769 697 4844; x_wconf 89' lang='lat' dir='ltr'><strong>humanis</strong></span> <span class='ocrx_word' id='word_1_574' title='bbox 711 4774 879 4866; x_wconf 89' lang='lat' dir='ltr'><strong>operibus</strong></span> <span class='ocrx_word' id='word_1_575' title='bbox 895 4788 957 4845; x_wconf 89' lang='lat' dir='ltr'><strong>aut</strong></span> <span class='ocrx_word' id='word_1_576' title='bbox 975 4776 1076 4845; x_wconf 87' lang='lat' dir='ltr'><strong>satis-</strong></span> <span class='ocrx_word' id='word_1_577' title='bbox 1188 4819 1189 4822; x_wconf 60' lang='lat'><em>=</em></span> <span class='ocrx_word' id='word_1_578' title='bbox 1295 4749 1343 4817; x_wconf 60' lang='lat' dir='ltr'><strong>Ei</strong></span> <span class='ocrx_word' id='word_1_579' title='bbox 1369 4747 1558 4820; x_wconf 57' lang='lat' dir='ltr'><strong>⁶⁰u⁰⁰⁶⁸⁰⁸⁶i</strong></span> <span class='ocrx_word' id='word_1_580' title='bbox 1584 4758 1675 4822; x_wconf 60' lang='lat'><strong>“7⁸²0</strong></span> <span class='ocrx_word' id='word_1_581' title='bbox 1700 4749 1942 4824; x_wconf 52' lang='lat' dir='ltr'><strong>pandim-</strong></span> 
     </span>
     <span class='ocr_line' id='line_1_60' title="bbox 96 4873 2110 4976; baseline 0.004 -27"><span class='ocrx_word' id='word_1_582' title='bbox 96 4876 307 4950; x_wconf 83' lang='lat' dir='ltr'><strong>factionibus</strong></span> <span class='ocrx_word' id='word_1_583' title='bbox 321 4877 392 4967; x_wconf 80' lang='lat' dir='ltr'><strong>tegi</strong></span> <span class='ocrx_word' id='word_1_584' title='bbox 407 4891 545 4966; x_wconf 89' lang='lat' dir='ltr'><strong>peccata</strong></span> <span class='ocrx_word' id='word_1_585' title='bbox 562 4890 681 4946; x_wconf 88' lang='lat' dir='ltr'><strong>nostra</strong></span> <span class='ocrx_word' id='word_1_586' title='bbox 698 4887 856 4966; x_wconf 87' lang='lat' dir='ltr'><strong>possunt.</strong></span> <span class='ocrx_word' id='word_1_587' title='bbox 890 4873 1077 4966; x_wconf 80' lang='lat' dir='ltr'><strong>Teguntur</strong></span> <span class='ocrx_word' id='word_1_588' title='bbox 1126 4942 1128 4946; x_wconf 76' lang='lat'><em>.</em></span> <span class='ocrx_word' id='word_1_589' title='bbox 1176 4945 1180 4961; x_wconf 62' lang='grc'><strong>,</strong></span> <span class='ocrx_word' id='word_1_590' title='bbox 1228 4875 1313 4948; x_wconf 81' lang='lat' dir='ltr'><strong>Diri</strong></span> <span class='ocrx_word' id='word_1_591' title='bbox 1329 4902 1434 4972; x_wconf 88' lang='lat' dir='ltr'><strong>supra</strong></span> <span class='ocrx_word' id='word_1_592' title='bbox 1450 4877 1610 4954; x_wconf 89' lang='lat' dir='ltr'><strong>hocloco</strong></span> <span class='ocrx_word' id='word_1_593' title='bbox 1626 4909 1682 4955; x_wconf 91' lang='lat' dir='ltr'><strong>me</strong></span> <span class='ocrx_word' id='word_1_594' title='bbox 1699 4886 1793 4976; x_wconf 80' lang='lat' dir='ltr'><strong>cogi,</strong></span> <span class='ocrx_word' id='word_1_595' title='bbox 1819 4901 1860 4958; x_wconf 93' lang='lat' dir='ltr'><strong>ut</strong></span> <span class='ocrx_word' id='word_1_596' title='bbox 1876 4887 2024 4958; x_wconf 89' lang='lat' dir='ltr'><strong>sentiam</strong></span> <span class='ocrx_word' id='word_1_597' title='bbox 2042 4886 2110 4958; x_wconf 89' lang='lat' dir='ltr'><strong>Pa-</strong></span> 
     </span>
     <span class='ocr_line' id='line_1_61' title="bbox 96 4975 2107 5082; baseline 0.003 -29"><span class='ocrx_word' id='word_1_598' title='bbox 96 4991 212 5053; x_wconf 86' lang='lat' dir='ltr'><strong>eutem</strong></span> <span class='ocrx_word' id='word_1_599' title='bbox 236 4977 305 5047; x_wconf 90' lang='lat' dir='ltr'><strong>lide</strong></span> <span class='ocrx_word' id='word_1_600' title='bbox 319 4978 420 5048; x_wconf 89' lang='lat' dir='ltr'><strong>verbi</strong></span> <span class='ocrx_word' id='word_1_601' title='bbox 437 4975 521 5057; x_wconf 88' lang='lat' dir='ltr'><strong>Dei,</strong></span> <span class='ocrx_word' id='word_1_602' title='bbox 548 4977 644 5048; x_wconf 82' lang='lat' dir='ltr'><strong>iuxta</strong></span> <span class='ocrx_word' id='word_1_603' title='bbox 666 4976 774 5047; x_wconf 91' lang='lat' dir='ltr'><strong>illud:</strong></span> <span class='ocrx_word' id='word_1_604' title='bbox 800 4975 901 5048; x_wconf 87' lang='lat' dir='ltr'><strong>Beati</strong></span> <span class='ocrx_word' id='word_1_605' title='bbox 923 5001 1075 5071; x_wconf 87' lang='lat' dir='ltr'><strong>quorum</strong></span> <span class='ocrx_word' id='word_1_606' title='bbox 1126 4979 1285 5051; x_wconf 78' lang='lat' dir='ltr'><strong>raditum</strong></span> <span class='ocrx_word' id='word_1_607' title='bbox 1305 5003 1376 5054; x_wconf 90' lang='lat' dir='ltr'><strong>esse</strong></span> <span class='ocrx_word' id='word_1_608' title='bbox 1394 4985 1608 5075; x_wconf 89' lang='lat' dir='ltr'><strong>peculiarem</strong></span> <span class='ocrx_word' id='word_1_609' title='bbox 1622 4990 1799 5082; x_wconf 88' lang='lat' dir='ltr'><strong>quendam</strong></span> <span class='ocrx_word' id='word_1_610' title='bbox 1814 4988 1932 5059; x_wconf 90' lang='lat' dir='ltr'><strong>locum</strong></span> <span class='ocrx_word' id='word_1_611' title='bbox 1949 4989 1990 5057; x_wconf 93' lang='lat' dir='ltr'><strong>in</strong></span> <span class='ocrx_word' id='word_1_612' title='bbox 2004 5003 2107 5075; x_wconf 88' lang='lat' dir='ltr'><strong>terra,</strong></span> 
     </span>
     <span class='ocr_line' id='line_1_62' title="bbox 96 5073 2107 5185; baseline 0.002 -31"><span class='ocrx_word' id='word_1_613' title='bbox 96 5093 184 5155; x_wconf 84' lang='lat' dir='ltr'><strong>tecta</strong></span> <span class='ocrx_word' id='word_1_614' title='bbox 199 5091 284 5149; x_wconf 92' lang='lat' dir='ltr'><strong>suut</strong></span> <span class='ocrx_word' id='word_1_615' title='bbox 299 5091 453 5170; x_wconf 88' lang='lat' dir='ltr'><strong>peccata.</strong></span> <span class='ocrx_word' id='word_1_616' title='bbox 504 5076 594 5146; x_wconf 90' lang='lat' dir='ltr'><strong>Nam</strong></span> <span class='ocrx_word' id='word_1_617' title='bbox 612 5077 744 5149; x_wconf 90' lang='lat' dir='ltr'><strong>iudicio</strong></span> <span class='ocrx_word' id='word_1_618' title='bbox 761 5078 828 5150; x_wconf 91' lang='lat' dir='ltr'><strong>Dei</strong></span> <span class='ocrx_word' id='word_1_619' title='bbox 852 5073 943 5147; x_wconf 85' lang='lat' dir='ltr'><strong>nihil</strong></span> <span class='ocrx_word' id='word_1_620' title='bbox 964 5103 1077 5171; x_wconf 92' lang='lat' dir='ltr'><strong>oppo-</strong></span> <span class='ocrx_word' id='word_1_621' title='bbox 1125 5103 1145 5151; x_wconf 83' lang='lat' dir='ltr'><strong>a</strong></span> <span class='ocrx_word' id='word_1_622' title='bbox 1167 5104 1236 5175; x_wconf 89' lang='lat' dir='ltr'><strong>qua</strong></span> <span class='ocrx_word' id='word_1_623' title='bbox 1260 5081 1483 5174; x_wconf 89' lang='lat' dir='ltr'><strong>simplicitate</strong></span> <span class='ocrx_word' id='word_1_624' title='bbox 1505 5101 1621 5164; x_wconf 82' lang='lat' dir='ltr'><strong>textus</strong></span> <span class='ocrx_word' id='word_1_625' title='bbox 1641 5113 1716 5159; x_wconf 89' lang='lat' dir='ltr'><strong>non</strong></span> <span class='ocrx_word' id='word_1_626' title='bbox 1736 5091 1839 5161; x_wconf 88' lang='lat' dir='ltr'><strong>facile</strong></span> <span class='ocrx_word' id='word_1_627' title='bbox 1856 5090 2020 5175; x_wconf 80' lang='lat' dir='ltr'><strong>discedo,</strong></span> <span class='ocrx_word' id='word_1_628' title='bbox 2045 5092 2107 5185; x_wconf 90' lang='lat' dir='ltr'><strong>qui</strong></span> 
     </span>
     <span class='ocr_line' id='line_1_63' title="bbox 96 5177 2108 5300; baseline 0.004 -46"><span class='ocrx_word' id='word_1_629' title='bbox 96 5204 176 5265; x_wconf 86' lang='lat' dir='ltr'><strong>nas,</strong></span> <span class='ocrx_word' id='word_1_630' title='bbox 202 5193 342 5272; x_wconf 88' lang='lat' dir='ltr'><strong>praeter</strong></span> <span class='ocrx_word' id='word_1_631' title='bbox 357 5181 505 5251; x_wconf 88' lang='lat' dir='ltr'><strong>verbum</strong></span> <span class='ocrx_word' id='word_1_632' title='bbox 526 5180 622 5261; x_wconf 87' lang='lat' dir='ltr'><strong>eius,</strong></span> <span class='ocrx_word' id='word_1_633' title='bbox 648 5205 719 5274; x_wconf 89' lang='lat' dir='ltr'><strong>quo</strong></span> <span class='ocrx_word' id='word_1_634' title='bbox 742 5181 840 5251; x_wconf 88' lang='lat' dir='ltr'><strong>velut</strong></span> <span class='ocrx_word' id='word_1_635' title='bbox 863 5181 1076 5273; x_wconf 89' lang='lat' dir='ltr'><strong>propiciato·</strong></span> <span class='ocrx_word' id='word_1_636' title='bbox 1099 5226 1103 5300; x_wconf 52' lang='lat' dir='ltr'><strong>p</strong></span> <span class='ocrx_word' id='word_1_637' title='bbox 1126 5183 1222 5254; x_wconf 89' lang='lat' dir='ltr'><strong>volet</strong></span> <span class='ocrx_word' id='word_1_638' title='bbox 1236 5177 1324 5254; x_wconf 86' lang='lat' dir='ltr'><strong>haec</strong></span> <span class='ocrx_word' id='word_1_639' title='bbox 1339 5187 1512 5258; x_wconf 85' lang='lat' dir='ltr'><strong>curiosius</strong></span> <span class='ocrx_word' id='word_1_640' title='bbox 1527 5191 1707 5284; x_wconf 88' lang='lat' dir='ltr'><strong>persequi,</strong></span> <span class='ocrx_word' id='word_1_641' title='bbox 1731 5192 1761 5262; x_wconf 92' lang='lat' dir='ltr'><strong>is</strong></span> <span class='ocrx_word' id='word_1_642' title='bbox 1775 5192 1861 5262; x_wconf 90' lang='lat' dir='ltr'><strong>sciat</strong></span> <span class='ocrx_word' id='word_1_643' title='bbox 1875 5193 2007 5263; x_wconf 86' lang='lat' dir='ltr'><strong>incerta</strong></span> <span class='ocrx_word' id='word_1_644' title='bbox 2025 5215 2108 5278; x_wconf 88' lang='lat' dir='ltr'><strong>csse,</strong></span> 
     </span>
     <span class='ocr_line' id='line_1_64' title="bbox 96 5280 2108 5424; baseline 0.003 -68"><span class='ocrx_word' id='word_1_645' title='bbox 96 5286 147 5356; x_wconf 87' lang='lat' dir='ltr'><strong>rio</strong></span> <span class='ocrx_word' id='word_1_646' title='bbox 163 5283 338 5372; x_wconf 74' lang='lat' dir='ltr'><strong>tegimur,</strong></span> <span class='ocrx_word' id='word_1_647' title='bbox 364 5305 410 5352; x_wconf 90' lang='lat' dir='ltr'><strong>ne</strong></span> <span class='ocrx_word' id='word_1_648' title='bbox 426 5280 539 5371; x_wconf 75' lang='lat' dir='ltr'><strong>gloria</strong></span> <span class='ocrx_word' id='word_1_649' title='bbox 555 5305 618 5352; x_wconf 92' lang='lat' dir='ltr'><strong>seu</strong></span> <span class='ocrx_word' id='word_1_650' title='bbox 635 5281 793 5353; x_wconf 87' lang='lat' dir='ltr'><strong>claritate</strong></span> <span class='ocrx_word' id='word_1_651' title='bbox 805 5280 872 5352; x_wconf 90' lang='lat' dir='ltr'><strong>Dei</strong></span> <span class='ocrx_word' id='word_1_652' title='bbox 889 5284 1077 5353; x_wconf 85' lang='lat' dir='ltr'><strong>consuma-</strong></span> <span class='ocrx_word' id='word_1_653' title='bbox 1098 5314 1102 5424; x_wconf 67' lang='grc' dir='ltr'>Ι</span> <span class='ocrx_word' id='word_1_654' title='bbox 1126 5307 1214 5377; x_wconf 84' lang='lat' dir='ltr'><strong>quae</strong></span> <span class='ocrx_word' id='word_1_655' title='bbox 1246 5285 1416 5377; x_wconf 85' lang='lat' dir='ltr'><strong>scriptura</strong></span> <span class='ocrx_word' id='word_1_656' title='bbox 1445 5312 1520 5358; x_wconf 93' lang='lat' dir='ltr'><strong>non</strong></span> <span class='ocrx_word' id='word_1_657' title='bbox 1549 5293 1670 5377; x_wconf 88' lang='lat' dir='ltr'><strong>docet,</strong></span> <span class='ocrx_word' id='word_1_658' title='bbox 1701 5305 1735 5362; x_wconf 90' lang='lat' dir='ltr'><strong>et</strong></span> <span class='ocrx_word' id='word_1_659' title='bbox 1765 5294 1871 5362; x_wconf 90' lang='lat' dir='ltr'><strong>nubis</strong></span> <span class='ocrx_word' id='word_1_660' title='bbox 1892 5295 1931 5362; x_wconf 93' lang='lat' dir='ltr'><strong>in</strong></span> <span class='ocrx_word' id='word_1_661' title='bbox 1952 5295 1996 5363; x_wconf 89' lang='lat' dir='ltr'><strong>iis</strong></span> <span class='ocrx_word' id='word_1_662' title='bbox 2020 5295 2108 5365; x_wconf 90' lang='lat' dir='ltr'><strong>locis</strong></span> 
     </span>
     <span class='ocr_line' id='line_1_65' title="bbox 96 5381 2107 5491; baseline 0.005 -35"><span class='ocrx_word' id='word_1_663' title='bbox 96 5409 184 5459; x_wconf 88' lang='lat' dir='ltr'><strong>mur.</strong></span> <span class='ocrx_word' id='word_1_664' title='bbox 223 5381 387 5455; x_wconf 85' lang='lat' dir='ltr'><strong>Primum</strong></span> <span class='ocrx_word' id='word_1_665' title='bbox 401 5407 485 5476; x_wconf 73' lang='lat' dir='ltr'><strong>ergo</strong></span> <span class='ocrx_word' id='word_1_666' title='bbox 506 5383 638 5476; x_wconf 73' lang='lat' dir='ltr'><strong>tegitur</strong></span> <span class='ocrx_word' id='word_1_667' title='bbox 657 5382 758 5456; x_wconf 80' lang='lat' dir='ltr'><strong>Adae</strong></span> <span class='ocrx_word' id='word_1_668' title='bbox 779 5383 923 5463; x_wconf 85' lang='lat' dir='ltr'><strong>nuditas</strong></span> <span class='ocrx_word' id='word_1_669' title='bbox 945 5407 967 5454; x_wconf 86' lang='lat' dir='ltr'><strong>e</strong></span> <span class='ocrx_word' id='word_1_670' title='bbox 988 5381 1077 5466; x_wconf 89' lang='lat' dir='ltr'><strong>Deo,</strong></span> <span class='ocrx_word' id='word_1_671' title='bbox 1098 5426 1103 5467; x_wconf 55' lang='grc' dir='ltr'><strong>ι</strong></span> <span class='ocrx_word' id='word_1_672' title='bbox 1125 5384 1244 5477; x_wconf 85' lang='lat' dir='ltr'><strong>potius</strong></span> <span class='ocrx_word' id='word_1_673' title='bbox 1264 5385 1529 5462; x_wconf 89' lang='lat' dir='ltr'><strong>immorandum</strong></span> <span class='ocrx_word' id='word_1_674' title='bbox 1551 5415 1642 5481; x_wconf 86' lang='lat' dir='ltr'><strong>esse,</strong></span> <span class='ocrx_word' id='word_1_675' title='bbox 1666 5393 1729 5491; x_wconf 88' lang='lat' dir='ltr'><strong>qui</strong></span> <span class='ocrx_word' id='word_1_676' title='bbox 1750 5395 1855 5464; x_wconf 86' lang='lat' dir='ltr'><strong>fidem</strong></span> <span class='ocrx_word' id='word_1_677' title='bbox 1876 5407 1913 5465; x_wconf 82' lang='lat' dir='ltr'><strong>et</strong></span> <span class='ocrx_word' id='word_1_678' title='bbox 1928 5395 2107 5469; x_wconf 86' lang='lat' dir='ltr'><strong>caritatem</strong></span> 
     </span>
    </p>
   </div>
   <div class='ocr_carea' id='block_1_16' title="bbox 0 0 2274 5748">
    <p class='ocr_par' dir='ltr' id='par_1_22' title="bbox 0 0 2274 5748">
     <span class='ocr_line' id='line_1_66' title="bbox 0 0 2274 5748; baseline 0 0"><span class='ocrx_word' id='word_1_679' title='bbox 0 0 2274 5748; x_wconf 95' lang='lat' dir='ltr'><strong> </strong></span> 
     </span>
    </p>
   </div>
   <div class='ocr_carea' id='block_1_17' title="bbox 1130 3388 2242 3464">
    <p class='ocr_par' dir='ltr' id='par_1_23' title="bbox 1130 3388 2242 3464">
     <span class='ocr_line' id='line_1_67' title="bbox 1130 3388 2242 3464; baseline 0.002 -3"><span class='ocrx_word' id='word_1_680' title='bbox 1130 3408 1166 3463; x_wconf 91' lang='lat' dir='ltr'><strong>et</strong></span> <span class='ocrx_word' id='word_1_681' title='bbox 1195 3394 1336 3462; x_wconf 86' lang='lat' dir='ltr'><strong>mortis:</strong></span> <span class='ocrx_word' id='word_1_682' title='bbox 1370 3393 1502 3464; x_wconf 90' lang='lat' dir='ltr'><strong>crimus</strong></span> <span class='ocrx_word' id='word_1_683' title='bbox 1531 3395 1626 3462; x_wconf 92' lang='lat' dir='ltr'><strong>cuim</strong></span> <span class='ocrx_word' id='word_1_684' title='bbox 1658 3395 1792 3464; x_wconf 87' lang='lat' dir='ltr'><strong>similes</strong></span> <span class='ocrx_word' id='word_1_685' title='bbox 1813 3391 1884 3464; x_wconf 89' lang='lat' dir='ltr'><strong>Dei</strong></span> <span class='ocrx_word' id='word_1_686' title='bbox 1906 3394 1944 3462; x_wconf 94' lang='lat' dir='ltr'><strong>in</strong></span> <span class='ocrx_word' id='word_1_687' title='bbox 1967 3388 2112 3463; x_wconf 88' lang='lat' dir='ltr'><strong>Christo</strong></span> <span class='ocrx_word' id='word_1_688' title='bbox 2240 3448 2242 3463; x_wconf 86' lang='lat'>.</span> 
     </span>
    </p>
   </div>
  </div>
 </body>
</html>
