4538 5754
39 144 44 157 ’
147 200 217 272 ror

563 364 714 437 Aliud.

390 190 600 270 SCRIPTA
628 193 702 264 PH.
731 190 848 271 MEL.
875 195 942 269 AD
969 199 1097 303 ΗΙὸΤ.Ι
1123 201 1267 280 PROF.
1293 205 1359 280 ET
1387 210 1577 286 PHlLOS.
1604 214 1932 295 SPECTANTIA.

2097 229 2167 302 732

1149 384 1161 449 ‘t
1183 399 1265 445 nem
1290 381 1528 453 dulcissimam
1545 387 1717 460 continet:
1743 387 1855 463 Docet
1870 397 2029 465 membra
2046 392 2164 467 Eccle-

250 481 445 582 pyrrhonii
476 507 542 575 pm
572 507 609 553 se
639 486 793 557 citarum
824 487 957 559 dicrum
985 487 1133 562 Homeri
1157 462 1161 530 l
1183 476 1254 548 siae
1285 505 1359 551 esse
1386 509 1463 570 eos,
1496 489 1557 581 qui
1585 515 1704 559 veram
1726 493 1923 564 doctrinam
1947 498 2163 589 amplectun-

148 587 349 688 (Odysseae
364 583 534 672 XVlll.):

101 721 105 726 ·
221 696 307 761 Talis
321 711 406 758 mens
421 695 580 757 hominum
596 707 657 773 cst,
683 699 780 778 qualis
794 697 916 760 fortuna
931 702 1057 783 dierum,

222 798 326 880 Quom
343 801 435 861 variis
449 779 565 859 vicibus
581 797 682 857 divina
697 805 832 879 potentia
848 814 945 870 nutat.

195 894 291 985 Ergo
315 919 394 966 cum
419 917 519 962 mens
542 893 630 962 alias
650 893 754 965 aliter
772 918 813 965 se
835 891 983 984 haheat,
1009 901 1128 970 omnia

144 999 277 1069 iudicia
302 1009 385 1067 sunt
408 994 644 1071 inconstantia
668 1008 701 1064 et
723 996 867 1071 incerta.
926 1000 994 1071 Sed
1020 1003 1128 1071 nimis

119 1099 123 1105 ⁴
143 1100 267 1193 procul
289 1101 468 1169 detortum
490 1111 541 1166 est
557 1095 707 1166 Homeri
733 1099 866 1167 dictum
883 1125 901 1169 a
917 1099 1127 1196 Pyrrhoniis

142 1205 188 1272 ad
213 1222 336 1270 omnes
359 1197 520 1270 noticias.
571 1195 750 1268 Homerus
767 1200 863 1270 enim
880 1227 953 1272 non
969 1209 1014 1274 de
1030 1207 1126 1276 noti-

141 1306 204 1373 ciis
232 1315 292 1371 aut
312 1299 447 1370 iudicio
470 1300 645 1392 loquitur,
685 1315 718 1369 et
741 1317 834 1372 certe
855 1308 1124 1395 speculabilium

97 1404 98 1407 ’
140 1402 295 1474 hicnon
316 1402 401 1472 facit
424 1404 653 1473 mentionem.
705 1400 745 1470 ld
769 1417 838 1484 est,
871 1431 943 1476 non
966 1409 1126 1500 loquitur

142 1510 186 1576 de
215 1503 437 1594 geometricis
461 1518 522 1573 aut
545 1498 777 1572 arithmeticis
800 1507 985 1599 principiis
1006 1525 1040 1579 et
1063 1514 1123 1580 de-

25 1695 30 1702 ,
140 1605 478 1688 monstrationibus,
512 1606 571 1674 sed
598 1607 642 1673 de
667 1605 869 1692 affectibus,
895 1611 956 1702 qui
982 1613 1124 1681 varian.

138 1724 199 1780 tur
223 1709 443 1778 obiectorum
466 1707 643 1777 varietate.
694 1703 828 1776 Dolore
850 1711 1000 1782 allicitur
1016 1711 1123 1784 Pom·

138 1813 238 1903 peius
260 1812 298 1878 in
323 1810 417 1897 suga.
469 1803 571 1876 Olim
596 1808 632 1873 in
651 1808 810 1878 victoriis
825 1824 859 1880 et
873 1814 980 1883 rebus
994 1838 1123 1886 secun·

137 1914 192 1983 dis
222 1913 431 1982 laetabatur.
492 1907 535 1977 ln
557 1904 614 1977 his
637 1911 804 2000 exemplis
827 1914 970 1984 affectus
991 1918 1121 1986 diversi

136 2028 239 2099 sunt,
264 2025 499 2102 congruentes
521 2011 670 2079 diversis
690 2012 846 2082 obiectis.
899 2014 1037 2087 lnterea
1054 2045 1121 2089 no·

102 2153 111 2164 ·
137 2118 241 2188 ticiae
265 2116 303 2183 in
325 2127 445 2183 mente
468 2136 570 2182 suum
594 2112 711 2181 locum
734 2108 886 2197 hahent,
921 2132 956 2187 et
977 2134 1122 2189 manent

136 2221 276 2288 eadem:
303 2215 366 2285 Bis
385 2211 409 2285 4
427 2229 510 2284 sunt
528 2215 569 2299 8,
607 2211 687 2282 Vita
713 2209 860 2286 honesta
877 2231 911 2286 et
927 2222 1120 2314 tranquilla

134 2335 185 2390 εει
215 2344 270 2389 res
300 2319 414 2400 bona,
447 2315 550 2386 Mors
581 2327 632 2384 est
661 2338 716 2392 res
737 2317 946 2415 mala,etc.
1015 2323 1120 2393 Tales

133 2421 357 2512 corruptelae
381 2418 634 2488 sententiarum
657 2440 821 2487 verarum
846 2423 978 2491 multae
993 2425 1120 2514 legun·

132 2538 211 2608 tur,
237 2546 326 2615 quae
349 2522 530 2589 interdurn
553 2518 590 2585 in
614 2518 699 2586 iocis
721 2543 796 2587 non
819 2536 903 2614 sunt
920 2524 1120 2611 invenuste,

130 2627 192 2692 sed
227 2649 246 2692 a
287 2621 458 2712 religione
490 2635 524 2693 et
560 2619 639 2689 aliis
675 2621 776 2689 seriis
812 2625 968 2712 negociis
988 2652 1118 2697 remo·

127 2741 289 2796 veantur.

544 2894 698 2968 Aliud.

283 3018 321 3090 Si
347 3018 427 3110 quis
448 3014 565 3105 diligit
585 3039 662 3100 me,
689 3038 887 3086 sermonem
908 3044 1026 3089 meum
1042 3043 1116 3089 ser-

336 3120 452 3200 vabit,
479 3131 514 3187 et
528 3115 634 3186 Pater
649 3141 748 3189 meus
761 3120 885 3208 diliget
901 3145 1000 3205 eum,
1026 3137 1090 3193 etc.

281 3220 395 3291 Nemo
424 3232 539 3289 servat
563 3242 761 3288 sermonem
785 3217 868 3306 Dei,
901 3223 982 3314 quia
1010 3245 1114 3291 nemo

334 3323 402 3407 legi
418 3320 596 3402 satisfacit,

281 3418 377 3510 Ergo
396 3444 499 3488 nemo
514 3420 676 3507 diligitur
693 3446 711 3489 a
729 3420 843 3494 Patre.

232 3520 463 3613 Respondeo:
492 3519 697 3591 Videndum
722 3536 773 3592 est
794 3544 921 3613 genus,
948 3527 990 3593 ad
1016 3527 1109 3616 quod

129 3626 282 3719 pertinet
304 3625 435 3708 maior,
468 3621 570 3694 Sitne
591 3649 656 3693 vox
681 3625 785 3714 legis,
819 3640 859 3697 ut
883 3627 964 3696 ista:
997 3625 1113 3696 Male-

130 3730 245 3798 dictus
268 3726 329 3819 qui
354 3749 428 3796 non
450 3740 569 3795 manet
594 3727 631 3794 in
658 3727 843 3807 omnibus,
869 3753 960 3821 quae
983 3731 1111 3820 scripta

128 3827 270 3899 suntin
293 3830 376 3918 lege.
418 3830 476 3898 An
502 3851 586 3898 vero
610 3828 655 3898 sit
677 3831 810 3900 dictum
825 3826 1029 3919 Evangelii,
1056 3830 1112 3898 iu-

127 3932 216 4001 bens
239 3929 401 4021 amplecti
425 3931 622 3998 doctrinam
644 3931 714 4000 tide
731 3946 764 4000 et
780 3932 873 4000 hona
888 3933 1112 4014 conscientia,

126 4033 241 4127 qualis
259 4045 310 4101 est
326 4027 464 4122 phrasis
482 4031 519 4097 in
536 4042 611 4099 toto
629 4029 772 4099 Psalmo
791 4033 893 4103 118.:
925 4031 1111 4103 Custodivi

124 4135 237 4223 legem
262 4146 385 4216 tuam,
403 4148 467 4203 etc.
518 4127 565 4202 Et
589 4134 711 4221 eodem
729 4136 835 4205 modo
854 4136 891 4202 in
907 4135 1110 4204 narratione

125 4239 219 4327 apud
236 4231 433 4305 Iohannem
457 4246 575 4326 postea
592 4235 637 4301 de
653 4230 834 4325 Apostolis
850 4237 999 4305 dicitur:
1027 4234 1109 4307 Ser·
1174 4277 1177 4282 ·

124 4362 267 4406 monem
289 4352 389 4408 tuum
412 4348 659 4418 servaverunt,
692 4335 727 4404 id
751 4352 819 4420 est,
843 4339 1024 4408 doctrinae
1047 4361 1109 4407 cu·

125 4442 241 4509 stodes
264 4432 421 4508 leserunt.
473 4436 553 4508 Non
582 4451 633 4506 εει
654 4437 762 4525 igitur
785 4440 1014 4528 intelligenda
1033 4464 1108 4509 ma-

124 4543 195 4623 ior,
222 4554 260 4608 ut
284 4541 339 4608 lex
363 4541 588 4635 loquiturde
610 4539 823 4633 impletione
846 4543 1019 4632 perlecta,
1047 4544 1105 4612 sed

124 4641 355 4729 intelligenda
387 4655 438 4711 est
470 4644 514 4710 de
542 4640 759 4732 professione
791 4665 892 4710 verae
915 4644 1107 4724 doctrinae,

122 4758 163 4813 ut
177 4735 413 4832 Evangelium
436 4742 615 4836 loquitur,
641 4744 679 4812 in
704 4738 855 4813 habente
869 4745 975 4812 fidem
992 4759 1025 4813 et
1041 4746 1106 4812 ho-

122 4869 204 4914 nam
237 4846 502 4917 conscientiam.
560 4841 696 4936 Estque
728 4867 867 4914 servare
894 4869 1107 4929 sermonem,

121 4949 286 5040 amplecti
303 4971 420 5015 veram
438 4947 657 5025 doctrinam,
683 4943 753 5016 fide
770 4962 804 5017 et
817 4948 910 5017 bona
924 4947 1106 5015 conscien-

120 5050 187 5137 tia,
215 5062 249 5118 et
273 5072 348 5117 eam
371 5047 527 5138 proliteri
551 5061 584 5116 et
604 5069 810 5138 propagare.
861 5045 915 5117 De
939 5043 1005 5116 hac
1023 5073 1106 5138 pro-

118 5150 272 5218 fessione
298 5149 414 5241 qualis
444 5160 493 5216 est
522 5149 681 5216 omnium
713 5151 872 5238 piorum,
907 5163 940 5217 et
965 5151 1104 5240 qualern

1182 590 1260 666 tur,
1286 598 1319 653 et
1339 603 1478 671 amant,
1505 614 1578 658 uon
1600 593 1782 663 doctrinae
1799 589 1916 668 hostes
1930 613 1992 670 aut
2008 615 2161 671 contem-

1181 686 1294 763 tore‘s,
1320 680 1368 757 Et
1381 690 1479 761 addit
1494 693 1765 783 promissionem
1781 701 1962 788 propriam
1981 726 2083 770 verae
2098 699 2160 772 Ec-

1181 781 1320 854 clesiae:
1348 787 1453 859 Pater
1473 817 1572 863 meus
1597 795 1716 884 diligit
1738 822 1838 878 eum,
1865 814 1901 869 et
1923 804 2109 874 veniemus
2122 808 2160 873 ad

1180 905 1280 970 eum,
1306 901 1341 957 et
1360 894 1581 964 mansionem
1603 898 1697 988 apud
1714 923 1793 970 eum
1809 903 1989 976 faciemus.
2041 902 2160 995 Expli-

1179 997 1253 1053 cata
1283 991 1435 1075 maiore,
1467 999 1626 1087 neganda
1660 1013 1711 1069 εει
1743 1001 1878 1071 minor:
1911 1003 2026 1074 Nemo
2050 1024 2159 1078 servat

1180 1106 1399 1177 sermonem,
1432 1093 1510 1167 lrno
1534 1113 1573 1169 ut
1595 1088 1653 1169 hic
1676 1102 1827 1172 affirmat
1848 1099 2031 1187 Christus,
2065 1109 2158 1197 Apo-

1178 1188 1259 1256 stoli
1282 1211 1468 1267 servarunt
1491 1214 1524 1270 et
1549 1216 1691 1272 servant
1713 1228 1854 1286 omnes,
1880 1207 1941 1299 qui
1963 1232 2082 1277 veram
2099 1213 2157 1278 do·

1177 1289 1328 1361 ctrinam
1360 1293 1429 1366 fide
1461 1313 1495 1369 et
1525 1303 1618 1372 hona
1649 1305 1862 1375 conscientia
1890 1310 2156 1398 amplectuntur.

1177 1386 1244 1458 His
1265 1397 1442 1495 omnibus,
1456 1405 1652 1473 consolatio
1670 1400 1728 1474 hic
1742 1409 1974 1499 proponitur,
1997 1426 2036 1482 ut
2051 1412 2156 1481 sciant

1176 1514 1212 1558 se
1232 1518 1313 1563 vere
1332 1501 1489 1571 membra
1504 1501 1683 1574 Ecclesiae
1698 1531 1790 1591 esse,
1816 1525 1849 1579 et
1865 1508 1941 1580 Deo
1957 1536 2062 1581 cirtae
2079 1537 2154 1582 esse.

1176 1593 1444 1670 Consideranda
1477 1619 1528 1674 est
1557 1607 1666 1696 igitur
1693 1610 1878 1680 diversitas
1898 1612 2154 1702 interpretatio·

1174 1718 1272 1766 num.
1325 1698 1398 1789 Qui
1417 1703 1639 1796 interpretati
1654 1724 1739 1779 sunt
1755 1703 1823 1778 hoc
1840 1714 1993 1794 dictum,
2020 1731 2059 1785 ut
2076 1716 2154 1805 legis

1175 1822 1314 1881 vocem,
1350 1798 1405 1870 his
1427 1801 1512 1876 haec
1538 1810 1661 1878 concio
1685 1805 1817 1881 Christi
1843 1815 2001 1894 terribile
2023 1817 2153 1885 fulmen

1174 1911 1241 1983 est,
1267 1914 1306 1971 ut
1323 1902 1431 1974 illud:
1459 1906 1672 1981 Maledictus
1687 1912 1747 2003 qui
1763 1937 1835 1982 non
1852 1930 1972 1985 manet
1985 1919 2024 1984 in
2041 1921 2154 1986 omni-

1174 2000 1259 2083 bus,
1286 2028 1376 2095 quae
1399 2009 1527 2099 scripta
1554 2025 1636 2080 sunt
1659 2013 1696 2079 in
1716 2014 1801 2102 lege.
1852 2013 1948 2085 Haec
1963 2017 2153 2089 monacho-

1172 2125 1253 2168 rum
1284 2104 1545 2196 interpretatio,
1573 2137 1775 2206 quanquam
1801 2116 1915 2185 aliena
1943 2132 1995 2187 est
2018 2145 2038 2190 a
2064 2124 2152 2191 dicto

1172 2196 1323 2290 Christi,
1357 2221 1475 2279 tamen
1502 2239 1521 2280 a
1545 2215 1667 2284 multis
1691 2217 1819 2285 tradita
1843 2234 1911 2299 est,
1944 2233 1977 2288 et
1999 2223 2151 2290 nativam

1172 2309 1380 2378 sententiam
1406 2313 1537 2386 obruit.
1590 2313 1710 2404 Quare
1731 2320 1850 2386 sordes
1873 2320 1956 2390 illae
1970 2325 2152 2412 detergan-

1171 2417 1231 2473 tur
1245 2403 1378 2480 Christi
1396 2413 1508 2498 dicto,
1535 2429 1568 2484 et
1585 2411 1677 2486 hanc
1693 2419 1928 2490 dulcissimam
1948 2425 2150 2493 concionem

1171 2508 1215 2574 ad
1239 2531 1303 2577 nos
1326 2536 1467 2605 quoquc
1484 2519 1660 2605 pertinere
1679 2526 1889 2606 statuamus,
1916 2524 1989 2594 Nos
2008 2526 2102 2616 ipsos
2117 2529 2149 2594 in

1171 2603 1238 2675 hoc
1260 2611 1392 2682 dictum
1409 2615 1649 2711 includamus,
1674 2620 1834 2691 Sciamus
1849 2647 1914 2693 nos
1933 2651 2077 2719 qnoque
2091 2631 2150 2696 do·

1170 2708 1343 2781 micilium
1373 2717 1443 2786 Dei
1477 2740 1566 2798 esse,
1613 2723 1642 2789 si
1671 2745 1792 2790 snmus
1822 2726 1941 2794 fideles
1972 2731 2148 2813 doctrinae

1169 2812 1349 2884 auditores
1377 2833 1411 2887 et
1440 2823 1612 2892 custodes.
1672 2821 1775 2892 Talia
1808 2829 1965 2916 exempla
1995 2846 2147 2912 monent,
2176 2830 2180 2839 ’

1169 2927 1340 3004 quantum
1357 2917 1445 2986 lucis
1461 2921 1583 2991 afferat
1596 2925 1799 3014 diligentia,
1826 2943 1917 2997 recte
1931 2932 2146 3023 distinguen·
2185 2988 2190 3013 ,

1168 3014 1216 3083 di.
1268 3015 1357 3086 Nam
1377 3021 1487 3090 mrrlta
1503 3023 1607 3091 etiam
1623 3027 1827 3116 planissime
1845 3031 1936 3100 dicta
1954 3035 2144 3123 depravan-

1168 3128 1226 3183 tur
1259 3118 1631 3210 interpretationibus,
1674 3128 1712 3194 in
1752 3129 1880 3221 quihus
1915 3127 1985 3201 hoc
2017 3135 2143 3215 accidit,

1167 3221 1261 3308 qnod
1285 3220 1322 3286 in
1340 3224 1529 3310 proverbio
1550 3229 1593 3293 cle
1609 3228 1822 3298 inconcinne
1839 3234 2051 3305 saltantibus
2064 3237 2140 3303 dici-

1166 3331 1240 3387 tur:
1267 3321 1375 3391 Aliud
1395 3348 1473 3414 pes,
1500 3327 1594 3396 alind
1615 3325 1748 3397 cithara
1765 3346 1878 3415 sonat,

1428 3552 1650 3644 Compositio
1675 3564 1714 3625 et
1737 3552 1884 3629 divisio.

1268 3678 1411 3751 Titulus
1436 3702 1557 3757 monet
1582 3689 1760 3777 interdum
1779 3693 2045 3780 ambiguitatem
2063 3695 2134 3767 oriri
2186 3692 2190 3803 i

1163 3802 1203 3847 cx
1222 3784 1477 3872 compositione
1492 3813 1628 3867 eorum,
1650 3816 1740 3880 quae
1756 3816 1828 3860 non
1843 3810 1943 3863 erant
1960 3797 2134 3888 iungenda.

1163 3881 1342 3950 interdum
1377 3909 1460 3955 vero
1493 3913 1534 3956 ex
1560 3892 1736 3960 divisione
1762 3897 2025 3991 membrorum,
2060 3917 2132 3992 qnae

1162 3984 1448 4076 oportuitiungi.
1499 3985 1670 4083 Exempla
1689 3996 1839 4087 puerilia
1857 3992 1942 4066 haec
1960 4015 2056 4071 sunt:

1314 4082 1394 4155 Duo
1411 4104 1444 4158 et
1461 4091 1527 4158 tria
1544 4109 1624 4163 sunt
1642 4096 1738 4183 paria
1754 4108 1785 4163 et
1803 4099 1965 4188 imparia,

1318 4185 1487 4283 Quinque
1501 4209 1583 4262 sunt
1599 4198 1670 4264 diro
1687 4210 1721 4266 et
1736 4197 1818 4280 tria,

1316 4286 1429 4378 Igitur
1446 4294 1604 4386 quinque
1620 4311 1702 4366 sunt
1719 4301 1816 4388 paria
1832 4315 1863 4369 et
1879 4303 2039 4394 imparia.

1261 4406 1495 4498 Respondeo:
1523 4411 1619 4503 Nego
1636 4422 1944 4509 consequentiam,
1970 4427 2053 4514 quia
2071 4445 2128 4491 am·

1160 4508 1311 4597 hignitas
1327 4511 1441 4581 oritur
1456 4536 1498 4581 ex
1514 4518 1778 4606 compositione.

1574 4703 1724 4773 Aliud.

1313 4828 1450 4904 Omnes
1464 4837 1638 4927 sapientes
1654 4836 1823 4912 Graeciae
1839 4860 1923 4914 srmt
1939 4862 2081 4937 septem,

1311 4932 1424 5004 Solon
1436 4936 1763 5013 etPeriandersunt
1777 4947 2132 5034 sapientesGraeciae,
2187 5040 2190 5047 Ι

1311 5032 1408 5125 Ergo
1424 5036 1536 5109 Solon
1553 5056 1585 5110 et
1602 5039 1797 5113 Periander
1813 5062 1895 5116 sunt
1910 5066 2055 5142 septem.

1130 5076 1135 5233 l
1259 5150 1356 5241 Nego
1370 5160 1678 5248 consequentiam,
1706 5164 1786 5253 quia
1802 5167 2016 5254 ambiguitas
2032 5173 2135 5240 oritur

2180 4112 2190 4281 rs

119 5273 193 5320 esse
217 5266 249 5321 et
271 5249 505 5319 necessarium
525 5261 560 5317 et
578 5250 745 5338 possibile
760 5263 830 5334 est,
856 5251 1015 5343 loquitur
1030 5275 1105 5318 ma·
1130 5268 1132 5328 !
1159 5277 1200 5320 ex
1223 5246 1416 5324 divisione:
1444 5256 1485 5326 ln
1506 5261 1639 5330 maiore
1661 5265 1830 5352 particula
1849 5263 2016 5364 (omnes)
2034 5275 2136 5361 posita

118 5354 185 5423 ior.
240 5353 292 5420 Ac
320 5365 391 5421 tota
416 5350 588 5419 sententia
609 5352 814 5420 doctrinam
832 5367 866 5423 et
892 5353 1104 5422 consolatio·
1129 5336 1133 5446 Ῐ
1159 5366 1211 5423 εει
1226 5354 1420 5431 collective.
1455 5357 1554 5432 ‚ldeo
1572 5387 1644 5432 non
1659 5379 1752 5436 recte
1768 5368 2000 5446 subsumitur.
2043 5372 2139 5445 Reii·
