4538 5754
121 271 198 349 ετε
365 222 585 340 scaram
602 259 683 336 aa.
709 258 826 336 unu.
855 257 925 337 an
949 261 1078 339 nur.
1106 261 1250 340 raon.
1275 258 1344 338 nr
1368 263 1561 344 runos.
1589 268 1912 350 senesanna
2077 272 2156 351 ars

128 458 236 516 tatem
257 436 448 530 significat,
483 450 523 509 ut
551 459 632 506 eum
662 435 808 506 dicitur:
847 433 971 507 Virtus
995 435 1115 527 epatis,

131 546 218 617 alias
231 540 330 613 aliud
346 537 530 629 significat.
581 534 653 608 Sed
668 532 729 607 hic
752 536 886 624 virtus,
911 551 951 608 ut
968 533 1115 608 Graecis

132 640 263 743 ἀρετὴ,
295 641 466 730 significat
491 633 654 709 habitum
677 637 874 731 parientem
897 633 1062 709 honestas
1082 651 1116 710 ct

130 750 235 819 laude
253 744 376 833 dignas
391 741 559 812 actiones.

232 857 292 933 An
305 860 370 945 sit,
396 855 483 929 Esse
499 859 667 929 virtutem
683 858 769 928 inde
783 857 1011 951 conspicitur,
1031 857 1115 952 quia

131 965 253 1058 Scipio
270 961 455 1033 dissimilis
467 973 519 1031 est
532 959 703 1034 Antonio.
755 959 876 1053 Scipio
894 962 1047 1030 abstinet
1070 961 1115 1030 ab

132 1067 277 1150 alienis,
305 1077 357 1134 est
377 1076 589 1153 temperans.
641 1059 752 1155 ldque
775 1061 853 1131 sani
873 1081 996 1132 omncs
1017 1061 1116 1131 iudi·

133 1183 215 1240 cant
239 1164 430 1238 convenire
453 1161 609 1233 hominis
627 1178 785 1234 naturae.
835 1161 1009 1243 Brontes,
1037 1159 1116 1232 An-

133 1270 223 1343 tonii
239 1290 353 1338 mores
371 1267 474 1355 longe
488 1265 550 1334 alii
564 1277 660 1350 sunt,
687 1264 866 1350 obscoeni,
889 1266 1001 1350 saevi,
1026 1289 1115 1360 qnos

132 1362 210 1443 sani
227 1391 350 1441 omncs
371 1369 601 1440 detestantur.
653 1366 707 1436 lta
732 1366 946 1457 experientia
967 1380 1116 1438 testatur

118 1497 208 1571 ,esse
223 1469 415 1543 discrimen
432 1469 525 1538 inter
541 1468 708 1540 virtutem
724 1481 758 1539 ct
775 1467 914 1540 vitium.

235 1588 332 1678 Quid
350 1587 414 1666 sit,
438 1610 518 1655 cnm
541 1586 746 1679 quaerimus
770 1583 1033 1671 definitionem,
1057 1585 1116 1654 in·

134 1692 333 1787 spiciuntur
346 1688 489 1759 tabulae
505 1688 885 1780 praedicamentorum.
930 1685 1036 1759 Unde
1058 1687 1115 1755 di-

132 1817 206 1866 sces
220 1816 266 1862 an
282 1813 349 1883 res,
376 1791 420 1859 de
433 1813 502 1882 qua
518 1789 678 1860 dicturus
693 1811 743 1880 es,
768 1789 814 1858 sit
828 1788 1043 1874 substantia,
1068 1813 1115 1858 an

133 1897 306 1967 accidens.
358 1887 407 1963 Et
421 1890 451 1960 si
463 1905 514 1962 cst
529 1890 710 1983 accidens,
732 1892 769 1959 in
786 1914 856 1984 qua
871 1904 970 1983 parte
986 1891 1050 1976 sit,
1076 1890 1115 1959 in

134 2019 299 2088 corpore,
327 2017 373 2063 an
390 1992 428 2060 in
443 1992 574 2062 anima.
627 1990 752 2063 Genus
770 1993 879 2081 igitur
900 1992 1042 2064 virtutis
1058 1992 1116 2061 in-

132 2098 252 2169 venies
267 2118 340 2166 esse
358 2089 518 2163 habitum
534 2095 739 2178 voluntatis,
763 2093 894 2163 deinde
916 2094 1115 2164 differentia

133 2201 294 2283 additur,
321 2219 411 2290 quae
425 2218 528 2288 saepe
541 2196 732 2266 collatione
748 2194 992 2286 oppositorum
1015 2195 1116 2266 inve-

133 2304 243 2374 nitur.
293 2294 359 2368 Est
374 2297 483 2386 igitur
501 2297 613 2367 virtus
629 2292 772 2367 habitus
787 2295 964 2366 inclinans
987 2300 1117 2367 volun-

134 2417 241 2474 tatem
260 2411 295 2469 et
310 2412 463 2470 caeteras
485 2398 596 2482 vires,
622 2411 662 2470 ut
685 2409 888 2492 constanter
912 2410 948 2467 et
968 2400 1118 2469 firmiter

82 2571 84 2575 ,
132 2502 301 2574 obediant
316 2512 430 2570 rectae
446 2498 590 2572 rationi.

234 2616 336 2707 Quae
352 2614 492 2707 partes?
541 2611 695 2686 Habitus
717 2639 792 2684 non
815 2628 952 2686 secatur
974 2614 1012 2683 in
1035 2637 1117 2713 par-

133 2736 203 2804 tes,
229 2721 290 2790 sed
304 2717 436 2810 species
452 2715 576 2786 virtuti
592 2716 834 2788 subiiciendae
848 2732 943 2790 snut.

236 2854 337 2945 Quae
354 2847 510 2944 species?
551 2850 689 2923 Multae
707 2866 807 2923 suut:
840 2851 981 2925 lusticia
1005 2851 1115 2946 parti·

132 2958 278 3039 colaris,
313 2953 458 3038 ceritas,
483 2953 676 3036 fortitudo,
701 2955 892 3041 modestia,
915 2969 1115 3047 temperan-

133 3063 199 3142 tia,
221 3058 378 3143 castitas,
402 3069 469 3130 etc.

233 3175 335 3266 Quae
352 3175 499 3246 causae?
547 3171 744 3246 Habituum
762 3197 885 3246 causae
902 3189 986 3246 sunt
1006 3173 1116 3244 actio·

134 3305 206 3354 nes.
242 3277 288 3348 Et
304 3274 400 3347 Deus
415 3277 463 3344 ita
481 3276 642 3345 condidit
658 3272 849 3346 humanam
866 3290 1049 3359 naturam,
1076 3289 1115 3346 ut

134 3379 309 3451 assuefieri
327 3377 457 3467 possit,
475 3373 566 3468 quia
584 3377 660 3444 vult
675 3400 752 3445 eam
768 3399 929 3467 capacem
950 3399 1024 3446 esse
1050 3377 1116 3446 do-

134 3483 287 3563 ctrinae,
314 3492 349 3547 et
370 3476 476 3546 bonis
498 3476 670 3547 exercitiis
691 3479 736 3547 ad
760 3478 927 3549 virtutem
942 3478 1055 3563 flecti,
1082 3491 1116 3549 et

134 3579 335 3666 confirmari
351 3577 523 3649 virtutum
540 3576 659 3663 initia,
685 3578 766 3648 idco
785 3580 905 3674 aliqua
922 3579 1116 3670 voluntatis

134 3687 278 3755 libertas
303 3679 440 3773 reliqua
464 3691 528 3754 est.
586 3678 657 3774 Sed
681 3681 861 3752 actionum
885 3676 1114 3752 honestarum

134 3785 322 3855 efficientes
336 3805 458 3852 causac
472 3780 685 3874 principales
701 3797 799 3854 sunt:
826 3783 932 3855 Mens
947 3798 1038 3854 recte
1058 3783 1116 3853 iu-

135 3888 274 3969 dicans,
299 3898 334 3953 et
348 3883 513 3952 voluntas
527 3885 776 3977 obtemperans
790 3901 884 3957 recto
903 3886 1057 3970 iudicio,
1081 3899 1115 3954 et

135 3999 337 4059 constanter
352 3984 529 4074 imperans
544 3987 729 4071 membris,
754 4001 796 4058 ut
811 3988 903 4056 actio
918 4011 999 4057 cum
1019 4000 1113 4057 recto

135 4090 268 4159 iudicio
284 4098 465 4174 congruat.
500 4082 635 4154 Causae
654 4089 862 4158 adiuvantes
875 4102 976 4168 sunt,
1000 4088 1115 4158 bonae

134 4190 384 4262 inclinationes
399 4186 595 4266 naturales,
622 4202 657 4257 et
671 4190 832 4259 doctrina
859 4203 893 4259 et
915 4189 1115 4282 disciplina,

135 4288 203 4364 hoc
227 4307 296 4369 cst,
332 4302 492 4359 accurata
519 4288 726 4358 assuefactio
745 4286 933 4381 Evangelii
953 4292 1114 4362 doctrina

136 4397 174 4463 in
196 4407 292 4462 tanta
314 4406 433 4461 nostra
455 4386 661 4460 infirmitate
686 4393 790 4462 docet
817 4417 883 4463 nos
906 4396 958 4463 de·
973 4394 1116 4478 araxilio,

1154 3715 1279 3802 -diosi,
1312 3741 1430 3787 veram

1165 3819 1391 3908 optimarum,
1413 3843 1453 3888 ex
1469 3814 1526 3888 his
1539 3823 1699 3894 fontibus
1714 3820 1946 3898 hauriendam
1964 3855 2049 3902 esse.
2076 3834 2150 3906 Nec

1165 3919 1273 4088 45¹⁸}
1289 3933 1374 3990 snut
1401 3921 1514 3990 libelli
1539 3925 1583 3992 de
1606 3927 1728 4017 copia,
1754 3928 1826 3998 nisi
1842 3924 1970 4000 horum
1986 3934 2147 4006 locorum

1165 4044 1248 4090 rrvu
1262 4047 1284 4088 ι.

1268 433 1481 523 Materiam,
1500 462 1542 508 ex
1566 465 1635 534 qna
1664 445 1764 514 nulla
1785 447 1978 518 accidentia
2007 442 2154 535 habent,

1167 543 1202 606 et
1227 538 1411 629 qualitates
1433 553 1517 611 sunt
1546 542 1681 613 formae
1711 547 1888 640 efficaces,
1922 573 1984 619 seu
2015 550 2152 622 instru·
2185 592 2186 595 π

1167 644 1285 707 menta
1317 640 1497 709 actionum
1525 642 1563 709 in
1590 645 1805 718 substantiis.
1857 649 1926 721 Sed
1953 651 2151 724 subiectum

1166 752 1314 809 vocatur
1333 743 1478 812 materia
1501 742 1538 811 in
1564 769 1648 837 qna.
1699 745 1793 820 Sunt
1808 764 1926 821 autem
1941 742 2091 824 uirtutes
2112 753 2151 822 in

1168 839 1348 910 voluntate
1371 856 1404 912 et
1420 845 1537 917 corde.
1591 842 1733 918 Finales
1753 875 1877 923 causae
1899 855 2064 924 omnium
2086 849 2150 925 ba·

1166 939 1307 1012 bituum
1326 942 1533 1036 praecipuae
1547 961 1631 1018 sunt
1644 949 1741 1041 ipsae
1755 953 1921 1027 actiones.
1975 954 2048 1026 Sed
2070 955 2151 1026 linis

1169 1041 1207 1109 in
1223 1042 1362 1113 actione
1376 1044 1518 1116 virtutis
1537 1051 1731 1120 secundnm
1745 1047 1985 1147 Philosophus
2007 1071 2060 1128 est
2076 1058 2150 1151 ipsa

1168 1145 1258 1215 actio
1281 1137 1449 1230 honesta,
1477 1147 1560 1240 quia
1584 1149 1709 1223 dicunt
1733 1152 1900 1226 virtutem
1925 1171 2071 1248 propter
2096 1182 2150 1227 εε-

1168 1244 1278 1335 ipsam
1296 1250 1524 1339 expetendam
1551 1273 1635 1324 esse.
1686 1250 1761 1323 Nos
1787 1256 1825 1324 in
1840 1253 1996 1327 Ecclesia
2021 1259 2150 1329 rectius

1167 1346 1336 1432 dicimus,
1358 1347 1463 1417 finem
1481 1372 1553 1420 esse
1568 1352 1684 1422 bonae
1700 1355 1870 1439 actionis,
1895 1374 1936 1430 nt
1954 1358 2031 1428 Deo
2048 1384 2149 1452 prae-

1167 1460 1300 1517 stemus
1322 1450 1560 1522 obedientiam
1581 1451 1757 1542 debitam,
1789 1472 1823 1528 et
1847 1483 2079 1550 agnoscamus
2111 1462 2148 1530 io

1167 1548 1297 1620 talibus
1321 1552 1494 1622 exercitiis
1513 1550 1649 1641 Deum,
1674 1559 1866 1647 cogitemus
1890 1563 2063 1633 virtutum
2084 1566 2149 1633 do-

1168 1650 1319 1721 ctrinam
1344 1675 1416 1722 esse
1437 1655 1679 1728 testimonium
1702 1660 1748 1732 de
1769 1660 1865 1753 ipso,
1888 1678 1923 1736 et
1944 1688 2150 1734 commone-

1167 1752 1356 1822 factionem
1373 1754 1489 1847 qualis
1505 1756 1568 1840 sit,
1594 1771 1788 1832 statuamus
1808 1764 1892 1833 item
1914 1765 2149 1857 inspectorem

1168 1866 1203 1923 et
1217 1853 1370 1924 iudicem
1386 1878 1459 1925 esse
1473 1852 1589 1929 Deum
1604 1854 1839 1934 humanarum
1855 1866 2046 1937 actionum.
2078 1865 2148 1936 Po·

1168 1968 1241 2025 stea
1263 1968 1380 2026 autem
1402 1958 1507 2028 multi
1528 1960 1616 2030 fines
1637 1965 1817 2039 accedunt.
1875 1967 2031 2038 Possunt
2054 1970 2147 2037 enim

1167 2057 1275 2127 unius
1297 2057 1350 2127 rei
1371 2060 1476 2130 multi
1499 2061 1585 2130 fines
1609 2086 1681 2133 esse
1706 2067 1872 2137 ordinati.
1924 2069 2028 2140 lianc
2045 2093 2147 2160 regu·

1168 2159 1238 2228 lam
1254 2159 1295 2228 in
1312 2160 1456 2252 politica
1471 2162 1611 2234 iusticia
1624 2181 1738 2237 servat
1752 2164 1860 2250 Deus,
1887 2171 1949 2263 qni
1967 2183 2017 2241 cst
2034 2186 2149 2242 custos

1167 2272 1202 2329 ct
1216 2263 1347 2330 vindex
1361 2262 1588 2355 disciplinae,
1608 2280 1649 2337 ut
1672 2270 1880 2357 regulariter
1902 2272 2033 2342 atrocia
2058 2275 2146 2342 deli·

1168 2374 1221 2431 cta
1238 2362 1365 2455 puniat
1379 2366 1573 2437 manifestis
1587 2369 1712 2460 poenis
1727 2371 1765 2439 in
1791 2367 1856 2444 hac
1879 2374 1970 2459 vita,
1997 2386 2037 2443 ut
2060 2375 2148 2445 dici-

1167 2476 1241 2534 tur:
1269 2463 1343 2554 Qui
1358 2466 1514 2555 gladium
1530 2471 1712 2560 acceperit,
1737 2475 1855 2562 gladio
1871 2475 2012 2565 peribit.
2046 2473 2148 2548 ltem:

1167 2562 1386 2637 Scortatores
1414 2583 1449 2640 et
1479 2570 1659 2641 adulteros
1686 2573 1857 2645 iudicabit
1882 2575 1990 2646 Deus.
2045 2575 2147 2649 ltcm:

1167 2660 1265 2737 Deus
1292 2681 1344 2737 est
1364 2668 1456 2758 ignis
1480 2669 1700 2744 consumens.
1755 2674 1859 2747 Unde
1879 2692 2023 2769 propter
2046 2700 2146 2772 erpe-

1167 2767 1332 2839 rientiam
1354 2771 1442 2839 tales
1463 2773 1596 2850 multae
1618 2777 1811 2848 sententiae
1836 2781 2039 2855 traduntur.
2092 2779 2147 2852 Ad

1167 2892 1336 2960 generum
1352 2868 1492 2942 Cereris
1507 2873 1584 2943 sine
1599 2878 1703 2946 caede
1718 2892 1751 2947 et
1768 2880 1916 2951 vulnere
1931 2882 2053 2974 pauci:
2077 2881 2148 2955 Dc·

1167 2974 1342 3043 scendunt
1355 2995 1472 3061 reges,
1497 2989 1531 3046 et
1544 2977 1633 3047 sicca
1651 2993 1764 3049 morte
1778 2983 1931 3076 tyranni.

1270 3105 1326 3179 Sit
1341 3106 1451 3198 igitur
1466 3104 1571 3181 ethic
1585 3111 1665 3181 finis
1681 3107 1849 3187 honestae
1864 3118 1973 3204 vitae,
1999 3136 2042 3193 ut
2064 3147 2149 3215 poe·

1166 3231 1233 3278 nae
1250 3221 1283 3278 et
1301 3211 1452 3300 tragicae
1468 3211 1681 3284 calamitates
1700 3215 1866 3288 vitentur.
1892 3217 2016 3292 Postea
2033 3225 2150 3297 sciunt

1167 3309 1237 3402 pii,
1259 3310 1452 3382 benefactis
1467 3313 1504 3381 in
1521 3308 1586 3383 hac
1600 3314 1672 3385 vita
1687 3318 1843 3408 mitigari
1858 3323 2020 3414 proprias
2034 3340 2069 3396 et
2084 3352 2152 3419 pu-

1166 3411 1276 3483 blicas
1289 3414 1520 3500 calamitates,
1542 3416 1626 3486 item
1642 3418 1719 3487 dari
1736 3419 1951 3493 incrementa
1971 3426 2152 3499 donorum

1166 3512 1423 3606 spiritualium,
1453 3516 1538 3586 item
1559 3517 1696 3612 reliqua
1719 3544 1792 3592 esse
1814 3537 1955 3597 aeterna
1981 3533 2152 3619 praemia.

1166 3613 1210 3683 ln
1233 3610 1299 3686 hac
1321 3617 1529 3688 recitatione
1551 3621 1799 3713 quaestionum
1827 3628 2054 3702 considerent
2074 3649 2151 3704 stu·

1461 3721 1600 3808 copiam
1632 3724 1822 3810 orationis,
1855 3728 1996 3817 plenam
2029 3757 2151 3804 rerum

1267 4152 1342 4243 Qui
1372 4154 1541 4226 effectus?
1600 4158 1859 4254 Tranquillitas
1889 4167 2027 4254 cordis,
2061 4197 2153 4265 quae

1166 4257 1335 4327 orituros
1351 4259 1564 4328 couscientia
1581 4277 1694 4332 rectae
1710 4265 1904 4337 voluntatis
1918 4284 1953 4339 et
1968 4273 2149 4344 actionum

1166 4360 1436 4449 congruentium
1452 4362 1496 4428 ad
1505 4363 1661 4449 regulam
1676 4364 1848 4436 divinam.
1876 4367 1986 4441 Multi
2002 4378 2152 4446 secundi

136 4497 301 4563 videlicet
316 4496 360 4561 de
377 4491 515 4582 spirim
531 4505 672 4572 mmo,
697 4492 734 4561 in
750 4489 825 4579 his,
852 4494 913 4587 quq
927 4493 1042 4564 Deum
1060 4518 1115 4564 ,e-
1168 4473 1313 4529 eventus
1326 4473 1360 4528 et
1373 4463 1532 4551 prosperi
1543 4484 1731 4550 successus,
1749 4469 1831 4561 quia
1845 4470 2044 4566 plerunque
2054 4474 2151 4546 Deus

136 4610 190 4665 cte
213 4596 395 4662 invocant:
429 4587 488 4660 hic
520 4593 626 4663 eflicit
647 4594 866 4664 ardentiores
889 4610 922 4665 et
943 4596 1116 4666 firmiores
1166 4557 1475 4680 lff⁰n²⁸¹³⁰⁰¹¹⁸¹¹¹³
1492 4577 1592 4680 ,ΨΜ
1617 4583 1838 4690 Y⁰⁰l¹¹⁰jstm
1860 4575 2016 4692 adruqar.
2069 4577 2151 4648 Utr-

136 4697 284 4764 virtutcs
344 4705 385 4763 ut
414 4694 451 4760 in
477 4690 603 4785 loseph
634 4690 700 4766 hae
730 4719 856 4766 causae
883 4711 1116 4769 concurrunt:
1166 4665 1247 4781 ¹¹¹³?
1267 4677 1380 4753 ‘²9³¹
1401 4665 1562 4753 Pllbhffl,
1587 4667 1771 4787 ultl'abtt
1795 4675 1991 4790 moderatio
2007 4681 2152 4768 prodest

138 4796 243 4866 Men,
262 4747 411 4867 „Jdifflg
435 4797 580 4864 verbum
598 4796 685 4882 Dei,
711 4799 749 4868 fn
770 4782 840 4892 qm
860 4798 1015 4890 spirim,
1033 4820 1116 4867 san,
1167 4762 1271 4883 llerp.
1305 4763 1480 4851 ,Honesta
1493 4769 1649 4857 exempla
1664 4783 1827 4888 ’invitant
1850 4775 1939 4844 ahos
1962 4781 2005 4847 ad
2033 4781 2150 4853 imita·

137 4912 213 4968 ctus
236 4897 417 4965 confirmat
441 4898 700 4984 assensionem,
733 4896 789 4970 Et
803 4902 984 4984 voluntas,
1009 4923 1115 4994 qnam
1167 4879 1312 4985 l¹f³¹¹²¹¹¹2
1339 4879 1372 4936 ⁰¹
1388 4867 1564 4936 delelsffll
1580 4871 1862 4991 ”fglffiffmffll‘s-
1889 4873 2058 4965 Effinfflb
2075 4897 2149 4953 lur-

137 5023 216 5069 cum
237 4999 482 5086 obtemperare
505 4999 616 5071 menti
647 5014 795 5070 conatur
828 5016 863 5071 et
891 5024 1010 5071 secum
1042 5002 1116 5091 ipsa
1167 4969 1292 5058 Ρηυάο
1314 4967 1445 5038 licerii
1468 4992 1587 5059 Pacem
1617 4974 1816 5063 Pllbhcflm,
1851 4991 1884 5047 ct
1908 4995 2010 5051 uocet
2034 5008 2147 5054 exem-

137 5101 309 5181 luctatur,
348 5099 494 5168 adiuvat
515 5096 671 5189 Spiritus
696 5117 863 5174 sanctus..
907 5100 990 5173 Non
1021 5104 1115 5171 enim
1168 5069 1245 5161 9¹⁰·
1270 5082 1335 5140 ⁰¹⁰·

137 5197 229 5271 nihil
245 5201 315 5289 agit
330 5199 514 5283 voluntas,
539 5200 620 5293 quia
635 5204 769 5296 alioqui
787 5205 879 5277 lucta
896 5206 995 5276 nulla
1018 5218 1117 5299 esset.
1271 5202 1372 5290 Quae
1388 5205 1605 5274 adiacentia?
1658 5208 1802 5302 Gloria,
1830 5215 1953 5304 idest,
1982 5215 2148 5292 honesto·

137 5302 225 5371 Vult
242 5300 340 5372 Dens
355 5301 574 5373 voluntatem
590 5326 665 5371 non
688 5327 762 5374 esse
783 5308 968 5395 ignavam,
992 5308 1052 5375 sed
1078 5306 1115 5373 in
1169 5332 1248 5377 rum
1264 5318 1358 5375 recte
1375 5306 1608 5377 iudicantium
1631 5316 1891 5404 comprobatiot
1918 5315 2013 5391 Odia
2039 5325 2150 5393 malo-

136 5400 203 5475 hoc
218 5405 409 5475 certamino
427 5403 583 5473 exerceri
597 5418 630 5475 et
645 5404 780 5498 aliquid
800 5431 913 5498 agere.
1168 5432 1266 5488 rum,
1292 5407 1468 5497 pericula,
1494 5409 1616 5481 divina
1631 5414 1790 5485 defensio
1806 5418 1845 5485 i„
1864 5421 2041 5510 periculis·
