1208 1813
87 258 139 278 1341

85 302 179 320 cedamus.
208 300 239 319 sic
253 300 331 319 declarat
348 299 423 317 eandem
442 298 548 317 sententiam
563 298 586 316 sd

84 326 176 345 Ebrseos:
185 325 295 344 Accedamus
302 332 343 344 eum
351 325 416 343 fidncia
424 325 446 343 ad
455 323 541 343 thronum
546 329 587 346 gra-

84 353 129 371 tiae.
155 351 179 370 Et
191 351 279 375 Ephesius
289 352 313 370 1.:
326 351 361 368 Per
375 356 428 374 quem
440 349 528 368 habemus
540 349 586 367 fidu-

85 378 135 395 ciam
145 381 162 396 et
170 383 258 395 accessum
268 377 287 394 in
295 377 335 394 fide.

323 409 355 428 tv.

140 441 171 460 Sic
176 440 258 459 Christus
266 439 350 463 inquiens
358 439 440 459 mulieri,
449 438 503 457 Fides
512 443 541 457 tua
551 440 586 457 sal-

85 473 129 485 vam
138 470 155 485 te
163 467 213 488 tecit,
222 469 269 484 certe
275 471 313 483 non
320 465 404 488 intelligit
411 464 488 482 otiosam
496 465 586 486 noticiam,

85 494 119 510 sed
132 492 224 513 fiduciam,
237 498 272 515 qua
283 491 348 509 mulier
359 491 474 513 agnoscebat,
488 489 537 508 lsunc
548 496 586 508 esse

85 517 199 539 Dominum,
214 521 232 535 et
239 517 262 535 ab
271 523 292 534 eo
305 517 375 540 petebat
388 522 409 533 ac
424 517 471 533 serio
484 517 585 539 expectabat

85 543 182 562 auxilium.
207 542 276 561 Eadem
289 546 315 561 est
326 542 353 559 vis
365 541 447 559 vocabuli
463 541 483 559 in
496 542 586 560 similibus

86 569 139 586 locis.

328 601 350 618 V.

140 631 161 649 [ιι
173 631 223 649 Actis
235 630 259 649 ait
271 630 344 648 Petrus:
361 630 407 648 Fide
421 630 516 653 purificans
531 629 585 647 corda

87 663 157 676 eorum.
183 656 267 680 opponit
279 659 339 674 autem
348 656 368 673 in
376 662 397 673 eo
405 656 455 676 loco,
468 655 521 673 fidem
533 654 586 672 iusti-

86 683 126 701 cise
134 683 187 706 legis,
200 682 250 706 quasi
258 682 315 703 dicat,
329 681 375 700 Cum
385 681 420 704 legi
431 687 468 698 non
477 684 550 704 possent
556 686 585 698 sa-

87 709 170 727 tissacere
183 711 251 730 patres,
267 707 302 725 fide
318 707 407 725 iustificati
423 710 475 728 sunt,
492 706 585 724 credentes

87 734 124 752 sibi
132 734 202 757 agnosci
212 736 285 756 propter
293 732 401 756 promissum
405 732 497 750 Mesaiam.
523 731 585 754 Signi-

86 760 129 777 ficat
141 759 196 782 igitur
206 758 250 776 fides
262 762 279 776 ct
286 759 305 776 in
313 764 335 776 eo
343 758 383 776 loco
391 758 474 775 fiduciam
484 757 585 774 misericor-

86 785 134 804 diae.
159 784 234 802 Constat
242 784 290 801 enim
297 789 335 801 non
343 783 434 807 purificari
442 783 496 801 corda
508 782 539 801 tali
551 788 584 800 no-

86 811 141 833 ticia,
153 810 211 833 qualis
218 813 245 828 est
253 810 272 827 in
281 809 347 832 impiis.

141 873 162 891 ln
173 873 226 891 dictis
237 873 260 890 de
272 872 353 890 oratione
361 871 475 890 manifestum
483 874 508 889 est
517 871 552 889 lide
560 871 585 889 si-

85 899 169 923 gnificari
175 898 259 917 fiduciam
266 897 404 919 misericordiae,
412 900 432 915 nt
440 897 487 920 spud
492 896 584 915 iacobum:

86 923 227 968 {neptia'smlsabet
236 930 281 947 opus
292 923 388 946 sapientia,
401 926 449 946 petat
460 923 479 940 in
488 923 534 944 fide,
546 928 585 941 non

314 982 354 1000 Vll.

140 1012 208 1031 Eadem
216 1016 243 1030 est
253 1012 359 1035 significatio
367 1012 387 1029 in
395 1011 452 1030 veteri
460 1011 584 1030 Testamento:

86 1038 169 1057 Credidit
180 1037 273 1056 Abraham
285 1038 334 1058 Deo,
349 1038 368 1055 id
382 1041 419 1060 est,
437 1037 502 1055 fiducia
515 1037 585 1055 miseri-

86 1064 159 1083 cordiae
169 1063 266 1087 promissae
276 1063 338 1082 statuit
349 1069 367 1081 se
374 1061 440 1081 habere
452 1062 510 1080 Deum
523 1063 584 1086 propi-

86 1090 136 1108 cium
152 1093 170 1107 et
185 1089 306 1111 defensorem,
326 1093 344 1106 et
361 1088 460 1112 expectavit
478 1089 584 1111 promissam

86 1115 213 1145 posteritatem.

139 1140 183 1159 Sic
177 1146 197 1158 ιιι
205 1140 291 1158 concione
299 1138 405 1170 [ουρδιιξ.
412 1139 490 1163 Paralip-
498 1139 530 1159 2⁰.
539 1139 583 1158 Cre-

87 1167 124 1185 dite
134 1166 183 1187 Deo,
195 1169 212 1184 et
220 1166 277 1183 securi
286 1165 344 1187 eritis,
357 1171 394 1183 non
402 1169 472 1183 tantum
480 1166 546 1183 noticia
555 1165 584 1184 hi-

87 1191 153 1210 storiae
168 1191 284 1214 intelligitur,
300 1191 330 1209 scd
343 1197 384 1209 tum
395 1191 482 1209 exercitus
497 1195 552 1209 staret
565 1192 584 1209 in

87 1217 190 1241 procinctu,
211 1215 288 1235 habebat
301 1222 346 1240 opus
364 1216 491 1235 consolatione.
523 1216 584 1239 Quare

87 1242 170 1261 hortatur
181 1243 277 1265 populum,
293 1246 313 1260 ut
326 1246 387 1265 petant
401 1245 419 1260 et
431 1245 522 1265 expectent
533 1243 584 1260 auxi-

87 1269 133 1286 lium
145 1274 155 1285 a
166 1267 211 1286 Deo.
242 1267 294 1286 Hanc
306 1268 389 1286 fiduciam
401 1272 490 1291 petentem
503 1271 520 1286 et
531 1274 584 1291 expe-

87 1297 167 1312 ctantem
176 1293 262 1311 auxilium
270 1293 365 1316 intelligit,
377 1300 418 1312 cum
427 1294 461 1315 ait,
474 1292 555 1315 Credite,
567 1297 585 1311 et

87 1319 182 1343 pollicetur
189 1318 248 1337 Deum
257 1319 386 1342 opitulaturum
395 1325 441 1340 esse,
455 1319 556 1342 petentibus
566 1323 584 1338 et

88 1344 220 1368 expectantibus
229 1344 322 1365 auxilium,

139 1369 206 1388 Eadem
218 1373 244 1388 est
252 1370 278 1388 vis
287 1370 369 1388 vocabuli
382 1370 401 1388 in
412 1369 447 1388 hoc
455 1370 512 1389 dicto:
526 1369 584 1388 lnstns

88 1397 122 1414 lide
133 1401 165 1414 sua
176 1396 229 1414 vivet.
258 1395 309 1413 Iubet
322 1396 370 1413 enim
381 1399 473 1419 expectare
485 1395 583 1414 Dominum

88 1422 101 1440 si
111 1421 192 1439 videatur
203 1421 278 1439 contari.
304 1421 328 1439 Et
337 1422 386 1445 qnod
394 1421 464 1445 inquit,
477 1420 522 1439 Fide
529 1422 584 1443 vivet,

88 1447 173 1469 intelligit
191 1447 274 1464 fiduciam
291 1447 423 1468 consolantem,
441 1447 517 1468 scilieet,
538 1453 583 1471 quae

88 1476 173 1491 sustentat
181 1472 262 1490 animum
269 1472 361 1495 agnitione
368 1472 500 1491 misericordiae
507 1472 583 1496 promis-

89 1504 125 1520 sae,
138 1501 156 1516 et
164 1501 243 1521 upectat
250 1498 380 1516 liberationem.

137 1522 165 1541 Ex
177 1522 205 1541 his
213 1523 298 1546 exemplis
313 1522 398 1541 hactenus
409 1523 498 1545 recitatis,
514 1523 529 1541 si
543 1523 583 1547 quis

89 1556 105 1568 a
120 1554 158 1567 non
170 1549 275 1572 depravabit
287 1547 392 1572 sophistice,
411 1549 454 1568 satis
469 1549 582 1573 perspicuum

391 255 423 275 lx.
449 253 634 275 COMMENTARH
646 254 673 273 m
685 252 808 273 PSALMOS.

1053 253 1110 273 '1⁸42

611 301 647 320 est,
660 297 704 321 quid
713 297 819 315 voc-butum
828 296 868 315 fidei
877 296 972 319 significet,
985 300 1002 315 et
1007 296 1060 321 ⁴quod
1069 303 1107 315 non

611 323 648 341 sint
664 323 794 346 corrumpenda
811 323 913 340 testimonia
933 328 965 345 per
981 321 1107 346 amphibolias,

611 349 694 372 quodque
711 348 778 366 Paulus
793 348 865 372 proprie
880 348 961 366 citaverit
975 348 1072 366 sententies
1085 354 1106 365 ex

611 374 666 392 veteri
674 374 795 392 Testamenta.

661 407 754 426 Caeterum
763 407 809 425 illud
817 410 877 425 tamen
883 407 960 431 largior,
973 407 1065 425 interdum
1072 413 1105 424 vo-

611 434 695 452 cabulum
708 433 750 451 fidei
764 439 797 456 pro
812 433 879 451 noticia
895 437 965 451 tantuin
976 433 1070 456 usurpas-i,
1086 436 1106 450 ut

611 465 651 477 cnm
660 459 734 477 lacobus
742 459 809 482 inquit.
823 459 922 477 Daemones
930 459 1012 477 credunt.
1032 457 1056 476 Et
1063 464 1104 476 cum
1136 461 1138 463 “

610 484 677 503 Paulus
683 485 764 502 nominat
771 485 871 507 analogiam
881 485 934 505 fidei,
946 484 1030 507 intelligit
1038 483 1104 502 doctri-

611 516 661 529 nam.
685 510 735 528 Haec
742 516 784 528 vera
792 513 842 532 sunt,
855 514 873 528 ct
881 516 901 528 ex
910 509 1047 528 circumstantiis
1056 509 1104 527 iudi-

610 536 647 554 cari
663 539 729 559 potest,
744 536 776 553 ubi
792 536 815 553 de
826 536 907 554 doctrina
919 535 991 559 proprie
1007 535 1104 559 loquantur

610 565 679 583 textus,
691 561 723 579 ubi
730 562 752 579 de
760 561 878 584 promissione
885 564 902 579 et
910 561 932 579 dc
940 561 1062 579 misericordia
1071 566 1104 583 op-

611 588 693 610 ponenda
701 587 798 610 pavoribus
805 587 877 605 nostris.

661 616 716 634 Plana
728 620 746 634 et
756 617 848 640 perspicua
860 619 911 637 sunt,
924 622 969 640 quae
976 616 1073 638 tradimus,
1086 619 1104 634 et

611 642 713 666 praesertim
726 642 741 659 si
751 643 774 660 ad
785 642 913 665 poenitentiam
922 642 1032 665 referantur,
1045 648 1055 659 a
1069 641 1104 665 piis

610 668 661 686 facile
670 668 747 690 intelligi
754 671 834 691 possunt.
860 668 919 691 Quam
927 668 975 685 enim
983 671 1041 692 potest
1053 668 1104 685 inve-

610 694 649 711 nire
656 694 725 711 firmam
734 693 875 711 consolationem
886 693 915 717 pia
926 699 985 715 mens,
998 693 1013 711 si
1024 699 1061 711 non
1072 699 1104 710 vo-

610 719 635 737 let
646 719 710 737 audire
720 718 765 736 hanc
776 719 876 737 doctrinam
887 719 910 737 de
920 719 964 741 fide,
978 725 1013 742 qna
1025 722 1104 737 statuen-
1124 721 1127 723 ’

610 745 653 763 dum
663 748 689 762 est
696 748 744 762 certo
752 745 805 762 nobis
811 745 878 762 remitti
885 748 956 768 peccata
963 748 1035 768 propter
1042 744 1104 767 propi-

609 770 693 788 ciatorem
708 769 810 792 Christum,
826 776 895 794 nosque
908 773 981 793 propter
996 776 1036 788 eum
1049 769 1105 787 iustos

610 796 698 819 reputari,
710 796 784 819 respici,
796 796 875 814 exaudis-i
883 799 900 814 et
907 796 977 815 salvari.

660 825 725 848 Qualis
732 825 812 845 caecitas,
825 831 878 849 quam
885 825 985 843 diabolicus
992 826 1043 843 furor
1050 828 1076 842 est
1084 825 1104 842 in

609 850 725 872 adversas-iis,
741 850 773 874 qui
786 851 874 874 Aspidum
889 857 938 869 more
950 857 1001 869 sures
1014 851 1105 871 obturant.

610 880 628 894 et
636 880 656 895 nt
663 875 709 895 hanc
717 876 817 894 doctrinam
828 876 921 898 aboleant,
934 876 1030 894 immanem
1040 876 1104 894 crude-
1118 876 1121 878 '

610 902 678 921 litatem
691 905 778 920 exercent.
804 901 867 920 Postea
881 906 902 920 ut
915 902 1012 926 scripturas
1022 907 1105 920 corrom-

610 932 662 951 pant,
675 928 744 946 addunt
754 928 789 945 alia
800 928 901 950 sacrilegia,
918 928 988 951 fingunt
999 926 1105 951 sophisticas
1132 936 1135 938 -

609 954 732 971 cavillationes
742 954 764 971 sd
780 953 886 971 eludendam
898 953 996 976 simplicem
1008 956 1025 971 et
1036 958 1105 976 germe-

611 985 652 997 nam
661 979 832 1002 interpretationem.
859 978 886 997 Ac
892 979 962 997 facilins
974 982 1001 999 est
1011 979 1104 1002 aliquanto

610 1005 654 1028 piis,
666 1005 771 1022 confirmare
782 1004 852 1022 animos
863 1008 925 1023 contra
936 1004 1036 1025 saevitiam,
1049 1009 1105 1028 quam

610 1030 678 1048 muniri
692 1033 754 1048 contra
766 1028 881 1053 sophisticus.
910 1030 953 1048 Ideo
964 1030 1040 1048 studiosi
1051 1030 1075 1047 ita
1087 1034 1105 1047 se

609 1059 724 1079 praeparent,
736 1059 757 1073 ut
763 1055 843 1073 iudicare
851 1059 869 1074 et
876 1056 954 1074 refutare
961 1055 1104 1073 adversariorum

609 1081 731 1106 cavillationes
739 1081 812 1104 possint.

659 1110 756 1134 Postquam
762 1110 844 1129 doctrina
851 1111 874 1129 de
883 1111 928 1133 fide,
939 1111 961 1129 de

610 1136 674 1155 tradita
682 1140 716 1158 est,
729 1136 782 1154 etiam
791 1137 882 1154 docendae
894 1140 936 1155 sunt
942 1135 1033 1155 Ecclesiae
1040 1136 1063 1154 de
1071 1136 1104 1154 ho-

609 1163 638 1188 nis
645 1150 740 1186 operibiss,
753 1168 784 1179 seu
794 1163 817 1180 de
824 1168 872 1180 novo
878 1162 986 1181 obedientia.
1003 1161 1050 1180 Cum
1056 1161 1104 1179 enim

609 1186 631 1205 in
642 1188 688 1205 veris
696 1188 803 1211 pavoribus,
816 1188 860 1209 fide,
874 1187 908 1206 hoc
919 1192 945 1206 est
960 1188 1024 1205 fiducia
1036 1186 1104 1205 Chri-sti

609 1213 703 1236 eriguntur
718 1216 796 1235 mentes,
812 1217 830 1231 et
845 1214 948 1237 concipiunt
959 1213 1047 1243 Spiritum
1062 1218 1104 1230 san-

609 1242 657 1257 ctum
662 1252 668 1260 ,
674 1242 773 1261 assnoocunt
781 1245 800 1257 se
808 1245 845 1257 esse
851 1245 904 1257 curae
911 1238 960 1259 Deo,
971 1238 1056 1256 invocant
1063 1244 1104 1256 enm

609 1268 627 1282 et
637 1264 726 1288 incipiunt
736 1265 815 1282 obedire„
843 1264 894 1282 Hanc
905 1270 970 1282 novam
985 1267 1003 1282 et
1016 1264 1104 1281 inooatasn

609 1290 729 1308 obedientiam
749 1295 787 1307 esse
805 1290 921 1308 necessariam
942 1289 1055 1307 manifestum
1072 1292 1104 1310 est.

609 1315 652 1341 quia
660 1315 701 1333 ideo
710 1315 835 1336 iustificamur‚
848 1319 867 1333 et
875 1318 965 1338 peccatum
975 1315 1015 1333 ideo
1026 1314 1104 1336 tollitur,

609 1345 629 1359 ut
640 1347 682 1359 vere
697 1341 717 1358 in
732 1341 784 1359 nobis
796 1341 878 1359 incoiitnr
890 1347 937 1358 nova
950 1344 968 1358 et
979 1344 1050 1359 aeterna
1062 1340 1104 1362 vita,

609 1373 654 1391 quae
663 1370 687 1384 est
696 1372 744 1384 nova
752 1366 792 1387 lux,
806 1370 824 1384 et
831 1366 934 1384 obedientia
942 1372 983 1389 erga
990 1365 1054 1384 Deum.

660 1396 695 1414 Sed
704 1396 738 1414 tria
747 1396 841 1419 praecipue
849 1397 871 1413 dc
879 1396 991 1418 ohedientia,
1004 1396 1035 1414 seu
1046 1396 1105 1419 operi-

609 1422 643 1440 bus
650 1422 711 1445 quaeri
719 1422 782 1440 solent.
802 1421 889 1443 Primum,
898 1428 943 1445 qnae
948 1428 1002 1445 opera
1010 1422 1105 1446 requiran-

609 1451 643 1465 tur.
669 1447 763 1469 Secundo,
775 1448 866 1471 quomodo
878 1447 969 1470 placeant,
982 1454 1022 1465 cum
1034 1451 1105 1465 maneat

608 1473 628 1491 in
641 1473 694 1491 nobis
706 1473 792 1491 naturalis
805 1473 908 1494 infimitas,
924 1473 1008 1491 videlieet
1019 1473 1105 1496 concupi—

609 1499 685 1519 scentia,
700 1504 746 1522 quae
757 1502 783 1516 est
794 1504 826 1516 sua
837 1502 900 1516 natura
912 1502 1009 1522 peccatum.
1035 1498 1105 1520 Tertio,

608 1525 631 1542 de
638 1524 714 1547 peccatis
721 1524 831 1542 mortalibus.
857 1523 887 1542 Ad
898 1523 930 1542 lus
940 1524 1052 1547 quaestiones
1064 1524 1105 1542 bre-

609 1550 655 1568 viter
664 1550 784 1573 respondebo.

974 1117 1009 1135 qus
1022 1110 1105 1131 diximus,
