4538 5754
119 103 193 181 sot

761 114 825 191 tv.
868 114 1144 195 ernanum
1171 72 1507 200 a'untoatcns
1549 56 1552 61 ’

117 274 263 345 riodum
289 293 415 398 sponte
439 296 643 401 sequuptur
670 288 822 359 noenu-ri.
881 288 953 360 Pro
975 287 1108 362 Archia
1161 297 1352 386 pendentia
1371 298 1543 371 membra.
1594 294 1757 395 Denique
1778 327 1861 376 noo·
1875 310 1928 379 sol
2036 330 2055 343 ”
2073 288 2143 350 4¹¹⁶

117 389 260 466 poterat
274 375 400 452 Cicero
418 385 630 475 sempliciter
653 387 787 476 dicere:
815 387 935 462 Deheo
954 388 1108 464 Archiae
1160 397 1317 479 enitatis,
1340 401 1400 469 sed
1418 400 1523 470 etiam
1541 332 2139 491 dignitatissffindam

116 479 273 550 reddere
286 484 436 573 gratiam
453 509 494 555 ex
509 480 574 553 hac
589 485 916 568 facultatedicendi.
937 493 1008 567 Sed
1027 497 1108 566 vide
1159 522 1233 569 esse
1252 499 1492 571 inscribendo
1510 499 1677 570 sentin*

116 584 302 672 quomodo
318 585 519 667 ornaverit,
538 599 704 663 extenuat
719 592 812 664 vires
833 617 932 682 suas,
964 598 992 665 si
1019 598 1107 695 quid

116 694 169 751 est
193 681 331 772 ingenii
354 688 449 778 quod
477 685 610 766 sentio,
650 716 758 784 quam
784 697 832 770 ,ἢ
851 697 1015 766 „semim
1040 696 1105 754 ete.

114 778 258 853 Deinde
273 782 642 878 partiturucuttatem
661 792 699 844 tu
712 789 780 845 tria
798 778 966 865 membra,
992 781 1030 850 in
1046 783 1103 853 in-

114 874 620 972 gentumexerctuuaw,
640 885 675 940 et
690 875 900 939 doctrinam.
939 879 1029 951 Nam
1046 879 1102 950 hie

114 985 232 1047 otum
248 977 355 1045 rebus
370 989 463 1047 artes
484 971 726 1042 continentur.
782 969 874 1038 lllud
894 970 1101 1041 scictettam
1175 1025 1183 1041 .

113 1076 295 1161 imitator,
326 1077 423 1171 quod
446 1075 575 1145 modus
598 1074 637 1142 in
665 1072 829 1142 ornando
862 1071 1105 1141 observandus

113 1178 170 1250 sit.
231 1175 334 1250 Nihil
358 1178 453 1247 enirn
479 1175 639 1247 odiosius
662 1187 716 1244 est
742 1173 843 1242 inani
870 1173 1106 1243 ostentatione

113 1293 285 1364 ornatus,
309 1280 374 1375 qui
387 1301 573 1372 nunquam
590 1279 695 1348 dehet
710 1275 827 1345 videri
850 1275 967 1345 ociose
989 1297 1106 1344 accer-

113 1383 223 1466 situs,
248 1383 311 1452 sed
325 1383 369 1452 ad
387 1381 636 1453 illustrandam
655 1401 807 1462 causam,
831 1376 1027 1447 necessario
1042 1377 1105 1445 ad-

115 1478 255 1568 hibitus
268 1507 354 1578 esse.

218 1628 318 1701 Haec
334 1629 364 1698 si
379 1628 528 1699 studiosi
544 1627 587 1696 'in
613 1625 764 1697 lectione
778 1622 960 1696 Ciceronis
984 1625 1106 1695 obser·

117 1734 274 1820 vehunt,
300 1755 379 1802 meo
410 1732 556 1825 quidem
587 1728 719 1799 iudicio
748 1729 877 1798 rectius
906 1727 1107 1817 intelligent

118 1847 279 1907 autorem
295 1835 483 1925 optimum,
499 1845 534 1903 et
551 1831 699 1903 virtutes
713 1855 835 1901 omues
850 1830 996 1923 propius
1013 1827 1107 1921 aspi-

118 1938 222 2008 cient.
274 1934 398 2030 Neque
413 1958 496 2004 vero
517 1931 604 2004 haec
622 1934 756 2005 utilitas
773 1931 896 2022 exigua
915 1931 1105 2001 iudicanda

119 2052 191 2128 est,
217 2036 460 2108 etiamsinon
478 2037 644 2128 procedat
660 2033 823 2107 imitatio.
876 2029 923 2103 Et
939 2045 1057 2102 tamen
1076 2032 1105 2100 si

119 2138 257 2210 conniti
279 2139 400 2208 volent
421 2139 498 2223 isti,
525 2137 587 2232 qui
609 2137 857 2206 adiuvantura
876 2148 1023 2221 nactura,
1048 2135 1107 2203 in-

120 2241 277 2311 tellectas
306 2241 474 2324 virtutes,
511 2241 629 2333 aliqu'a
660 2263 701 2308 ex
732 2251 830 2330 parte
853 2237 1017 2326 effingere
1041 2260 1105 2327 po·

121 2354 250 2417 terunt.
294 2339 404 2430 Quod
414 2342 443 2410 si
457 2336 544 2411 haec
558 2339 744 2431 diligentia
759 2338 996 2429 componendi
1013 2332 1107 2408 nihil

122 2445 187 2515 nisi
206 2442 381 2537 puerilem
398 2442 671 2512 ostentationem
688 2440 820 2531 ingenii
843 2436 1007 2525 haberet,
1032 2464 1105 2509 non

124 2561 225 2632 esset,
252 2569 317 2617 cur
338 2541 445 2615 huius
466 2545 575 2637 partis
598 2543 834 2615 imitationem
859 2542 963 2612 valde
987 2542 1107 2636 requi-

125 2648 268 2718 rendam
288 2661 459 2740 putarem.
511 2644 582 2718 Sed
598 2671 678 2715 cum
700 2645 870 2714 maximas
891 2642 1015 2714 afferat
1037 2644 1106 2713 uti·

76 2754 78 2765 '
125 2750 252 2835 litatca,
279 2748 385 2839 digua
401 2744 490 2818 mihi
507 2773 562 2817 res
578 2749 737 2826 videtur,
761 2746 799 2814 in
818 2772 886 2839 qua
903 2745 1010 2839 siqui
1032 2765 1105 2814 uon

129 2853 364 2923 destituuntur
380 2851 512 2940 ingenii
529 2848 684 2932 virilius,
710 2849 904 2919 elaborent.
938 2844 998 2918 Fit
1011 2848 1105 2916 enim

130 2955 235 3024 oratio
253 2953 552 3044 magisdilucida,
578 2952 607 3019 si
629 2966 709 3042 apte
732 2943 944 3020 cohaereant
964 2963 1106 3020 senten-

132 3057 208 3140 tiae,
232 3056 262 3126 si
281 3078 355 3124 nou
372 3055 622 3146 relinquantur
637 3051 841 3145 imperfecta
857 3052 1027 3136 membra,
1046 3064 1107 3121 aut

132 3172 347 3249 argumenta,
379 3157 408 3224 si
431 3167 549 3226 extent
571 3167 675 3248 atque
697 3154 877 3223 emineant
898 3154 958 3222 ille
981 3169 1107 3245 partes,

133 3282 208 3353 quas
225 3258 414 3352 praecipue
436 3256 590 3349 conspici
616 3257 780 3348 prodest,
805 3255 835 3323 si
856 3255 935 3349 quis
961 3269 1108 3327 ornatus

133 3360 222 3453 quasi
238 3361 387 3430 vestitus
404 3358 607 3443 accesserit,
633 3357 663 3427 si
679 3355 870 3426 mediocria
897 3356 969 3427 sint
990 3358 1107 3449 perio·

133 3463 250 3533 dorum
265 3462 400 3557 spacia,
425 3462 457 3531 si
473 3485 548 3530 nou
569 3460 642 3529 sint
666 3458 856 3551 dissipatae
881 3458 1021 3551 periodi
1040 3460 1107 3555 hy-

132 3564 292 3654 perbatis.
331 3560 562 3632 Verissimum
588 3561 683 3630 enim
706 3563 796 3631 illud
814 3574 884 3646 est,
903 3565 1003 3654 ¹quod
1020 3561 1108 3632 scri·

132 3664 174 3736 bit
182 3663 331 3751 Cicero,
350 3688 469 3733 veram
487 3663 638 3755 speciem
654 3687 694 3733 ac
711 3657 1014 3755 pulchritudinem
1028 3687 1109 3734 cum
1214 3721 1222 3736 .

133 3766 277 3838 utilitate
293 3767 520 3837 coniunctam
538 3788 622 3846 esse,
646 3765 746 3835 cuius
757 3765 809 3833 rei
823 3779 899 3836 tum
917 3767 955 3834 iu
972 3780 1110 3852 natura,
1210 3822 1219 3838 .

133 3883 198 3939 tum
222 3871 262 3939 in
286 3868 415 3938 artium
439 3867 627 3959 operibus,
653 3867 875 3961 maximeque
897 3866 935 3936 in
958 3869 1109 3938 aedificii

132 3969 264 4041 infinita
282 3969 440 4061 exempla
457 3969 596 4039 oslendi
613 3984 770 4061 possunt.

222 4122 316 4193 Nam
333 4123 392 4190 illa
413 4123 449 4190 in
465 4121 633 4190 aedificiis
649 4135 728 4212 apta
748 4123 902 4213 partium
925 4125 1109 4214 proportio

1259 646 1370 721 mm„
1397 642 1435 681 m
1456 607 1585 700 partim
1616 632 1684 679 usu
1709 596 1977 698 coguoverunt,
2010 613 2139 701 partim

1155 742 1230 807 ,aa
1251 713 1434 797 doctrina,
1463 711 1497 780 vi
1524 711 1657 800 ingenii
1680 711 1916 802 perspiciunt,
1942 713 1981 781 iu
2004 716 2139 802 maguis

1153 834 1188 893 et
1207 818 1374 911 gravibus
1401 812 1534 898 causis,
1566 813 1765 883 orationem
1789 815 2008 904 perspicuam
2041 829 2074 884 et
2102 815 2140 884 iu

1154 947 1225 1017 qua
1240 918 1378 1014 aliquid
1393 914 1576 1006 dignitatis
1591 914 1636 985 sit
1659 914 1809 1009 requiri.
1858 915 1966 1006 Quod
1990 941 2070 985 cum
2090 918 2139 987 ita

1157 1039 1221 1110 stt,
1245 1044 1399 1115 cumque
1418 1032 1544 1088 natura
1563 1020 1670 1087 ducat
1693 1011 1858 1089 homines
1879 1019 2071 1108 prudentes
2094 1019 2140 1087 ad

1158 1124 1441 1215 componendam
1466 1119 1683 1201 orationem,
1716 1120 1818 1190 decet
1842 1120 2002 1189 eruditos
2027 1120 2140 1209 perfe-

1158 1239 1254 1295 ctum
1274 1225 1421 1317 aliquod
1456 1222 1656 1311 exemplum
1687 1220 1932 1290 collocationis
1962 1245 2141 1315 quaerere,

1157 1329 1201 1395 ad
1218 1328 1313 1419 quod
1330 1348 1366 1395 se
1383 1325 1420 1393 in
1436 1323 1596 1393 iacienda
1611 1322 1809 1392 orationem
1828 1323 1994 1394 referant.
2019 1322 2142 1415 Turpe

1159 1440 1210 1497 est
1224 1429 1319 1496 euim
1335 1425 1496 1510 eruditis,
1516 1446 1630 1518 neque
1649 1422 1720 1490 vim
1737 1419 1844 1494 huius
1860 1424 1914 1493 rei
1931 1424 2142 1515 intelligere,

1159 1552 1275 1622 neque
1296 1531 1471 1600 rationem
1493 1528 1695 1620 requirere,
1737 1549 1818 1595 cum
1849 1520 1976 1596 harum
2011 1530 2141 1598 artium

1159 1634 1265 1725 rudes
1279 1631 1505 1723 perspiciant,
1532 1643 1566 1700 et
1583 1643 1715 1723 quanta
1732 1625 1787 1698 vis
1802 1627 1846 1697 sit
1863 1628 2142 1721 compositionis,

1159 1746 1193 1803 et
1206 1733 1364 1804 iudicent
1379 1756 1435 1803 res
1445 1754 1588 1820 magnas
1603 1730 1680 1799 sine
1695 1725 1762 1799 hac
1775 1729 1959 1819 diligentia
1975 1730 2144 1823 explicari

1159 1858 1233 1904 uon
1250 1859 1360 1926 posse.
1397 1832 1627 1904 Miraautem
1643 1831 1778 1922 ingenii
1792 1832 1921 1902 fiducia
1936 1847 1998 1917 est,
2022 1833 2061 1901 in
2077 1827 2143 1901 hac

1147 1951 1258 2028 'parte
1275 1938 1379 2027 lunge
1394 1934 1604 2006 difficillima
1631 1933 1818 2025 repudiare
1834 1936 2010 2026 exempla,
2036 1950 2142 2027 atque

1159 2039 1339 2131 aspernari
1373 2036 1631 2120 imitationem,
1670 2059 1750 2105 cum
1782 2035 1819 2104 in
1844 2036 1925 2106 aliis
1948 2036 2143 2107 levioribus

1158 2140 1295 2212 artibus
1322 2136 1486 2210 homines
1508 2139 1584 2207 siue
1613 2135 1781 2229 exemplis
1812 2151 1916 2230 atque
1941 2138 2142 2208 imitatione

1160 2267 1283 2333 parum
1317 2242 1511 2334 proficiant.
1570 2235 1619 2309 Et
1640 2238 1748 2329 vulgo
1768 2237 1817 2309 ita
1840 2240 1911 2309 dici
1927 2241 2035 2311 solet:
2062 2238 2143 2310 Silii

1159 2368 1323 2438 quenque
1340 2344 1531 2436 pessimum
1548 2364 1622 2410 esse
1635 2342 1856 2430 magistrum,
1881 2344 1976 2434 quod
1996 2365 2069 2410 non
2085 2365 2144 2410 so-

1159 2446 1296 2515 lumin
1320 2448 1474 2526 artibus,
1501 2446 1562 2513 sed
1588 2443 1626 2511 iu
1650 2443 1810 2513 moribus
1830 2457 1865 2512 et
1888 2444 1925 2511 in
1946 2443 2046 2513 omni
2072 2443 2143 2513 vita

1158 2549 1347 2619 cernimus.
1400 2546 1491 2618 Cum
1507 2547 1617 2634 igitur
1632 2539 1788 2613 harcars
1809 2543 1885 2612 sine
1905 2544 2064 2634 exemplo
2090 2557 2144 2612 at-

1159 2673 1228 2742 que
1242 2648 1441 2718 imitatione
1459 2647 1575 2738 perfici
1592 2670 1665 2714 non
1684 2645 1812 2737 possit,
1839 2660 1872 2715 et
1897 2647 1991 2715 iuter
2012 2647 2143 2736 peritos

1159 2765 1295 2822 constet
1311 2750 1598 2840 perfectissimam
1616 2770 1688 2816 esse
1706 2747 1891 2817 Ciceronis
1914 2747 2143 2837 compositio-

1158 2874 1260 2937 nem,
1286 2853 1464 2945 praeclare
1488 2851 1602 2919 lacere
1624 2848 1807 2919 iudicandi
1829 2862 1929 2933 sunt,
1960 2849 2022 2942 qui
2047 2844 2142 2917 hunc

1159 2953 1403 3029 autoremsibi
1419 2964 1644 3047 proponunt,
1670 2964 1710 3020 ut
1724 2973 1805 3020 cum
1820 2949 1907 3019 alias
1929 2951 2005 3020 eius
2029 2949 2144 3021 virtu·
2197 2983 2204 2989 ·

1160 3070 1229 3138 tes,
1255 3069 1331 3126 tum
1348 3056 1453 3126 etiam
1471 3053 1740 3124 collocationem
1760 3051 1941 3147 effingam.

1261 3205 1354 3280 Cum
1376 3209 1470 3278 enim
1492 3209 1639 3278 omnino
1661 3206 1781 3300 aliqua
1813 3201 2012 3278 collocandi
2040 3220 2145 3301 atque

1160 3312 1313 3381 ornandi
1327 3311 1418 3381 ratio
1436 3312 1630 3382 necessaria
1645 3310 1709 3392 sit,
1735 3308 1773 3378 id
1795 3311 1891 3401 quod
1914 3309 2146 3401 experiuntur

1161 3415 1198 3482 in
1229 3415 1368 3503 magnis
1398 3415 1512 3483 causis
1542 3413 1647 3483 ctiam
1671 3410 1849 3495 illiterati,
1881 3412 2069 3503 prudentia
2094 3425 2146 3481 est

1161 3516 1358 3606 exemplum
1375 3516 1502 3605 eligere
1518 3516 1708 3606 optimum.
1757 3511 1849 3582 Nam
1867 3527 1900 3584 et
1917 3510 2042 3582 Cicero
2064 3537 2148 3604 pro-

1160 3630 1279 3709 pterea
1304 3617 1444 3686 videtur
1466 3615 1593 3686 melius
1616 3614 1854 3707 composuisse
1878 3638 1985 3706 quam
2007 3616 2147 3699 caeteri,

1162 3745 1244 3813 quta
1260 3719 1468 3789 excellentes
1484 3718 1632 3787 artifices
1649 3716 1808 3786 imitatus
1823 3728 1885 3790 est.
1928 3713 2078 3787 Secutus
2094 3730 2146 3785 est

1162 3846 1257 3891 enim
1274 3821 1474 3912 exemplum
1498 3818 1674 3903 lsocratis,
1698 3843 1778 3888 cum
1796 3818 1857 3886 alii
1883 3820 2039 3888 contenti
2066 3819 2145 3887 vul-

1162 3924 1237 4013 gari
1254 3925 1409 4016 quadam
1424 3913 1538 3992 lorma
1556 3920 1748 4004 orationis,
1774 3916 1866 3989 nihil
1890 3921 2016 3988 melius
2037 3944 2145 4012 quae-

1163 4041 1302 4110 rerent,
1335 4038 1397 4094 aut
1420 4024 1620 4116 perfectius.
1649 4022 1794 4117 Neque
1814 4024 1859 4091 ab
1885 4017 1951 4090 hac
1972 4021 2144 4090 sententia

1162 4153 1204 4197 eo
1228 4129 1386 4196 deducor
1405 4127 1642 4219 quodmagni
1669 4124 1850 4195 extiterint
1874 4140 2049 4206 oratores,
2082 4124 2145 4215 qui

2073 144 2260 245 ⁶⁰2st

76 4302 78 4313 ¹
132 4249 196 4297 uuo
211 4226 335 4294 minus
349 4219 456 4295 habet
471 4224 656 4307 utilitatis,
682 4247 788 4315 quam
802 4224 950 4298 decoris.
989 4223 1110 4313 Quare
1161 4242 1526 4319 noncomposuerunt
1548 4225 1855 4298 moreCiceronia.
1905 4224 2027 4317 Neque
2050 4226 2145 4294 enim

133 4328 399 4399 existimandum
416 4338 468 4394 est
485 4338 521 4395 ct
540 4319 633 4392 hanc
657 4318 882 4395 harmoniam
905 4326 1109 4399 collocatio·
1161 4330 1288 4399 similis
1312 4344 1363 4400 est
1376 4328 1503 4424 Lysiae
1525 4329 1735 4422 compositio
1751 4324 2014 4398 Ciceronianae.
2066 4325 2144 4418 Ego

132 4430 181 4497 ais
195 4429 380 4512 oratione,
402 4451 475 4497 uon
494 4426 609 4495 solum
629 4440 772 4517 propter
787 4441 1023 4514 venustatem,
1048 4431 1108 4498 sed
1161 4439 1246 4502 ve'ro
1270 4455 1345 4503 non
1367 4431 1494 4521 ignoro
1521 4431 1711 4501 dissimiles
1734 4449 1807 4496 esse
1836 4428 1875 4496 iu
1898 4433 2144 4518 componendo

132 4530 229 4601 etiarn
265 4542 410 4619 propter
445 4543 575 4598 certam
608 4528 796 4597 utilitatem
829 4530 1109 4602 animadversam
1161 4557 1308 4624 magnos
1329 4547 1484 4606 autores.
1542 4530 1596 4602 Ac
1620 4557 1664 4602 ne
1685 4529 1811 4602 Cicero
1841 4530 1985 4621 quidem
2019 4519 2144 4601 eodem
2211 4600 2212 4605 ,

134 4653 210 4705 esse.
262 4629 434 4721 ldqueex
453 4655 494 4699 eo
512 4629 666 4718 intelligi
691 4642 804 4720 potest
828 4633 925 4722 quod
950 4633 1110 4704 videmus
1161 4639 1269 4706 modo
1285 4638 1467 4724 componit
1482 4635 1614 4706 omnia.
1666 4631 1800 4702 Verum
1816 4626 2145 4702 hochaltentcom-

76 4734 78 4825 l
133 4724 515 4821 hominesprudentes,
538 4734 596 4799 secl
623 4733 729 4800 rudes
752 4727 879 4803 harum
906 4747 1109 4805 nostrarum
1161 4751 1270 4808 mune
1293 4737 1677 4806 excellentes-artifices
1703 4758 1847 4818 omnes,
1880 4735 1975 4827 quod
2003 4750 2144 4804 senten-

76 4842 78 4881 Ξ
135 4835 274 4917 attium,
306 4856 444 4902 summa
469 4833 653 4921 diligentia
678 4857 891 4926 componere
917 4848 952 4905 et
975 4849 1111 4906 struere
1162 4841 1228 4911 tias
1250 4841 1378 4910 ordine
1394 4841 1632 4922 distribuunt,
1655 4837 1791 4911 etiamsi
1812 4838 1977 4926 periodos
1995 4860 2068 4906 non
2084 4862 2145 4906 eo·
2216 4869 2218 4873 ’

76 4966 78 5033 j
138 4937 337 5047 orationem,
360 4935 423 5028 qui
438 4935 474 5004 id
488 4935 688 5004 laciendum
704 4950 841 5025 putant,
857 4960 930 5006 non
946 4939 1112 5030 volupta·
1162 4945 1241 5012 dem
1258 4944 1365 5011 modo
1385 4942 1530 5012 iaciunt.
1584 4938 1722 5010 Deinde
1739 4942 1833 5031 quod
1853 4937 1969 5031 aliqua
1986 4941 2144 5008 membra

139 5045 196 5121 tu,
219 5039 280 5108 sed
296 5037 647 5119 necessitatiscausa,
673 5037 849 5122 videlicet,
875 5041 1007 5133 nequid
1024 5065 1109 5111 con·
1163 5045 1281 5114 verbis
1299 5045 1515 5114 illuminant.
1567 5039 1615 5113 Et
1630 5039 1697 5113 hac
1713 5041 1750 5110 in
1766 5066 1804 5110 re
1821 5041 2007 5132 praecipue
2031 5042 2145 5111 excel-

76 5174 78 5225 ς
140 5136 221 5219 lose,
245 5139 380 5233 nequid
403 5140 569 5222 obscure,
603 5139 733 5229 nequid
759 5140 1024 5233 intempestive,
1052 5158 1112 5214 aut
1162 5148 1242 5216 lunt
1264 5142 1322 5230 hi,
1355 5147 1418 5240 qui
1441 5159 1615 5216 vocantur
1640 5143 1768 5227 Attici,
1794 5145 1889 5235 quod
1919 5143 2076 5229 efficiunt
2106 5156 2146 5212 ut

76 5266 79 5277 ·
142 5238 243 5311 alieno
268 5243 348 5310 loco
374 5242 514 5324 dicant,
549 5263 662 5331 nequa
688 5241 892 5335 relinquant
923 5246 1048 5315 mtrtila
1077 5258 1113 5316 et
1162 5260 1242 5340 apte
1265 5244 1475 5319 cohaereant
1494 5247 1707 5327 sententiae,
1733 5245 1869 5314 etiamsi
1894 5245 2050 5335 periodis
2074 5266 2146 5310 non

1649 5349 1732 5418 82*
