4538 5754
92 206 98 231 “
118 219 192 301 571

118 490 300 581 dividitur
323 506 386 576 per
407 478 624 553 differentias
650 478 689 546 in
714 478 856 569 species.
888 476 1110 549 Animaliurn

4 676 7 681 ,
125 595 224 666 aliud
239 585 430 670 rationale,
456 596 494 654 ut
516 577 642 661 homo,
667 579 766 650 aliud
789 580 866 650 sine
890 580 1028 650 satione
1051 592 1113 664 est,

127 717 166 766 nt
181 696 265 775 bos,
291 709 421 780 equus,
446 699 512 757 etc.
561 680 639 751 Hae
659 682 791 770 species
805 682 935 751 deinde
950 682 1113 773 proprie-

129 797 258 869 tatibus
274 790 547 868 discernuntur,
571 797 628 854 ut:
652 779 726 851 Bos
739 797 791 854 est
805 783 940 852 animal
952 784 1113 876 quadru-

130 921 209 992 pes,
228 905 439 972 cornutum,
465 888 647 976 mugiens,
672 897 736 954 etc.
785 882 985 957 Habitunm
1009 883 1114 954 diffe-

129 999 264 1071 rentiae
293 994 381 1062 alias
405 1015 424 1060 a
448 988 632 1072 subiectis,
657 987 744 1055 alias
766 987 810 1055 ab
833 987 1001 1070 obiectis,
1027 985 1115 1055 alias

130 1105 175 1173 ab
199 1097 381 1169 effectibus
400 1104 610 1172 sumuntur,
640 1101 700 1171 ut,
732 1082 917 1158 habituum
946 1088 1006 1157 alii
1032 1098 1116 1157 sunt

132 1201 276 1273 habitus
300 1194 518 1276 intellectus,
541 1206 581 1260 ut
602 1188 774 1274 noticiae,
793 1190 855 1259 alii
878 1205 961 1261 sunt
985 1190 1113 1259 volun-

54 1317 57 1323 ’
131 1305 233 1386 tatis,
259 1314 298 1369 ut
313 1297 473 1367 virtutes.
525 1292 586 1364 Sic
600 1293 693 1380 apud
719 1291 874 1361 medicos
893 1291 1115 1362 differentiae

132 1407 340 1485 morborum
352 1398 506 1467 illustres
522 1418 541 1463 a
556 1393 643 1463 locis
656 1391 788 1462 affectis
803 1407 1005 1467 sumuntur.
1030 1392 1116 1460 Vir-

131 1521 247 1577 tutum
267 1500 398 1591 species
413 1497 535 1567 multis
550 1495 696 1567 obiectis
717 1495 985 1567 discernuntur:
1012 1491 1115 1565 Aliae

133 1603 337 1678 immediate
358 1624 437 1670 cum
460 1595 537 1668 Deo
560 1611 687 1686 agunt,
713 1609 752 1669 ut
774 1597 881 1679 fides,
907 1596 1016 1666 timor
1036 1594 1116 1681 Dei,

132 1707 273 1789 fiducia,
298 1724 386 1794 spes,
410 1700 554 1769 dilectio
570 1697 649 1769 Dei.
677 1699 982 1768 Aliaeintuentur
997 1694 1115 1768 homi·

133 1834 216 1892 nes,
256 1820 295 1876 ut
329 1803 467 1873 iusticia
498 1800 720 1892 particularis
754 1823 857 1869 strum
890 1801 1018 1894 cuique
1049 1797 1116 1869 tri-

131 1915 263 1983 buens:
291 1903 543 1997 Temperantia
558 1905 764 1972 moderatur
781 1903 977 1991 voluptates
995 1900 1065 1971 cibi
1082 1912 1117 1970 et

131 2029 251 2104 potus:
280 2006 431 2077 Castitas
449 2001 615 2097 probibet
628 2003 863 2074 contaminari
880 2028 1029 2095 corpora
1053 2026 1114 2070 va·

131 2118 184 2206 gis
207 2108 440 2193 hbsdtmbns,
472 2120 536 2176 etc.
590 2103 755 2176 Vindicta
777 2104 952 2195 dividitur
974 2105 1012 2177 in
1034 2104 1115 2172 vin·

131 2219 261 2287 dictam
285 2210 484 2281 ordinatam
509 2219 543 2276 et
566 2207 819 2281 inordinatam.
869 2204 923 2274 Ac
948 2206 1116 2277 differen-

130 2321 200 2390 tiae
223 2340 240 2384 a
265 2291 378 2384 cau’sis
401 2321 604 2380 sumuntur.
667 2302 845 2376 Ordinata
870 2321 940 2387 est,
966 2330 1056 2401 qnae
1079 2306 1117 2376 lit

131 2422 227 2489 iuxta
253 2417 347 2504 leges
369 2436 432 2505 per
456 2409 700 2498 magistratus,
734 2404 825 2477 hanc
851 2412 1025 2499 approbat
1047 2430 1116 2478 vox

131 2517 328 2607 Evangelii.
385 2511 614 2593 lnurdinata,
642 2532 731 2601 qnae
746 2509 785 2579 fit
808 2508 884 2579 sine
908 2510 1025 2599 legum
1052 2534 1117 2579 au-

131 2621 274 2693 toritate
292 2638 354 2707 per
369 2614 544 2705 privatos,
564 2606 650 2680 haec
666 2605 845 2702 prohibita
861 2625 923 2686 est.
966 2609 1008 2681 ln
1028 2634 1117 2703 qua-

133 2723 220 2791 libet
241 2717 350 2809 igitur
374 2712 518 2783 materia
542 2710 733 2801 diligenter
759 2734 887 2801 genera
916 2712 1116 2805 quaerenda

61 2831 63 2834 ’
134 2835 235 2904 suut,
260 2833 301 2889 nt
317 2818 409 2887 iufra
425 2815 462 2883 in
476 2814 564 2883 locis
579 2813 768 2882 dicendum
785 2814 869 2896 erit,
891 2829 924 2883 et
944 2828 1037 2884 recte
1062 2813 1118 2881 di-

133 2923 306 3004 videnda,
335 2932 369 2988 et
391 2917 603 2998 videndum,
641 2915 738 2985 unde
770 2915 862 2984 sumi
894 2914 1117 2985 differentiae

133 3023 281 3117 possint.
335 3018 528 3090 Incurrunt
543 3030 661 3102 autem
680 3016 718 3084 in
740 3038 862 3085 sensns
884 3017 1003 3110 aliqua
1026 3014 1118 3085 acci·

133 3127 273 3202 dentia,
299 3135 334 3193 et
347 3119 549 3190 effectiones
567 3119 724 3211 aliquae,
752 3137 841 3210 quae
858 3117 913 3187 vel
937 3119 1119 3189 deducunt

133 3226 413 3297 considerantem
443 3223 487 3289 ad
513 3219 729 3290 differentias
763 3220 849 3289 alias
875 3220 1120 3304 inveniendas,

132 3331 186 3400 rel
205 3349 269 3416 pro
287 3321 498 3392 differentiis
512 3336 740 3410 usurpantur.

299 3501 392 3581 Quos
415 3504 464 3564 est
486 3497 588 3563 tertia
605 3495 721 3582 formu
743 3493 966 3565 divisionum?

236 3622 269 3694 T
272 3624 359 3694 ertia
373 3622 486 3691 forma
503 3631 569 3690 cst:
593 3617 735 3690 Divisio
751 3621 859 3691 totius
876 3622 915 3691 in
931 3637 1046 3712 partes
1057 3643 1120 3692 seu

138 3727 339 3800 essentiales
357 3748 419 3794 seu
443 3723 641 3814 integrales.
693 3720 797 3792 Hanc
817 3724 967 3792 formam
993 3721 1119 3794 Cicero

135 3829 279 3923 proprie
311 3825 473 3895 nominat
508 3824 758 3917 partitionem,
796 3827 880 3919 quia
911 3841 1026 3917 partes
1057 3848 1119 3894 sen

135 3934 291 4003 membra
316 3942 482 3997 recenset.
532 3922 582 3996 Et
613 3951 633 3996 a
665 3930 848 4018 superiore
878 3929 990 3998 lorma
1016 3927 1119 3997 facile

135 4031 289 4114 discerni
304 4042 428 4121 potest.
454 4025 545 4096 Nam
561 4026 691 4098 divisio
704 4029 842 4117 generis
858 4030 995 4121 quaerit
1008 4028 1118 4098 multa

135 4135 325 4214 inferiora,
351 4128 541 4222 dequibus
561 4149 671 4216 genus
687 4131 883 4219 praedicari
899 4144 1023 4221 potest.
1071 4130 1119 4199 At

79 4230 85 4239 ’
136 4237 265 4317 divisio
292 4234 401 4305 totins
428 4231 466 4298 in
490 4241 607 4319 partes
633 4243 684 4298 est
714 4231 934 4301 enumeratio
964 4229 1118 4322 partium

136 4335 426 4410 constituentium
444 4330 724 4424 unamaliquam
742 4356 836 4413 rem,
863 4348 924 4413 ut,
948 4336 1120 4429 sicorpo-

138 4442 186 4508 ris
202 4435 352 4509 humani
367 4449 482 4528 partes
499 4431 698 4518 discernas,
723 4448 841 4527 caput,
867 4436 1012 4517 collum,
1038 4431 1120 4505 tho-

137 4565 273 4621 racem,
307 4563 387 4620 cor,
420 4559 521 4626 epar,
554 4548 737 4618 ventrem,
767 4536 946 4624 splenem,
981 4537 1119 4624 spinam

22 4674 24 4679 ·
137 4640 256 4719 dorsi,
287 4634 452 4720 brachia,
487 4639 615 4728 pedes,
648 4650 714 4708 etc.
773 4635 928 4726 Magnus
954 4660 1039 4707 usus
1069 4654 1120 4707 est

137 4759 172 4812 et
190 4738 296 4810 huius
312 4739 447 4805 formae
460 4737 498 4804 in
515 4752 587 4808 tota
606 4737 690 4813 vita.
722 4737 827 4829 Legis
844 4736 1023 4808 Mosaicae
1038 4763 1121 4830 par·

138 4859 190 4914 tes
203 4857 273 4913 tres
287 4852 385 4909 sunt:
414 4836 582 4919 Moralis‚
608 4841 789 4911 iudicialis
805 4855 840 4911 et
855 4837 1119 4914 Ceremonialis.

136 4945 212 5014 Nec
228 4954 368 5010 tautum
385 4938 428 5005 de
443 4934 600 5008 Mosaica
618 4943 693 5031 lege
710 4946 847 5012 utinum
867 4938 934 5013 hac
959 4936 1119 5032 partitio-

137 5071 204 5128 ne,
228 5043 289 5112 sed
319 5041 357 5109 in
387 5039 485 5107 omni
512 5041 656 5129 politica
686 5045 943 5132 gubernatione
972 5039 1120 5113 honesta

137 5161 222 5219 sunt
244 5158 315 5212 tres
341 5152 469 5230 partes.
518 5139 592 5210 Lex
615 5144 780 5229 moralis,
802 5171 890 5237 quae
913 5169 983 5216 tina
1007 5160 1041 5217 et
1060 5169 1119 5213 ea-

137 5252 217 5319 dem
242 5258 292 5313 est
314 5241 448 5341 ubique
471 5255 504 5312 et
531 5238 693 5327 aeterna,
726 5248 889 5318 videlicet
912 5244 1121 5336 Deculogus,

136 5366 178 5423 ut
196 5347 325 5420 usitate
346 5341 574 5413 nominamus
594 5346 764 5445 moralem
786 5347 928 5439 Legem.
980 5346 1118 5435 Deinde

359 204 568 284 SCRlPTA
595 203 671 278 PH.
696 199 814 277 MEL.
841 201 906 275 AD
931 200 1060 275 HIST.
1086 199 1232 280 PROF.
1258 198 1324 277 ut
1353 201 1545 278 PHlLOS.
1571 203 1893 285 SPECTANTIA.
2070 210 2146 289 ste

9 398 11 401 ’
124 389 271 467 aliunde
299 380 563 476 qualescunque
593 375 831 462 differentias,
872 388 928 447 nt:
962 373 1110 446 Animal

1161 375 1349 452 iudicialis.
1401 372 1480 447 Etsi
1511 376 1607 448 enim
1630 377 1727 454 Mosi
1753 381 1871 454 lorum
1894 376 1991 453 nihil
2012 384 2058 453 ad
2082 407 2145 454 uos

1163 480 1333 571 pertinet,
1367 494 1483 550 tamen
1511 483 1645 575 ubique
1670 497 1809 576 oportet
1831 509 1904 556 esse
1928 485 2081 570 indicia,
2113 501 2145 554 et

1163 582 1407 671 magistratus,
1440 583 1502 676 qui
1533 584 1605 655 sint
1634 600 1836 657 executores
1859 610 2083 679 poenarum,
2117 589 2145 655 si

1163 683 1226 776 qui
1243 684 1377 755 violant
1399 685 1511 774 legem
1535 687 1723 771 moralem,
1749 702 1888 779 oportet
1910 687 2068 758 discerni
2082 688 2145 758 do-

1163 786 1273 854 minia
1290 809 1421 860 rerum.
1473 786 1555 858 Sint
1572 788 1680 877 igitur
1694 789 1834 883 aliquae
1856 789 2063 874 iudiciales,
2087 813 2145 859 sen

1162 886 1319 957 forenses
1334 888 1427 978 leges
1441 888 1545 957 etiam
1562 889 1599 957 in
1615 889 1694 959 aliis
1715 890 1893 981 imperiis,
1917 916 1984 961 nec
2010 914 2146 963 necesse

1164 1002 1252 1059 esta
1276 989 1383 1059 nobis
1405 990 1513 1077 recipi
1531 987 1716 1062 Mosaicas.
1767 991 1837 1063 Sed
1864 997 1909 1061 de
1926 994 2145 1062 Ceremoniis

1164 1091 1370 1181 cogitemus.
1423 1086 1500 1161 Etsi
1516 1085 1610 1159 nihil
1624 1093 1668 1160 ad
1685 1114 1751 1159 nos
1777 1094 1953 1183 pertinent
1972 1091 2071 1162 Mosi
2093 1119 2146 1163 ce-

1166 1193 1361 1273 remoniae,
1388 1207 1504 1263 tamen
1530 1191 1568 1260 in
1597 1188 1659 1261 bac
1683 1188 1869 1265 hominurn
1891 1194 2145 1264 consuetudine

1165 1317 1304 1364 neccsse
1321 1307 1372 1366 esl
1388 1289 1576 1365 honestum
1592 1295 1756 1377 ordinem
1774 1296 1954 1365 actionum
1971 1319 2059 1378 esse,
2086 1319 2146 1364 ue·

1165 1417 1259 1465 cesse
1276 1409 1327 1463 est
1345 1419 1553 1485 congressus
1570 1395 1730 1485 publicos
1746 1396 1785 1463 in
1800 1397 1940 1488 templis
1948 1396 2031 1466 etin
2046 1392 2146 1465 scho-

1166 1498 1209 1566 lis
1226 1498 1354 1567 ordine
1370 1499 1490 1590 aliquo
1506 1497 1603 1580 fieri,
1630 1520 1769 1567 necesse
1785 1511 1837 1568 est
1859 1499 2146 1589 patremfamilias

1166 1598 1376 1668 distribuere
1395 1599 1515 1670 liberis
1538 1612 1705 1695 temporaa
1716 1599 1892 1682 discendi,
1917 1599 2005 1667 alias
2026 1622 2146 1690 operas

1165 1700 1327 1770 faciendi.
1368 1700 1501 1770 Paulos
1519 1723 1691 1768 summam
1709 1699 1902 1782 virtutum,
1925 1723 2014 1792 qnae
2028 1723 2146 1769 neces·

1166 1802 1277 1872 sarias
1296 1801 1431 1873 suntin
1453 1801 1615 1895 quolibet
1635 1801 1748 1881 iusto,
1770 1799 1826 1870 his
1852 1802 1966 1869 verbis
1989 1801 2146 1894 comple·

1165 1928 1229 1974 xns
1254 1918 1324 1989 est,
1353 1904 1391 1972 in
1416 1906 1534 1993 priore
1557 1904 1600 1971 ad
1626 1897 1856 1972 Timotheum
1879 1903 1992 1993 capite
2014 1903 2146 1992 primo:

1166 2003 1312 2076 Summa
1344 2004 1503 2075 mandati
1533 2016 1585 2073 est
1617 2003 1759 2074 dilectio
1784 2028 1825 2072 ex
1845 2006 1952 2073 corde
1973 2028 2086 2094 puro,
2116 2016 2147 2073 et

1167 2107 1379 2179 conscientia
1399 2109 1509 2189 bona,
1536 2118 1568 2175 et
1583 2106 1652 2174 fide
1667 2130 1741 2174 non
1757 2105 1846 2175 ficta.
1899 2103 2002 2175 Item:
2029 2105 2147 2175 Milite

1167 2211 1297 2277 bonam
1317 2209 1481 2277 militiam
1498 2203 1632 2276 habens
1647 2208 1751 2275 halem
1768 2219 1801 2275 et
1816 2207 1946 2275 bonam
1965 2207 2148 2276 conscien-

1167 2311 1264 2382 tiam.
1317 2309 1423 2380 Tales
1437 2311 1560 2378 breves
1575 2330 1730 2376 summas
1746 2307 1901 2377 arbitror
1917 2308 2033 2399 ipsum
2049 2309 2147 2400 Apo·

1167 2412 1296 2481 stolum
1312 2409 1655 2504 singulariconsilio
1682 2408 1923 2499 proposuisse,
1951 2421 1991 2477 nt
2011 2410 2148 2480 assidue

1168 2513 1206 2581 in
1221 2514 1401 2582 mentibus
1417 2514 1642 2581 circumferre
1660 2512 1833 2600 possimus
1847 2510 2045 2578 doctrinam
2069 2512 2148 2579 bre-

1168 2614 1260 2684 viter
1276 2609 1589 2703 comprehensam,
1615 2625 1648 2683 et
1663 2612 1831 2695 sciamus,
1856 2609 1944 2702 quas
1968 2633 2023 2679 res
2049 2635 2147 2702 prae-

1168 2715 1271 2807 cipue
1288 2716 1550 2807 complectatur.
1605 2712 1686 2783 Vita
1703 2711 1777 2782 Deo
1796 2712 1934 2803 placens
1951 2726 2066 2782 totum
2091 2728 2149 2798 est,

1168 2832 1304 2909 partes,
1330 2815 1418 2887 fides
1441 2831 1475 2887 et
1499 2816 1636 2886 iusticia
1656 2817 1770 2883 hortae
1786 2814 2033 2887 conscientiae.
2085 2816 2149 2886 Di·

1168 2919 1260 2989 visio
1290 2919 1421 3008 peccati
1447 2918 1485 2987 in
1509 2919 1640 3008 species
1667 2913 1752 2985 haec
1779 2929 1844 2983 cst:
1878 2913 2068 2984 Peccatum
2092 2932 2150 2990 aut

1169 3034 1220 3091 est
1236 3021 1408 3111 originale
1425 3034 1484 3088 attt
1503 3021 1649 3090 actuale.
1703 3013 1891 3105 Originale
1914 3030 1966 3085 est
1992 3018 2148 3090 defectus

1172 3120 1330 3194 iusticiae
1352 3121 1554 3209 originalis,
1580 3144 1669 3213 qnae
1693 3121 1843 3188 debebat
1864 3119 1901 3185 iu
1926 3114 2074 3187 homine
2096 3121 2150 3190 lu-

1171 3247 1260 3298 cere.
1311 3220 1459 3293 Actuale
1475 3235 1525 3292 est
1540 3223 1629 3291 actio
1646 3234 1767 3289 contra
1783 3222 1893 3307 legem
1909 3217 1989 3287 Dei.
2039 3214 2151 3315 quue

1110 3404 1112 3407 ,
1172 3348 1293 3397 rursus
1310 3324 1520 3393 dividimus:
1548 3321 1656 3392 Aliud
1682 3336 1733 3391 est
1757 3321 1908 3401 veniale,
1932 3320 2031 3391 aliud
2056 3347 2152 3394 mor-

1126 3421 1128 3425 ’
1169 3427 1251 3498 tale.
1304 3423 1466 3495 Venialia
1488 3425 1629 3496 suntin
1652 3423 1783 3493 renatis
1806 3423 1979 3510 originale
2006 3424 2152 3512 malum,

1171 3530 1230 3597 sed
1248 3530 1508 3598 condonatum:
1544 3527 1626 3596 item
1651 3526 1796 3594 affectus
1818 3524 1936 3619 vitiosi
1953 3542 2153 3615 pugnantes

1171 3654 1251 3699 cum
1273 3631 1347 3718 lege
1367 3627 1452 3712 Dei,
1486 3629 1615 3720 quibus
1638 3642 1756 3698 tamen
1780 3624 1829 3713 pii
1853 3640 2074 3715 repugnant,
2107 3654 2154 3701 ne

1171 3743 1291 3800 contra
1316 3731 1566 3800 conscientiam
1594 3729 1729 3798 violent
1750 3728 1862 3816 legem
1885 3727 1976 3807 Dei,
2009 3742 2045 3798 et
2067 3734 2155 3802 reti-

1171 3845 1258 3902 nent
1283 3831 1448 3900 fidociam
1480 3831 1742 3919 misticordiae
1773 3843 1917 3918 propter
1946 3827 2061 3898 filium
2086 3830 2155 3902 Dei

1171 3932 1375 4024 promissae.
1434 3931 1603 4002 Mortalia
1631 3946 1714 4001 sunt
1735 3930 1921 4018 originalia
1945 3946 1978 4000 et
2002 3935 2155 4004 actualia

1171 4033 1289 4103 omnia
1304 4030 1343 4101 iu
1361 4058 1432 4102 non
1450 4033 1593 4103 renatis.
1627 4032 1698 4104 Sed
1714 4057 1794 4100 cnm
1810 4033 1852 4099 de
1869 4031 2028 4121 lapsibus
2048 4059 2156 4107 rena-

1172 4135 1505 4229 torumloquimur,
1531 4134 1693 4203 mortalia
1711 4146 1792 4203 sunt
1813 4134 1969 4202 actiones
1991 4158 2158 4227 pugnan.

1171 4250 1222 4307 tes
1239 4260 1320 4306 cum
1337 4237 1413 4326 lege
1430 4235 1507 4316 Dei,
1524 4237 1654 4329 quibus
1669 4235 1915 4326 delinquentes
1930 4249 2054 4307 contra
2069 4263 2159 4309 cou-

1170 4338 1352 4409 scientiam
1385 4338 1521 4406 violant
1548 4338 1660 4426 legem
1684 4333 1768 4421 Dei,
1801 4349 1835 4404 et
1861 4350 2048 4427 propterea
2070 4353 2158 4412 tunc

1171 4437 1334 4510 reihout
1359 4452 1521 4508 aeternae
1546 4438 1804 4520 damnationis,
1829 4437 1940 4506 effuso
1964 4452 1997 4506 et
2021 4444 2159 4512 contri-

1173 4553 1262 4610 stato
1287 4539 1424 4628 Spiritu
1450 4555 1584 4610 sancto.
1645 4541 1874 4633 Nequaquam
1904 4540 2000 4607 enim
2028 4541 2159 4633 imagi·

1172 4644 1330 4711 nandum
1348 4655 1418 4725 est,
1444 4639 1616 4710 Davidem
1634 4667 1713 4711 cnm
1728 4641 1841 4711 sciens
1863 4654 1897 4707 et
1919 4642 2043 4710 volens
2065 4648 2159 4735 rapit

1172 4742 1318 4812 alterius
1334 4743 1537 4832 coniugem,
1564 4756 1649 4813 tnnc
1666 4739 1782 4812 adhuc
1804 4741 1956 4811 retinere
1979 4742 2158 4816 iusticiam

1173 4858 1206 4914 et
1220 4842 1393 4933 Spiritum
1417 4856 1590 4914 sanctum.
1644 4842 1713 4914 Sed
1740 4842 1937 4913 iudicemus
1959 4845 2004 4912 de
2027 4846 2158 4916 volun·

1174 4960 1242 5016 tate
1258 4946 1350 5028 Dei,
1376 4947 1466 5014 sicut
1482 4944 1554 5034 ipse
1569 4967 1634 5013 nos
1651 4947 1762 5013 docet.
1816 4942 1917 5015 Clare
1932 4959 2049 5014 antem
2072 4949 2161 5018 scri-

1172 5062 1272 5140 ptum
1297 5061 1363 5116 est:
1398 5045 1549 5137 Propter
1573 5041 1659 5116 haec
1685 5047 1782 5116 venit
1802 5046 1855 5114 ira
1880 5045 1947 5117 Dei
1971 5071 2078 5139 snper
2101 5051 2159 5118 in-

1172 5149 1386 5224 obedientes.
