4538 5754
128 219 155 294 7
365 219 575 299 SCRIPTA
600 223 678 302 PH.
704 221 821 301 Met..
848 224 916 299 AD
939 225 1067 306 Htst'.
1090 221 1235 305 PROF.
1259 221 1328 298 ΕΤ
1353 223 1546 308 PHtLOS.
1574 163 1897 316 SPECTANTIA.
2117 245 2142 316 a

130 416 253 467 earum
272 392 387 466 officia
411 394 613 480 distribuit,
637 396 719 490 quia
736 396 784 466 ita
804 397 993 485 iudicavit,
1018 400 1113 469 mul-

130 509 183 565 tas
204 496 367 565 materias
387 496 426 565 in
447 491 602 565 Ecclesia
627 520 700 564 non
725 493 855 567 habere
878 500 1010 585 lucem,
1036 502 1112 570 sine

131 590 198 667 hac
212 594 449 690 qualicunque
464 596 691 666 distinctione
708 599 946 688 potentiarum
963 601 1111 671 animae.

230 696 376 766 Necesse
391 710 441 768 est
455 697 620 767 omnibus
637 697 675 765 in
691 713 879 791 conspectu
901 724 973 770 esse
987 703 1113 771 discri-

132 820 215 866 men
238 797 326 886 lcgis
350 811 384 868 et
398 793 594 886 Evangelii.
645 796 715 867 Hic
737 801 765 867 si
781 800 861 892 quis
882 816 976 871 recte
987 803 1112 873 didicit

131 893 224 968 hanc
239 898 408 989 puerilem
421 900 636 984 doctrinam,
662 899 726 969 scit
748 900 858 989 legem
875 903 1023 971 noticias
1039 926 1112 972 esse

131 998 316 1068 nobiscum
332 1012 533 1085 nascentes,
558 1000 648 1069 sicut
667 1001 815 1069 aliarum
833 1003 962 1073 artium
979 1004 1112 1093 priuci-

131 1100 191 1191 pia
210 1112 245 1169 ct
257 1099 581 1172 demonstrationes.
621 1099 690 1170 Sed
704 1098 937 1190 Evangelium
958 1104 1112 1172 dissimi-

131 1199 253 1268 limam
269 1223 389 1269 vocem
407 1222 488 1284 esse,
513 1223 554 1268 ac
567 1224 788 1292 nequaquam
803 1203 986 1272 nobiscum
1005 1205 1112 1285 nasci,

133 1302 191 1368 sed
211 1300 380 1388 singulari
396 1300 608 1368 revelatione
625 1298 728 1370 aDeo
744 1301 941 1372 illustribus
956 1305 1113 1376 testimo-

133 1400 204 1470 niis
225 1401 437 1491 patcfactum
458 1422 540 1469 esse.
593 1399 717 1469 Postea
740 1425 860 1472 rursus
877 1405 1031 1473 discerni
1048 1430 1112 1474 ne·

132 1523 225 1571 cesse
239 1512 308 1584 est,
333 1501 480 1570 noticias
494 1514 528 1572 et
542 1502 784 1603 appetitioneq.
835 1502 926 1574 Sunt
941 1504 979 1573 in
995 1520 1111 1574 mente

132 1601 283 1671 noticiae
300 1624 421 1681 verae,
448 1613 580 1685 rectae,
605 1614 766 1670 aeternae
786 1615 820 1672 et
840 1605 1014 1674 immotae.
1064 1602 1113 1676 Et

131 1715 249 1771 tamen
267 1702 499 1794 appetitiones
519 1702 715 1770 contrariae
737 1717 831 1776 suut.
883 1701 1003 1790 Quare
1018 1703 1111 1774 Pau·

131 1803 188 1872 lus
208 1803 345 1894 inquit,
368 1797 530 1871 homines
555 1803 737 1871 veritatem
752 1800 836 1887 Dei,
863 1804 986 1888 idest,
1011 1829 1111 1875 veras

131 1902 281 1972 noticias
290 1901 461 1973 divinitus
475 1902 579 1983 nobis
594 1903 727 1985 insitas,
753 1903 792 1970 in
807 1903 989 1974 iniusticia-
999 1907 1110 1996 capti-

129 2025 190 2072 vas
215 2004 383 2077 detinere.
440 2004 498 2073 De
520 2004 650 2073 talibus
675 2004 857 2075 sententiis
880 2029 924 2073 ne
956 2007 1107 2098 populus

129 2104 273 2196 quidem
288 2103 407 2174 doceri
420 2115 554 2195 potest,
579 2105 650 2173 nisi
674 2099 759 2174 hine
773 2120 960 2176 sumantur
979 2121 1105 2199 poten-

128 2204 257 2276 tiarum
274 2204 530 2278 distinctiones.

229 2302 320 2375 Cum
335 2307 378 2374 de
392 2304 471 2374 tabe
485 2304 633 2392 originis
647 2305 795 2386 dicitur,
820 2329 960 2377 necesse
978 2320 1030 2378 est
1052 2331 1109 2378 re·

128 2406 251 2489 citari,
273 2406 449 2498 (praesint
465 2406 505 2474 in
526 2405 673 2495 singulis
695 2407 861 2496 potentiis
882 2410 1048 2494 vulnera,
1075 2422 1108 2478 et

127 2530 216 2601 quac
232 2508 326 2575 bona
343 2506 414 2578 sint
430 2506 566 2597 reliqua
579 2507 619 2575 in
638 2502 702 2576 hac
717 2508 842 2576 misera
855 2523 993 2581 natura.
1027 2509 1108 2579 Ma-

126 2622 215 2679 nent
235 2621 414 2700 utcunque
442 2607 593 2676 noticiae
616 2607 718 2696 legis,
752 2608 836 2700 quia
854 2604 951 2680 Deus
974 2611 1053 2680 vult
1071 2633 1107 2678 se

127 2710 280 2798 agnosci,
306 2709 384 2779 vult
407 2719 585 2799 peccatum
614 2708 764 2798 intelligi
789 2720 823 2778 ct
840 2712 1005 2793 accusari,
1030 2711 1109 2780 vcrlt

126 2810 232 2879 etiam
256 2809 336 2899 regi·
349 2809 584 2899 disciplinam.
638 2808 762 2880 Manet
784 2811 891 2899 igitur
906 2825 940 2881 et
963 2811 1107 2880 libertas

1163 418 1231 489 que
1255 395 1396 471 scimus.
1446 395 1495 470 Et
1518 423 1598 472 curn
1619 407 1750 476 nostris
1763 409 1945 481 vocabulis
1958 414 2059 485 Deus
2073 414 2147 485 uti-

1162 511 1239 580 tur,
1270 494 1467 587 significare
1498 494 1567 572 hoc
1596 507 1731 592 votuit,
1762 512 1860 581 nasci
1885 511 2019 584 Filium
2050 514 2148 606 cogi-

1162 597 1305 670 tatione.
1884 688 1887 692 ⁴

1261 695 1446 768 Praeterea
1464 697 1609 790 spiritus
1622 705 1746 776 vitales
1759 708 1797 777 in
1814 705 1971 798 homine,
1993 736 2149 784 nascun-

1163 809 1222 866 tur
1252 796 1292 864 in
1320 800 1445 883 corde,
1479 814 1515 870 et
1540 827 1621 872 vere
1653 821 1737 877 sunt
1767 809 1949 896 flammae,
1990 816 2147 906 quaein

1163 897 1322 965 oninium
1344 899 1544 971 adfectuum
1561 904 1746 987 incendiis,
1773 909 1810 976 in
1832 911 1985 995 laeticia,
2011 917 2148 997 dolore,

1162 1019 1301 1076 amore,
1327 999 1431 1078 odio,
1456 1001 1530 1082 ira,
1556 1005 1702 1086 etaliis,
1725 1026 1948 1099 sparguntur.
1999 1011 2146 1085 Etcum

1163 1098 1318 1167 motibus
1334 1099 1526 1172 voluntatis
1549 1128 1623 1174 non
1643 1107 1816 1179 simulatis
1835 1108 1900 1182 hae
1924 1113 2085 1185 flammae
2106 1116 2147 1183 in

1163 1199 1267 1266 corde
1288 1216 1500 1287 congruunt.
1551 1201 1607 1273 Ex
1626 1201 1691 1275 hac
1713 1211 1839 1280 umbra
1857 1227 2035 1308 utcunque
2050 1217 2147 1305 cogi-

1163 1310 1278 1367 tamus
1302 1300 1346 1366 de
1370 1301 1516 1370 nomine
1536 1303 1690 1394 Spiritus
1712 1311 1840 1395 sancti,
1866 1326 1901 1382 et
1919 1314 2087 1385 discimus
2111 1315 2145 1384 ei

1164 1393 1254 1466 hanc
1274 1399 1546 1487 adpellatiouem
1569 1406 1607 1472 in
1624 1408 1754 1478 divinis
1776 1411 1888 1480 literis
1903 1416 2032 1499 tribui,
2059 1415 2145 1509 quia

1162 1497 1209 1574 sit
1227 1499 1392 1585 agitator,
1419 1515 1453 1570 et
1476 1505 1576 1594 quasi
1598 1506 1757 1594 flamma,
1783 1535 1802 1579 a
1825 1514 2006 1585 voluntate
2027 1514 2145 1585 Patris

1161 1611 1196 1667 et
1212 1596 1297 1666 Filii
1319 1602 1532 1689 procedens,
1559 1629 1627 1697 qua
1653 1608 1821 1679 divinitas
1845 1613 2014 1684 immensa
2037 1616 2145 1685 boni·

1162 1710 1232 1768 tate
1256 1721 1321 1766 nos
1345 1701 1412 1768 sibi
1437 1705 1577 1794 copulat
1593 1719 1625 1774 ct
1643 1731 1708 1775 nos
1724 1710 1839 1779 leticia
1856 1715 2026 1804 complet,
2052 1714 2145 1785 sicut

1162 1797 1313 1869 effundit
1336 1815 1449 1870 mater
1470 1805 1592 1874 vitales
1620 1810 1762 1898 spiritus
1784 1813 1945 1883 osculans
1970 1817 2144 1884 infantem

1160 1897 1272 1967 fitium
1290 1913 1352 1970 aut
1365 1901 1486 1976 filiam.
1519 1902 1613 1976 Haec
1628 1911 1880 1980 vocabulorum
1897 1912 2144 2006 interpretatio

1161 1998 1278 2067 sobrie
1303 2011 1337 2067 et
1354 2001 1411 2091 pie
1434 2006 1652 2076 considerata
1674 2011 1718 2078 de
1738 2011 1859 2082 multis
1878 2016 2016 2104 magnis
2036 2015 2144 2086 rebus

1160 2101 1336 2170 studiosos
1351 2104 1528 2179 admonet.

1251 2197 1358 2270 Utilis
1373 2216 1423 2272 est
1438 2218 1472 2274 et
1486 2200 1571 2275 hacc
1586 2209 1821 2281 consideratio
1838 2212 2060 2285 intuentibus
2069 2209 2144 2285 -ho-

1159 2299 1296 2368 minum
1315 2316 1497 2388 naturam,
1523 2329 1587 2377 cur
1610 2307 1648 2377 in
1665 2304 1811 2380 homine
1827 2337 1882 2382 res
1901 2316 2144 2385 dissimilimae

1159 2399 1342 2490 copulatae
1357 2404 1453 2472 sint?
1480 2402 1595 2493 Mens,
1611 2410 1710 2478 cuius
1725 2424 1887 2482 naturam
1904 2416 2054 2485 dicimus
2069 2438 2145 2485 esse

1159 2500 1422 2590 incorpoream,
1446 2516 1478 2573 et
1492 2528 1628 2598 semper
1641 2510 1835 2598 victuram,
1862 2528 1895 2583 et
1909 2539 2067 2608 capacem
2084 2516 2143 2583 di-

1158 2600 1262 2670 vinae
1278 2601 1367 2671 lucis
1381 2604 1589 2694 sapientiae,
1610 2623 1644 2679 et
1658 2612 1807 2682 adflatus
1822 2614 1948 2683 divini.
1996 2611 2044 2685 Et
2059 2639 2142 2704 pars

1158 2725 1343 2792 corporea,
1368 2707 1558 2796 etquidem
1576 2711 1712 2794 culina,
1735 2736 1888 2805 coquens
1902 2716 1999 2784 cibos
2014 2729 2047 2787 et
2071 2712 2141 2786 hoc

1159 2803 1307 2871 mortale
1329 2810 1455 2893 'corpus
1477 2808 1649 2884 nutriens.
1701 2809 1796 2881 Ilaec
1812 2814 1972 2884 miranda
1993 2815 2143 2886 societas

128 2910 321 2980 voluntatis
338 2910 376 2978 in
391 2912 542 2999 regenda
565 2910 644 2979 loco
660 2911 815 2997 motiva,
840 2935 929 3004 quae
945 2926 996 2982 est
1011 2912 1108 2983 velut
1159 2926 1277 2972 rerum
1301 2903 1603 2978 dissimilimarum
1627 2935 1701 2979 non
1725 2936 1807 2983 casu
1831 2915 1966 3000 extitit,
1999 2939 2065 2990 nec
2085 2929 2142 2985 te-

43 3028 52 3042 ·
125 3010 289 3082 ministra
313 3011 529 3102 disciptinae.
579 3007 676 3082 Haec
695 3011 855 3082 doctrina
875 3013 962 3082 adeo
988 3035 1107 3083 neces·
1158 3005 1410 3075 merecondita
1433 3021 1493 3078 est.
1544 3006 1668 3103 ltaque
1688 3034 1825 3103 semper
1839 3038 1962 3084 omues
1976 3040 2049 3083 non
2065 3030 2140 3085 sto-

125 3112 217 3182 saria
233 3126 303 3197 est,
327 3125 366 3182 ut
388 3112 487 3182 nulta
508 3134 664 3203 unquam
680 3127 774 3182 actas
793 3135 834 3182 ea
851 3136 968 3201 carere
981 3126 1107 3202 potue.
1158 3103 1224 3172 lidi
1239 3099 1330 3174 hanc
1344 3105 1631 3180 coniunctionem
1648 3113 1750 3181 valde
1765 3114 1929 3184 admirati
1947 3130 2040 3188 sunt.
2064 3113 2141 3185 Nec

124 3213 183 3282 rit.
232 3210 306 3282 Nec
320 3212 469 3283 dubium
483 3226 535 3282 est
549 3212 703 3301 primum
719 3226 901 3303 parentem
918 3214 992 3283 suis
1015 3214 1107 3284 natis
1138 3204 1343 3298 ,quitquam
1367 3228 1472 3276 ⁵³¹¹¹1⁸
1499 3205 1607 3279 homo
1637 3235 1796 3305 unquam
1828 3215 2014 3298 iudicavit,
2046 3210 2141 3284 hane
2167 3210 2186 3250 '¹

126 3313 267 3403 copiose
291 3336 367 3383 eam
389 3313 574 3383 tradidisse
596 3312 633 3380 in
656 3313 880 3383 enarratione
894 3314 998 3383 dicti:
1029 3313 1105 3384 Sub
1157 3305 2141 3404 ⁶0Pt¹¹³fi⁰¹¹0md3⁵⁸imffit1mrtrumlefflertfl‘flP⁰⁵⁸0s

10 3412 13 3417 ’
125 3426 163 3483 te
176 3414 243 3484 erit
255 3414 439 3506 appetitus.
481 3409 529 3483 Et
542 3413 670 3503 passim
687 3413 914 3484 intexuerunt
928 3438 1004 3484 eam
1020 3416 1106 3506 poel-
1157 3405 1361 3494 praesertim
1384 3432 1465 3477 cum
1487 3410 1527 3477 in
1543 3423 1659 3480 mente
1676 3413 1747 3483 sint
1766 3414 1900 3483 similes
1915 3415 1954 3482 in
1970 3416 2139 3485 omnibus

21 4468 26 4481 =
127 4420 229 4495 rexit.

126 3527 183 3584 tae
195 3514 267 3585 suis
282 3513 431 3603 scriptis,
447 3525 487 3584 ut
500 3514 723 3599 manifestum
738 3513 1004 3600 cstHomerum,
1025 3539 1105 3585 cum
1157 3504 1306 3575 110ἲῖΰῖθὲ
1331 3521 1517 3599 perpetuae
1534 3525 1568 3580 θῐ
1585 3511 1769 3598 immitte,
1787 3537 2017 3589 numerorum
2032 3529 2067 3585 et
2083 3516 2138 3584 le-

127 3615 243 3706 pingit
256 3638 276 3685 a
294 3614 437 3686 Pallade
453 3608 584 3684 retrahi
597 3609 772 3683 Achillem
790 3615 1018 3705 stringentem
1032 3617 1108 3705 gta-
1159 3628 1241 3696 gum
1258 3606 1350 3701 vitae
1364 3623 1399 3679 et
1413 3609 1513 3683 aliae.
1562 3609 1708 3681 Necesse
1725 3626 1776 3684 est
1791 3614 1900 3703 igitur
1912 3615 2013 3686 lateri
2028 3610 2138 3686 huius

128 3716 241 3802 dium,
254 3716 470 3807 distinguere
486 3715 751 3806 appetitionem,
771 3729 806 3786 ec
820 3717 1003 3801 rationem,
1016 3739 1105 3808 quae
1157 3719 1297 3777 nostrae
1317 3719 1480 3790 naturae,
1512 3710 1612 3781 cuius
1638 3726 1774 3803 partem
1797 3712 1943 3784 interire
1963 3715 2137 3800 videmus,

127 3810 291 3887 cohercet
311 3818 391 3886 loco
410 3816 590 3886 motivam.
640 3813 688 3886 Et
704 3814 851 3886 Hesiodi
873 3812 1106 3887 Prometheus
1156 3806 1262 3876 aliam
1286 3830 1360 3877 0⁵⁸⁸
1383 3806 1694 3881 archilecfflrlcflm
1716 3815 1985 3906 ⁸²“ltlflefmffls
2009 3828 2045 3886 θῑ
2067 3814 2138 3885 3¹¹¹·

126 3917 218 3987 ratio
242 3931 306 3992 est.
351 3912 583 4009 Epimetheus
603 3916 752 3986 stolidus
775 3918 901 4000 trater,
927 3940 1048 3987 sensus
1070 3931 1105 3989 et
1154 3930 1331 3993 mmmm,
1357 3934 1446 4002 (11¹ae
1463 3924 1504 3981 ¹¹1
1518 3927 1764 4000 agnosceretur
1786 3928 1820 3985 et
1833 3914 1933 4008 quasi
1955 3915 2138 4008 conspice·

109 4019 285 4111 ‚potentia
300 4032 477 4110 appetens.
503 4013 695 4087 Obiectum
711 4040 795 4087 vero
811 4018 997 4087 blandiens
1009 4016 1106 4087 Pan·
1156 4021 1270 4092 retur,
1297 4009 1335 4076 in
1353 4004 1514 4079 homines
1528 4011 1717 4100 imaginem
1733 4036 1830 4085 suam
1846 4015 2048 4086 transfudit.

126 4122 226 4194 dora.
276 4118 350 4189 Nec
370 4113 662 4209 Bellerophontes
685 4117 852 4206 Pegasum
888 4141 1008 4206 regere
1040 4143 1106 4210 po-
1258 4100 1310 4177 Ac
1327 4110 1431 4178 nobis
1449 4111 1488 4178 in
1503 4106 1660 4181 Ecclesia
1674 4114 1852 4206 proposita
1868 4128 1921 4186 est
1933 4138 2138 4188 commone·

126 4221 213 4305 tuit,
240 4221 353 4300 donec
377 4218 493 4290 Pallas
519 4242 665 4288 aureum
688 4217 827 4288 frenum
851 4243 942 4312 equo
972 4218 1106 4304 iniecit,
1154 4209 1282 4293 tactio,
1306 4208 1386 4278 ideo
1401 4209 1509 4281 menti
1526 4214 1728 4282 adiunctam
1749 4236 1822 4285 esse
1837 4217 2010 4293 culinam,
2036 4217 2137 4287 cuius

37 4324 44 4332 “
127 4319 258 4400 idest,
290 4323 403 4394 donec
427 4318 577 4390 consilio
600 4314 822 4390 vehementes
849 4320 960 4389 animi
989 4333 1105 4389 motus
1155 4322 1273 4378 tamen
1293 4310 1413 4380 nullus
1436 4312 1474 4380 in
1496 4312 1700 4383 aeternitate
1725 4335 1809 4385 utut
1834 4317 1916 4401 erit,
1940 4314 2024 4408 quia
2040 4314 2138 4385 Deus

1156 4405 1253 4478 bunc
1272 4411 1434 4479 ordinem
1458 4413 1590 4498 sanxit,
1611 4427 1651 4484 ut
1675 4415 1776 4484 initia
1794 4428 1955 4485 aeternae
1973 4417 2064 4485 vitae
2079 4441 2137 4485 sa-

229 4519 321 4591 Sunt
338 4533 371 4590 et
387 4519 476 4590 aliae
491 4520 623 4590 multae
637 4518 802 4588 materiae
819 4518 857 4587 in
871 4513 1040 4600 Ecclesia,
1067 4518 1104 4587 in
1155 4510 1308 4601 pientiae
1328 4522 1362 4580 et
1384 4511 1542 4582 ittsticiae
1564 4528 1751 4604 perpetuae
1765 4516 1804 4584 in
1821 4511 1887 4584 hnc
1906 4517 2049 4586 mortali
2063 4518 2138 4588 vita

126 4620 257 4716 quibus
277 4621 482 4690 enarrandis
502 4622 711 4692 adiuvamur
743 4613 798 4689 his
819 4619 1105 4689 distinctionibus
1155 4612 1404 4685 accendantur.
1462 4610 1544 4682 Non
1574 4615 1723 4703 httgebit
1746 4615 1918 4707 sapientia
1939 4628 1975 4686 et
1995 4616 2137 4688 iusticia

54 4773 57 4777 .
126 4721 365 4813 potentiarum
387 4720 542 4807 animm,
567 4735 606 4790 ut
625 4745 705 4790 cum
724 4719 929 4789 dicimusde
952 4719 1105 4809 imagine
1155 4707 1223 4778 Dei
1238 4710 1275 4778 in
1290 4710 1380 4796 iltis,
1405 4713 1470 4805 qui
1489 4737 1562 4782 non
1578 4711 1749 4789 inchoant
1762 4739 1840 4786 eam
1855 4717 1893 4786 in
1911 4711 1976 4785 hac
1990 4717 2136 4823 mortali

124 4819 192 4893 Dei
209 4824 247 4891 in
261 4819 426 4905 homine,
451 4845 529 4890 cum
546 4821 714 4891 vocabula
730 4844 951 4904 enarramus,
976 4820 1105 4912 quibus
1154 4811 1237 4884 vita.
1260 4871 1262 4876 ,
1280 4807 1364 4880 ldeo
1382 4837 1450 4881 vox
1464 4815 1646 4884 doctrinae
1659 4831 1760 4889 sonat
1776 4818 1812 4886 in
1830 4840 1955 4908 genere
1969 4813 2137 4902 humano,

125 4926 286 4994 doctrina
319 4921 477 4993 coelestis
504 4922 673 4991 discernit
705 4918 837 4991 Filium
872 4933 906 4990 et
931 4919 1104 5011 Spiritum
1153 4926 1189 4983 et
1205 4911 1411 5000 gubernatio
1426 4914 1588 4984 instituta
1603 4929 1675 4996 ²⁸12
1700 4930 1734 4988 et
1748 4919 1871 4989 multis
1886 4918 2039 4988 vinculis
2054 4939 2137 4988 mu·

123 5010 293 5095 sanctum.
320 5022 484 5094 Vetustas
497 5043 619 5110 graeca
636 5036 671 5092 et
684 5023 793 5091 latina
808 5021 957 5112 scripsit,
970 5019 1104 5091 Filium
1155 5012 1240 5082 nita·
1289 5011 1491 5084 Necessaria
1512 5029 1595 5085 sunt
1620 5016 1729 5106 igitur
1750 5020 1933 5090 doctrinae
1962 5019 2077 5089 studia
2099 5033 2137 5091 et

121 5124 196 5196 Dei
218 5125 290 5194 dici
312 5117 444 5222 λόγον,
475 5123 557 5215 quia
585 5123 795 5213 cogitatione
817 5121 991 5201 nascitur,
1023 5144 1103 5190 cram
1154 5111 1350 5205 disciplina.
1386 5109 1441 5184 De
1456 5109 1512 5184 his
1526 5114 1632 5186 tantis
1647 5119 1752 5188 rebus
1767 5122 1934 5189 admonet
1953 5141 2020 5188 nos
2033 5141 2135 5209 aspe-

120 5240 285 5298 aeternus
297 5224 400 5296 Pater
414 5248 488 5294 sese
502 5224 644 5293 intuens
659 5224 769 5313 gignit
787 5223 975 5314 imaginem
991 5245 1106 5294 suam.
1136 5214 1223 5292 wctio
1246 5211 1421 5286 humanae
1442 5227 1607 5303 naturae,
1638 5240 1704 5288 nec
1728 5220 1804 5290 ulla
1825 5231 1921 5290 tanta
1950 5232 2002 5291 cst
2024 5221 2135 5291 ullius

119 5325 341 5420 cogitatione
361 5325 457 5398 enirn
478 5324 625 5396 formari
647 5324 817 5415 imagines
834 5324 874 5394 in
893 5323 998 5420 nobis
1012 5347 1104 5417 quo-
1136 5314 1282 5408 ‘Angeti
1311 5328 1373 5386 aut
1408 5310 1566 5389 hominis
1599 5319 1789 5413 sapientia,
1838 5343 1929 5415 quae
1963 5320 2134 5395 utilitates
