4538 5754
135 260 232 338 nas
483 282 489 292 ·
720 251 847 324 rum
874 248 992 327 oeno.
1020 249 1230 327 sensura
1257 249 1561 354 aaronque.
1833 314 1835 322 .
2068 252 2158 338 sess

235 431 397 502 Primum
426 426 587 497 nominat
613 424 858 497 remissionem
888 439 1124 515 peccatorum.
1173 422 1340 496 fiduciam
1359 426 1698 510 nostraeiusticiae,
1725 444 1787 500 aut
1803 444 1927 502 nostra
1944 431 2083 517 merita,
2107 437 2158 505 sed

7 560 11 567 ’
136 536 234 609 Haec
244 535 359 604 torma
374 527 844 622 loquendicommunissima
860 541 911 599 est
925 527 963 595 in
973 527 1127 620 scriptua
1174 527 1435 598 confessionem
1455 534 1608 620 peccati,
1632 546 1674 602 ut
1687 532 1839 603 sciamus
1860 557 1945 604 vere
1967 534 2081 626 recipi
2103 559 2158 607 nos

32 678 37 685 ·
88 671 90 676 ⁴
139 640 212 722 ris,
240 651 275 707 et
290 633 451 704 remissio
474 632 599 724 culpae
621 629 796 720 significat
819 624 935 698 Deum
954 628 1026 698 iarn
1049 653 1125 699 non
1172 625 1297 723 gratis
1315 653 1378 721 per
1394 627 1650 719 Mediatorem,
1672 658 1746 703 non
1763 649 1909 727 prepter
1927 649 2088 707 nostram
2110 638 2186 709 iu-›

139 739 242 810 irasci
257 758 445 814 converso,
465 757 529 802 nec
543 733 695 804 abiicere
709 755 791 802 eum
807 731 847 799 in
865 742 1024 801 aeternas
1040 753 1127 824 poc·
1175 730 1332 816 sticiam,
1346 755 1409 801 seu
1425 733 1648 824 dignitatem,
1664 735 1755 807 sicut
1772 736 1946 808 etDauiel
1961 754 2060 811 orat:
2084 738 2157 810 Non

141 867 224 926 nas,
247 840 308 907 sed
325 860 397 906 esse
413 836 445 906 ei
465 834 683 927 propicium,
706 845 740 903 et
763 833 877 901 iacere
897 855 979 902 eum
1001 827 1125 902 haere-
1176 833 1215 901 in
1232 832 1371 903 iusticia
1388 824 1530 920 nostra,
1556 838 1673 908 sedin
1693 838 1938 913 misericordia
1960 855 2022 912 tua
2044 843 2158 914 enodi

76 926 80 932 ⁵
141 948 221 1014 dem
236 941 328 1010 vitae
342 953 521 1022 aeternae,
545 939 639 1031 quod
656 938 695 1005 in
714 930 845 1004 loanne
860 928 916 1004 bis
934 935 1051 1004 verbis
1068 934 1126 1005 di·
1176 953 1242 1004 nos
1261 949 1406 1026 propter
1422 933 1631 1012 Dominum.

140 1047 249 1116 citur:
277 1039 383 1110 Pater
402 1061 501 1109 meus
516 1039 640 1127 diliget
659 1062 760 1118 eum,
786 1050 849 1106 ειε.
1278 1028 1469 1130 Quoniam
1482 1037 1592 1112 tacui.
1621 1039 1961 1135 Sequiturnarratio
1978 1044 2036 1113 sui
2053 1069 2156 1116 exem·

242 1138 378 1236 Tegere
391 1147 558 1238 peccata,
586 1154 637 1211 est
653 1138 786 1209 Filium
803 1137 875 1207 Dei
892 1139 1126 1208 esseumbra·
1177 1137 1252 1230 pli,
1279 1140 1329 1210 ait
1351 1161 1387 1208 se
1407 1140 1471 1210 diu
1494 1141 1534 1208 in
1556 1166 1685 1234 magna
1715 1145 2006 1215 consternatione
2037 1161 2072 1218 et
2094 1173 2156 1220 ma·

140 1247 260 1317 culum
284 1246 377 1314 inter
404 1243 518 1313 Deum
541 1256 574 1314 et
596 1244 689 1311 inter
712 1262 795 1324 nos,
830 1263 875 1308 ne
898 1240 1127 1311 effundantur
1177 1242 1255 1329 gnis
1279 1240 1467 1312 doloribus
1500 1242 1626 1325 tuisse,
1661 1246 1872 1317 sentientem
1894 1247 1987 1317 iram
2009 1248 2101 1333 Dei,
2131 1264 2156 1321 et

142 1352 180 1417 in
205 1370 271 1417 nos
296 1348 347 1416 ira
369 1345 435 1417 Dei
458 1344 693 1415 intolerabilis
712 1345 909 1428 creaturae,
935 1365 1015 1412 cum
1041 1366 1126 1433 pro-
1178 1343 1371 1413 luctantem
1404 1368 1484 1413 cum
1507 1346 1772 1438 desperatione,
1806 1349 1990 1440 quianon
2015 1353 2157 1440 potuerit

141 1464 220 1544 pter
243 1449 429 1538 praeterita
454 1448 598 1530 delicta,
632 1459 706 1516 tum
739 1458 884 1536 propter
905 1457 1125 1535 praesentem
1176 1438 1441 1535 apprehendere
1456 1440 1548 1516 hanc
1562 1450 1861 1537 consolationem,
1878 1451 1978 1544 quod
1994 1449 2074 1523 Deo
2091 1475 2157 1543 gra

142 1550 407 1624 immunditiem
432 1572 520 1642 quae
546 1549 586 1616 in
608 1547 714 1627 nobis
738 1559 807 1631 est,
835 1546 958 1615 acillo
978 1547 1125 1615 umbra·
1176 1546 1222 1617 tis
1240 1545 1346 1618 etiam
1362 1561 1580 1638 peccatorem
1595 1552 1683 1622 velit
1699 1552 1855 1643 recipere
1869 1552 2158 1644 promeruistis·-

142 1655 222 1724 culo
237 1652 375 1723 tollitur
387 1652 458 1737 ira,
484 1674 529 1720 ne
547 1651 809 1720 absumamura
827 1649 930 1739 culpa
953 1661 1023 1719 eta
1040 1671 1127 1740 poe·
1178 1660 1305 1720 torem.
1366 1643 1507 1735 Tacui,
1540 1651 1578 1720 id
1610 1669 1679 1738 est,
1711 1666 1958 1725 consternatus
1989 1678 2106 1743 eram,
2130 1671 2159 1730 et

143 1757 200 1826 nis
224 1755 396 1838 aeternis,
429 1753 611 1842 mitigatur
642 1751 750 1822 etiam
773 1774 888 1841 poena
911 1749 1126 1842 temporalis,
1176 1771 1364 1840 oppressus
1380 1750 1515 1834 dolore,
1532 1776 1606 1822 non
1620 1755 1795 1824 audebam
1809 1757 1978 1826 accedere
1997 1754 2158 1829 adDeum

142 1871 183 1928 ut
197 1857 306 1948 possit
319 1879 391 1925 csse
417 1868 592 1945 superstes
613 1848 790 1937 Ecclesia,
814 1852 911 1922 iuxta
934 1852 996 1921 illa
1015 1852 1125 1921 dicta:
1176 1852 1318 1920 intuens
1343 1854 1625 1943 magnitudinem
1655 1868 1689 1926 ει
1711 1857 1973 1947 turpitudinem
2007 1883 2159 1930 meorum

142 1957 410 2030 Misericordiae
425 1954 574 2026 Domini
589 1957 684 2050 quod
708 1977 782 2024 non
799 1953 975 2024 consumti
992 1977 1125 2026 sumus.
1176 1965 1420 2045 peccatorum,
1445 1967 1479 2025 et
1502 1959 1664 2026 nondum
1687 1954 1960 2050 apprehendens
1975 1955 2071 2032 hanc
2085 1969 2163 2032 cou-'

142 2058 247 2132 ltem:
277 2057 317 2128 ln
336 2058 388 2129 ira
404 2057 666 2128 misericordiae
680 2056 886 2126 recordaris.
1176 2054 1403 2141 solationem,
1435 2059 1530 2150 quod
1552 2052 1662 2128 Deus
1692 2061 1799 2129 etiam
1822 2074 2025 2151 peccatores
2044 2064 2160 2157 gratis

240 2156 384 2231 Beatus
415 2154 714 2242 cuiDomiuus,
749 2163 809 2227 etc.
869 2154 1048 2247 Repetitio
1076 2167 1127 2225 est
1176 2169 1322 2248 propter
1342 2154 1580 2230 Mediatorem
1611 2160 1770 2253 recipiat.
1827 2160 1986 2258 Reliqua
2009 2169 2160 2239 membra

141 2265 271 2355 prioris
300 2264 427 2354 partis,
461 2276 513 2332 est
549 2262 644 2331 enim
677 2260 803 2330 usitata
831 2253 986 2349 phrasis,
1020 2259 1126 2328 etiam
1176 2259 1215 2326 in
1239 2253 1295 2326 his
1320 2260 1461 2330 duobus
1484 2263 1645 2333 versibus
1672 2265 1972 2359 suntdcscriptio
1990 2268 2159 2359 magnitu-

94 2356 97 2363 ’
140 2367 227 2435 alibi
247 2379 435 2456 usurpata,
468 2389 543 2433 non
569 2365 744 2454 imputare
765 2375 964 2453 peccatum,
997 2375 1037 2431 ut
1061 2357 1126 2430 Se·
1176 2360 1271 2429 dinis
1301 2361 1467 2432 dolorum
1494 2363 1534 2432 in
1556 2364 1620 2435 illa
1643 2365 1757 2451 lucta,
1788 2390 1851 2437 seu
1875 2368 1915 2442 in
1935 2370 2158 2452 contritione,

141 2468 211 2536 mei
234 2469 320 2537 dicit
344 2470 389 2558 ad
406 2464 544 2549 David,
563 2467 605 2536 ’2.
621 2463 776 2536 Samuel.
797 2461 872 2537 19.:
898 2460 982 2531 Non
1006 2461 1127 2559 impu·
1176 2463 1220 2531 de
1237 2485 1307 2555 qua
1320 2458 1492 2535 Ezechias
1516 2465 1618 2538 dicit:
1645 2465 1747 2538 Sicut
1768 2468 1825 2538 leo
1848 2470 2021 2543 contrivit
2047 2473 2158 2544 omnia

140 2583 192 2638 tes
214 2565 304 2637 mihi
324 2564 478 2637 Domine
502 2580 702 2658 peccatum,
727 2566 765 2634 id
792 2578 863 2648 est,
890 2587 963 2632 non
988 2564 1128 2652 cogites,
1176 2587 1255 2633 ossa
1271 2588 1362 2637 mea.

140 2694 216 2739 non
241 2671 408 2738 decernas
432 2693 489 2737 me
509 2669 732 2759 puniendum
752 2690 842 2756 esse3
872 2689 955 2735 nam
978 2667 1127 2734 verbum
1275 2657 1469 2734 Peccatum
1494 2690 1612 2739 meum
1633 2677 1760 2740 nutum
1784 2668 1857 2740 tibi
1878 2669 2046 2770 faciam.
2097 2673 2158 2747 Hic

140 2773 180 2839 in
195 2784 291 2842 testu
305 2774 400 2864 quod
418 2784 561 2842 vertunt
573 2769 764 2860 imputare,
784 2768 958 2858 significat
974 2766 1128 2856 cogitare
1177 2766 1275 2837 velut
1290 2767 1464 2854 eluctans,
1492 2783 1526 2839 et
1541 2794 1724 2863 emergens
1738 2773 1858 2866 aliquo
1879 2779 1990 2849 modo
2006 2803 2051 2850 ex
2064 2779 2157 2850 dolo·

142 2896 203 2942 seu
227 2872 449 2958 ratiocinari,
474 2895 536 2941 seu
560 2871 805 2943 ratiocinando
831 2870 967 2962 aliquid
992 2871 1037 2937 de
1059 2869 1126 2936 ali·
1176 2869 1298 2951 ribus,
1322 2869 1396 2941 edit
1412 2872 1669 2944 confessionem
1687 2876 1839 2966 pcccati,
1864 2891 1906 2950 ut
1918 2900 1986 2950 suo
2003 2879 2154 2973 exemplo

141 3000 212 3070 quo
229 2977 426 3045 decernere.
478 2972 569 3044 Nam
584 2974 694 3064 igitur
709 2993 919 3065 quaeramus
942 2965 1001 3039 hic
1022 2994 1127 3061 pere·
1177 2973 1322 3056 doceat,
1344 2971 1394 3040 ita
1418 2975 1657 3045 accedendum
1680 2999 1754 3046 esse
1774 2978 1819 3046 ad
1841 2973 1979 3068 Deum,
2011 2981 2156 3053 afferen-

139 3075 259 3168 grinas
275 3076 486 3160 sententias,
512 3077 573 3144 sed
589 3076 663 3167 ipsa
678 3069 800 3165 phrasi
824 3071 982 3142 contenti
1005 3071 1127 3152 simus,
1176 3084 1228 3142 tes
1245 3096 1319 3141 non
1335 3074 1480 3159 merita,
1505 3090 1567 3147 aut
1583 3077 1759 3148 iusticiam
1776 3094 1956 3168 nostram,
1981 3087 2046 3155 sed
2067 3083 2156 3177 agni-

139 3203 213 3249 non
229 3179 405 3269 imputare
428 3191 629 3268 peccatum,
655 3171 724 3245 hoc
749 3176 856 3245 modo
879 3186 929 3242 est
946 3186 1127 3262 peccatum
1176 3173 1310 3244 tionem
1323 3176 1476 3263 peccati,
1503 3191 1536 3248 et
1557 3179 1688 3248 talibus
1710 3203 1791 3249 vere
1812 3182 1945 3255 remitti
1962 3198 2154 3277 ,peccatura

140 3305 326 3372 praeseus,
359 3281 416 3348 vel
445 3279 692 3370 praeteritum,
723 3301 799 3345 non
831 3276 881 3345 ita
911 3275 1066 3345 obiicere
1087 3288 1128 3345 ut
1177 3278 1404 3345 credentibus
1426 3277 1559 3349 scilicet
1585 3280 1625 3347 in
1640 3277 1877 3352 Mediatorem
1894 3285 1994 3359 iuxta
2009 3290 2155 3380 promis.

138 3405 290 3473 persona
318 3394 459 3450 maneat
481 3405 562 3463 rea,
594 3381 654 3448 sed
684 3392 735 3448 est
753 3377 931 3446 remittere
958 3399 1128 3469 personae
1176 3379 1322 3450 sionem.
1376 3375 1461 3448 Ideo
1478 3381 1610 3474 inquit:
1634 3376 1751 3470 Dico,
1775 3378 1945 3477 confiteor
1968 3385 2157 3470 adrasum

141 3496 277 3553 reatum
296 3497 330 3553 et
345 3500 496 3574 poenam
516 3495 705 3553 aeternam.
757 3477 874 3550 Sentit
895 3502 978 3569 ergo
997 3476 1127 3565 David,
1176 3502 1232 3548 ma
1261 3477 1490 3550 c'uiusticium
1522 3505 1641 3554 meum
1662 3479 1849 3568 Domino,
1880 3498 1913 3560 et
1934 3499 1977 3563 tu
2009 3499 2156 3573 reminis

85 3589 88 3592 ”
142 3608 280 3676 semper
295 3585 334 3653 iu
352 3580 418 3653 hac
435 3584 507 3653 vita
521 3582 700 3677 reliquum
715 3603 789 3652 esse
803 3595 985 3673 peccatum
1004 3580 1043 3650 in
1059 3577 1127 3651 ho-
1173 3580 1393 3677 pravitatem
1408 3584 1548 3676 peccati
1560 3584 1642 3660 mei.
1682 3585 1761 3659 Hoc
1776 3592 1977 3684 exemplum
1994 3611 2156 3695 tanquam

70 3725 81 3744 ·
139 3684 314 3772 minibus,
340 3686 437 3780 quod
453 3685 563 3776 possit
586 3683 712 3770 obiici,
738 3685 995 3777 propterquod
1017 3678 1125 3755 homo
1177 3684 1419 3755 testimouium
1436 3688 1548 3757 teneri
1564 3705 1721 3780 oportet,
1746 3694 1841 3785 quod
1859 3693 1957 3766 Deus
1974 3723 2061 3771 vere
2076 3707 2156 3777 reci.

139 3799 228 3857 esset
251 3812 333 3857 reus
355 3811 489 3879 poenae
511 3801 692 3872 aeternae,
728 3787 758 3854 si
780 3809 855 3854 non
885 3787 1126 3857 remitteretur
1176 3787 1251 3878 piat
1266 3801 1481 3877 peccatores,
1504 3789 1648 3882 gratis,
1671 3807 1816 3884 propter
1837 3793 2101 3893 Mediatorem,
2123 3821 2156 3878 ot

64 3952 67 3958 Δ
138 3903 273 3975 reatus,
299 3891 423 3961 sedita
441 3885 603 3959 homines
627 3912 701 3959 esse
718 3889 849 3971 iustos,
873 3886 1001 3977 idest,
1028 3911 1126 3955 acce·
1176 3886 1309 3957 Paulus
1327 3888 1461 3981 inquit:
1487 3887 1613 3962 Certus
1627 3917 1742 3963 sermo
1761 3908 1829 3976 est,
1856 3901 1957 3971 venit
1970 3900 2156 3981 Filiusllei

135 4006 215 4082 ptos
239 3990 333 4078 Deo,
365 3993 448 4085 quia
470 4015 543 4060 non
568 3993 791 4083 imputantur
812 4002 953 4079 peccata
977 3988 1125 4057 creden·
1175 3989 1291 4058 salvos
1306 3990 1419 4059 facere
1435 4015 1557 4062 omnes
1573 3998 1753 4065 credentes
1770 3998 1808 4064 in
1826 4003 1975 4073 nomine
1990 4008 2081 4084 eius.

135 4095 240 4167 tibus.
1278 4084 1433 4188 Propter
1455 4086 1523 4163 icoc
1545 4094 1666 4166 orabit
1690 4100 1811 4170 omnis
1832 4096 2007 4183 Sanctus.
2063 4113 2169 4194 Post,

241 4189 296 4262 Et
312 4195 351 4263 in
367 4190 513 4292 Spiritu
529 4193 605 4264 eius
621 4199 758 4263 nonest
776 4184 905 4272 dolus,
921 4190 958 4260 id
975 4204 1037 4277 est,
1050 4215 1125 4261 non
1175 4217 1281 4286 quam
1304 4197 1349 4262 ad
1371 4198 1569 4267 doctrinam
1593 4200 1733 4271 addidit
1755 4206 1955 4294 exemplum
1973 4211 2018 4281 de
2036 4215 2156 4306 seipso,

139 4311 188 4369 est
205 4293 424 4393 hypocrisis,
450 4298 572 4368 sedin
587 4320 672 4366 vero
688 4296 813 4364 dolore
833 4317 896 4363 seu
911 4294 1126 4364 contritione
1175 4297 1271 4390 quod
1292 4297 1397 4367 etiarn
1422 4312 1475 4368 est
1498 4299 1659 4371 doctrina
1687 4307 1905 4388 communis,
1945 4333 1986 4380 ac
2005 4320 2156 4388 ostendit

60 4450 63 4455 -
98 4400 219 4485 διεΙίε
244 4400 435 4483 confessio,
461 4423 531 4493 qua
554 4411 736 4491 peccatum
755 4395 975 4485 agnoscitur,
1001 4408 1035 4466 et
1059 4396 1125 4467 tri·
1174 4421 1255 4466 vere
1284 4398 1416 4469 remitti
1453 4415 1611 4491 peccata,
1643 4416 1677 4474 et
1700 4405 1752 4474 sic
1775 4406 1885 4499 recipi
1910 4403 2097 4501 homines,
2127 4434 2157 4490 et

135 4504 279 4572 buimus
295 4497 370 4570 Deo
384 4501 526 4571 laudern
544 4499 724 4583 iusticiae‚
741 4500 837 4591 quod
855 4498 929 4588 ipse
946 4497 990 4565 sit
1011 4497 1125 4569 iustus
1173 4500 1310 4591 placere
1325 4497 1422 4585 Deo,
1449 4526 1522 4571 non
1539 4518 1685 4596 propter
1700 4508 1845 4599 merita,
1870 4512 1931 4579 sed
1953 4519 2156 4592 remissione

22 4621 26 4629 ·
135 4618 170 4674 et
194 4603 405 4682 iustificans,
438 4603 612 4695 recipiens
634 4624 700 4671 nos
723 4611 867 4693 propter
885 4595 1123 4669 Mediatorem
1173 4615 1408 4692 peccatorum.
1453 4601 1526 4673 lam
1551 4629 1673 4677 rursus
1707 4610 1863 4702 applicat
1886 4614 2091 4690 doctrinam
2117 4624 2154 4694 ad

134 4729 198 4796 per
228 4704 518 4774 misericordiam.
577 4702 792 4799 Quanquam
821 4723 942 4771 sumus
971 4701 1124 4792 indigni,
1172 4718 1343 4772 caeteros:
1377 4695 1514 4777 Omnis
1538 4702 1701 4781 Sanctus
1723 4711 1845 4782 orabit
1864 4711 1921 4784 ad
1938 4725 1991 4806 te,
2016 4739 2158 4816 propter

135 4807 225 4874 sicut
251 4804 337 4875 alibi
369 4807 502 4900 inquit:
536 4805 623 4876 Tibi
646 4818 783 4877 tantum
807 4826 885 4873 sum
902 4815 1063 4894 peccator
1088 4818 1122 4874 et
1171 4799 1258 4888 hoc,
1281 4805 1317 4873 id
1336 4821 1405 4888 est,
1431 4809 1514 4902 quia
1530 4810 1580 4880 sic
1601 4813 1729 4904 recipis
1749 4809 1932 4889 hominem
1950 4827 2156 4899 remissione

104 4974 110 5000 2
132 4908 266 4976 malum
283 4929 399 4976 coram
419 4923 452 4978 te
473 4909 559 4994 feci,
583 4922 623 4980 ut
647 4922 685 4978 tu
707 4905 905 4976 iustificeris
925 4904 962 4971 in
984 4926 1121 4975 sermo·
1170 4919 1413 4996 peccatorum,
1447 4911 1527 4983 ideo
1549 4915 1754 5005 confugient
1778 4921 1823 4988 ad
1846 4935 1880 4989 ιε
1896 4919 2047 5015 Sancti,
2080 4930 2154 5024 quia

133 5008 240 5077 nibus
258 5011 338 5078 tuis.
388 5005 437 5082 Et
454 5025 570 5102 postea
585 5011 624 5079 in
640 5004 708 5080 hoc
723 5006 883 5077 Psalmo:
909 4993 1121 5098 Confitebor
1168 5031 1293 5079 omnes
1310 5028 1504 5100 agnoscunt
1517 5028 1698 5104 peccatum
1715 5014 1864 5091 haerens
1881 5023 1918 5091 in
1941 5047 2008 5098 sua
2023 5002 2155 5113 nocuis,

133 5105 311 5180 aduersus
336 5131 392 5179 me
413 5109 642 5183 iniusticiam
666 5132 785 5180 meam
809 5103 997 5195 Domina,
1023 5117 1055 5177 et
1078 5118 1118 5180 tu
1169 5125 1204 5183 et
1225 5136 1298 5182 non
1323 5128 1465 5202 possent
1488 5117 1532 5183 ad
1561 5129 1595 5186 ιε
1619 5123 1803 5209 accedere,
1829 5125 1899 5193 nisi
1914 5121 2011 5200 hanc
2028 5134 2153 5206 doctri·

130 5211 286 5283 remittis
308 5211 529 5310 impietatem
542 5210 683 5311 peccati
702 5209 797 5298 mei..
837 5208 935 5282 Haec
956 5213 1119 5284 consola·
1167 5238 1249 5284 nam
1266 5228 1428 5296 nossent,
1455 5219 1563 5310 recipi
1577 5241 1632 5304 se,
1657 5235 1691 5291 et
1703 5226 1840 5314 placere
1855 5244 2004 5320 propter
2022 5233 2153 5308 Medi,

128 5319 179 5386 tio
197 5331 272 5389 toto
290 5331 429 5409 pectore
445 5320 596 5388 tenenda
610 5330 680 5400 est,
707 5314 745 5385 in
769 5338 840 5408 qua
863 5337 927 5384 suo
954 5316 1116 5408 exemplo
1165 5333 1277 5390 torem
1293 5331 1328 5388 et
1342 5313 1471 5389 habere
1483 5320 1727 5395 remissionem
1743 5341 1982 5419 peccatorum.
2037 5335 2152 5416 Itahic

115 5420 227 5501 docet,
246 5421 550 5495 sicaccedendum
568 5443 640 5492 esse
656 5419 700 5490 ad
710 5413 826 5489 Deum
841 5416 1027 5490 afferentes
1041 5443 1115 5490 non
1168 5442 1288 5490 versus
1301 5432 1367 5492 est
1389 5423 1552 5515 repetitio
1573 5427 1821 5517 promissionis
1844 5431 1882 5500 in
1908 5435 2032 5525 primo
2059 5465 2149 5514 versu
