4538 5754
116 231 166 309 89

405 403 597 473 Intestina
631 405 830 474 crassiora.

225 532 270 604 ln
297 533 466 621 canibus,
498 534 614 626 porcis
638 547 674 606 et
696 535 895 607 erudireris
916 536 1111 609 animanti-

125 641 194 710 bus
215 632 432 706 Intestinum
458 636 554 729 quod
587 659 730 706 coecum
756 639 964 724 nominant,
996 640 1111 707 maius

127 762 201 808 esse
215 737 442 826 conspicitur,
469 738 564 833 quod
582 737 620 806 in
636 739 769 809 talibus
782 753 1001 811 excrementa
1018 741 1112 808 exci-

127 841 183 932 pit
195 861 238 908 ex
252 838 335 920 ileo,
360 851 393 906 et
410 861 490 910 cum
505 839 590 907 inde
604 863 731 910 rursus
747 840 882 932 aliquid
900 840 1112 912 nutrimenti

131 936 337 1010 exhaustum
355 951 417 1023 est,
430 939 587 1033 reliquae
595 940 687 1010 lcces
701 941 973 1031 expellunturin
988 934 1111 1013 κόλον.

131 1039 274 1112 Dicitur
289 1051 406 1108 autem
427 1036 592 1136 τυφλὸν,
618 1042 701 1133 quia
721 1043 869 1111 unicum
892 1039 999 1113 habet
1017 1044 1111 1111 fora-

133 1164 234 1226 men,
265 1140 361 1232 quod
387 1152 421 1209 et
440 1142 570 1231 exeipit
593 1143 716 1234 illapsa
747 1167 789 1211 ex
811 1144 900 1230 ileo,
933 1158 969 1215 et
993 1165 1115 1213 rursus

134 1239 265 1311 emittit
280 1241 317 1308 in
334 1232 457 1316 κόλον.
507 1241 599 1312 Nam
615 1243 747 1313 orificio
765 1243 845 1324 ilei,
871 1246 966 1314 coeci
991 1258 1026 1314 et
1047 1243 1115 1313 coli

135 1345 267 1411 cedunt
283 1341 320 1409 in
335 1344 406 1410 una
422 1343 582 1414 caritate.
633 1343 676 1413 ln
698 1339 844 1415 homine
868 1370 954 1416 vero
969 1357 1116 1415 narrant

135 1466 282 1534 parvam
297 1433 532 1536 appendicem
545 1467 618 1514 esse
635 1445 715 1531 ilei,
739 1468 805 1516 nec
818 1447 1103 1539 conspiciusum.

552 1637 685 1718 Κόλον.

237 1775 317 1852 Etsi
332 1777 556 1851 Medicorum
571 1779 656 1849 libri
671 1780 831 1852 scribunt
845 1784 977 1867 κῶλον,
1005 1781 1119 1872 prima

139 1881 272 1976 syllaba
280 1884 399 1971 longa,
413 1905 493 1951 cum
503 1881 909 1951 nominantintcstinum
925 1885 1120 1953 secundum

139 1982 307 2068 crassius,
328 1997 447 2054 tamen
464 2006 503 2050 ex
518 1976 769 2073 Aristophanis
786 1983 945 2053 versibus
965 1996 1120 2074 apparet,

140 2083 369 2154 scribendum
409 2106 483 2151 esse
521 2074 652 2165 κόλον,
684 2082 806 2172 prima
844 2083 978 2176 syllaba
1007 2085 1120 2166 brevi,

141 2183 244 2276 quasi
258 2175 401 2266 κολεός,
426 2182 541 2267 idest,
566 2183 704 2271 vagina,
722 2205 784 2251 seu
799 2185 898 2273 quasi
917 2199 1119 2255 truncatum

144 2277 325 2378 κολοβόν,
347 2283 430 2377 quia
445 2283 543 2354 velut
565 2296 698 2352 sectum
720 2283 759 2350 in
784 2283 940 2354 diversas
966 2285 1122 2368 cellulas,

141 2386 260 2454 varios
275 2385 386 2454 flexus
404 2378 520 2456 habet.
553 2378 695 2474 Excipit
707 2383 800 2451 enim
820 2383 910 2452 feces
926 2410 985 2454 seu
1004 2408 1121 2454 erere·

142 2498 284 2570 menta,
311 2498 404 2553 etue
426 2483 544 2553 statim
569 2482 734 2569 effluant,
760 2485 930 2573 paulatim
952 2487 989 2554 in
1010 2509 1122 2575 angu-

142 2587 268 2655 stiores
289 2599 423 2655 meatus
444 2582 662 2654 transmittit.
716 2583 769 2652 Ac
785 2586 939 2655 aridiora
958 2600 1123 2671 stercora,

143 2709 234 2778 quae
263 2687 389 2757 usitate
418 2684 651 2755 nominantur
673 2678 860 2776 σκύβαλα,
895 2688 994 2778 quasi
1027 2689 1123 2756 dicas

143 2810 271 2855 canum
287 2800 522 2870 excrementa,
547 2785 731 2856 imitantur
751 2786 879 2875 figuras
904 2787 1124 2873 cellularum,

145 2900 180 2956 et
195 2900 280 2957 sunt
294 2886 425 2957 similia
446 2884 611 2975 globulis.

249 2984 373 3057 lnfluit
396 2999 513 3057 autem
528 2983 619 3055 Bilis
638 3011 679 3058 ex
694 2987 814 3059 ieiuno
831 2987 870 3056 in
891 2981 1021 3074 κόλον,
1047 3013 1118 3084 qua

145 3091 278 3158 stercus
294 3088 438 3179 pellitur
454 3102 488 3159 et
512 3086 701 3160 coloratur.
754 3088 842 3158 lnde
863 3102 897 3159 et
929 3090 1031 3159 celici
1061 3093 1125 3159 do-

145 3189 240 3258 lores
261 3184 394 3258 nomen
415 3182 559 3261 habent.
610 3188 665 3258 lbi
687 3192 781 3259 enim
806 3191 897 3257 fiunt
919 3214 999 3258 cum
1022 3190 1124 3281 oppi-

145 3290 267 3359 lantur
284 3283 418 3360 meatus
433 3311 452 3355 a
468 3288 618 3376 frigidis,
644 3291 777 3372 crassis,
806 3289 949 3358 viscosis
965 3286 1127 3359 humori-

146 3389 232 3473 bus,
258 3413 298 3459 ac
320 3389 524 3460 sentiuntur
539 3386 578 3458 hi
591 3391 767 3463 cruciatus
782 3412 888 3480 supra
906 3390 1127 3466 umbilicum.

424 3595 579 3664 Rectum
611 3595 848 3666 intestinum

247 3718 326 3795 Etsi
348 3724 427 3795 colo
448 3740 584 3798 rectum
603 3726 811 3800 intestinum
835 3728 1043 3800 continuum
1066 3741 1128 3812 est,

146 3839 360 3895 tamencum
381 3826 453 3896 situ
473 3840 508 3898 et
532 3827 642 3916 ligura
668 3830 904 3915 discernatur,
930 3829 1074 3921 propria
1095 3829 1129 3898 ei

93 3952 105 3964 ·
144 3925 334 4017 adpellatio
350 3928 519 3998 attributa
534 3942 598 4000 est.
623 3926 773 4001 Rectum
791 3931 996 4003 intestinum
1007 3953 1128 4019 graece

151 4024 462 4120 ἀπευθυσμὲνον,
506 4027 545 4097 id
574 4043 647 4113 est,
685 4031 870 4102 directum.
938 4028 1128 4101 Veteribus

144 4128 307 4217 ignotum
322 4141 375 4200 est
390 4128 602 4199 vocabulum
610 4128 795 4222 Lougeon,
817 4156 887 4224 qno
898 4129 1004 4220 vulgo
1019 4144 1135 4201 utun-·

146 4242 215 4298 tur.
267 4226 404 4301 Ductus
427 4242 544 4300 autem
566 4243 680 4300 rectus
701 4247 774 4312 est,
795 4244 835 4301 ιιι
857 4255 988 4300 nomen
1013 4244 1127 4304 sonat.

146 4325 238 4398 Nam
261 4345 447 4423 postquam
470 4327 583 4402 κόλον
608 4332 654 4399 ab
670 4347 771 4424 epate
791 4354 912 4402 versus
933 4353 1054 4401 renem
1079 4332 1128 4400 si·

147 4429 299 4497 nistrum
315 4431 525 4516 reflectitur,
549 4430 603 4500 ibi
619 4433 689 4501 ossi
704 4457 802 4502 sacro
818 4446 852 4505 et
872 4457 999 4503 renum
1020 4457 1129 4524 spon-

148 4529 241 4621 dylis
257 4528 422 4617 alligatur
433 4525 502 4602 hoc
517 4546 651 4603 rectum
673 4532 900 4617 intestinum,
926 4549 961 4605 et
976 4535 1128 4625 porrigi-

148 4642 207 4699 tur
221 4631 266 4697 ad
283 4652 391 4699 anum
406 4654 517 4725 usque
530 4635 586 4703 vel
602 4635 732 4714 sedem,
758 4657 864 4726 quam
879 4635 1040 4703 nominat
1054 4633 1128 4704 Ga-

146 4730 249 4802 lenus
272 4734 499 4827 opepmripo,
523 4756 544 4802 a
563 4735 857 4824 constringendo,
883 4735 965 4828 quia
986 4758 1128 4805 muscu-

147 4831 193 4901 lis
208 4830 463 4922 constringitur
479 4835 596 4918 sedes,
619 4848 659 4906 ut
674 4838 719 4908 sit
734 4835 871 4907 munita
886 4849 1009 4906 contra
1025 4859 1125 4925 prae-

147 4932 271 5021 cipites
288 4946 323 5005 et
335 4931 597 5003 involuntarios
613 4938 807 5025 profluxus.
852 4933 994 5007 Utilitas
1009 4950 1127 5008 autem
1220 4967 1225 4977 ·

148 5031 223 5102 eius
237 5046 288 5103 est
301 5027 450 5105 evehere
467 5046 612 5104 stercus.
991 5085 993 5088 ι

246 5132 340 5206 Sunt
369 5148 488 5205 autem
519 5135 658 5204 tunicae
688 5135 937 5208 intestinorum
962 5134 1127 5204 substan-

361 224 574 303 scalpra
598 226 675 302 PH.
702 223 822 306 MEL.
846 227 916 307 All
941 230 1070 308 tttsT.
1095 229 1242 310 PROF.
1267 228 1335 306 ET
1361 229 1553 308 PfltLOS.
1578 230 1901 310 SPECTANTIA.

2100 239 2153 312 40

1160 403 1342 484 adiuvant.
1368 402 1438 475 Sed
1455 404 1606 476 exterior
1619 403 1738 474 tunica
1754 407 1823 476 coli
1837 421 1871 476 et
1886 406 1971 477 recti
1987 405 2154 478 intestini

1162 504 1270 574 etiam
1294 520 1407 589 rectas
1429 506 1535 575 fibras
1552 501 1679 591 habet,
1706 530 1797 599 quae
1820 508 1945 578 iuvant
1968 509 2153 580 attractio·

1162 628 1243 674 nem
1254 598 1340 775 ,hut
1354 599 1536 676 evehenda
1557 618 1714 676 stercora
1734 630 1776 677 ex
1796 608 2040 701 superioribus
2063 609 2153 678 locis

1169 718 1260 777 attra
1289 718 1361 782 ant.
2000 735 2003 741 ·

1524 871 1786 972 Meoesre‘ptov.

1266 1006 1520 1078 Mesenterium
1535 1031 1756 1101 nequaquam
1772 1009 1978 1079 intestinum
1996 1024 2064 1093 est,
2091 1011 2153 1079 sed

1167 1111 1362 1202 implicitus
1392 1109 1570 1178 intestinis
1601 1109 1812 1200 panniculus
1842 1111 2066 1201 aperitoneo
2092 1137 2153 1181 or-

1167 1226 1244 1295 tus,
1266 1233 1456 1300 nervosus,
1484 1210 1671 1279 continens
1688 1235 1828 1285 carnem
1853 1212 2098 1300 glandulosam
2119 1225 2153 1281 et

1168 1313 1440 1403 pinguedinem,
1465 1324 1620 1399 gestans,
1646 1311 1884 1398 distinguens,
1910 1326 1944 1381 et
1969 1315 2076 1381 dorso
2100 1312 2154 1379 al-

1168 1414 1282 1502 ligans
1298 1412 1476 1494 intestina,
1493 1411 1680 1501 praecipue
1696 1436 1791 1496 vero,
1817 1426 1856 1481 ut
1871 1413 2154 1482 venasmesarai·

1170 1535 1245 1593 cas,
1272 1512 1418 1580 arterias
1435 1526 1469 1582 et
1485 1534 1612 1580 nervos
1628 1524 1735 1600 gerat.
1789 1509 1837 1581 Ut
1859 1513 1953 1581 enim
1977 1537 1997 1582 a
2017 1514 2154 1582 truncis

1171 1615 1338 1681 arborum
1355 1613 1587 1701 porriguntur
1602 1612 1639 1679 in
1657 1625 1783 1681 terram
1808 1613 1959 1697 radices,
1982 1626 2022 1682 ut
2036 1614 2155 1685 nutri-

1170 1726 1328 1782 mentum
1343 1708 1542 1794 attrahant,
1565 1713 1613 1781 ita
1637 1711 1726 1780 rami
1741 1737 1760 1780 a
1775 1727 1875 1804 porta
1904 1714 2014 1805 epatis
2039 1713 2154 1804 sparsi

1171 1838 1235 1905 per
1256 1812 1503 1882 mesenterium
1517 1807 1772 1882 adhaerescunt
1793 1813 1990 1900 intestinis,
2014 1837 2078 1884 ceu
2096 1838 2155 1884 ra-

1171 1914 1330 2007 diculae,
1355 1927 1389 1982 et
1410 1913 1493 1981 inde
1508 1913 1767 1983 nutrimentum
1789 1909 1981 1985 attrahunt.

1272 2043 1364 2117 Cum
1380 2058 1496 2115 autem
1515 2046 1741 2115 intervallum
1760 2047 1805 2116 sit
1831 2046 1924 2117 inter
1938 2071 2024 2138 epar
2048 2062 2083 2119 et
2097 2050 2156 2118 in-

1173 2148 1316 2233 testina,
1340 2171 1428 2238 opus
1446 2146 1514 2216 tuit
1528 2148 1642 2216 fulcro
1665 2168 1727 2214 seu
1751 2147 1905 2234 stragulo
1927 2148 1998 2216 illis
2021 2153 2156 2218 canali-

1173 2251 1257 2333 bus,
1282 2249 1345 2341 qui
1359 2250 1404 2317 ab
1427 2260 1527 2337 epate
1552 2249 1758 2339 procedunt.
1807 2244 1889 2317 Duo
1922 2249 2029 2334 igitur
2051 2253 2155 2331 rami,

1172 2349 1262 2418 alter
1278 2371 1388 2416 venae
1409 2362 1545 2434 portae,
1571 2347 1660 2416 alter
1690 2347 1856 2431 arteriae,
1889 2348 2099 2419 inseruntur
2116 2353 2154 2419 in

1174 2461 1334 2518 centrum
1356 2448 1575 2531 mesenterii,
1598 2449 1660 2516 ubi
1678 2447 1852 2538 plurimae
1867 2451 2078 2537 propagines
2094 2478 2158 2519 ve-

1173 2573 1299 2618 narum
1332 2562 1365 2619 et
1387 2547 1596 2618 arteriarum
1621 2561 1787 2636 augustae
1808 2549 1854 2618 ab
1883 2549 1955 2617 illis
1984 2552 2092 2619 ramis
2116 2555 2156 2620 in

1175 2663 1294 2720 centro
1307 2662 1489 2719 nascentes
1506 2672 1567 2738 per
1582 2660 1696 2718 totum
1719 2651 1967 2719 mesenterium
1983 2673 2158 2743 spargun-

1146 2752 1150 2806 i
1176 2765 1252 2830 tur,
1280 2764 1314 2819 et
1331 2745 1586 2818 adhaerescunt
1604 2749 1793 2819 intestinis.

1276 2864 1368 2936 Caro
1385 2877 1500 2934 autem
1517 2865 1745 2953 glandulosa,
1771 2879 1804 2933 et
1819 2865 1996 2955 pinguedo
2012 2890 2084 2936 non
2101 2892 2160 2937 so-

1177 2967 1250 3036 lum
1266 2966 1454 3037 muniendi
1468 2990 1569 3035 causa
1594 2964 1757 3034 conditae
1776 2979 1878 3051 sunt,
1903 2970 1962 3036 sed
1989 2969 2092 3036 etium
2116 2985 2157 3038 nt

1176 3061 1378 3139 humectent
1393 3066 1581 3150 intestina,
1606 3080 1640 3135 et
1656 3068 1806 3135 calorem
1825 3083 2052 3150 conservent,
2079 3081 2156 3137 tum

1178 3192 1348 3237 venarum
1358 3210 1373 3252 ,·
1394 3182 1468 3239 tum
1484 3168 1785 3260 intestinorum*
1798 3166 1892 3239 Sunt
1919 3182 2034 3237 autem
2056 3170 2158 3238 venis

1177 3267 1363 3339 adiuuctae
1392 3268 1558 3350 arteriae,
1602 3270 1644 3336 ut
1671 3263 1825 3335 calorem
1854 3271 2045 3357 praebcant
2079 3283 2157 3340 tum

1179 3368 1263 3459 ipsis
1278 3369 1378 3438 venis
1392 3361 1797 3460 coquentibusehylum,
1821 3379 1896 3438 tum
1917 3393 2001 3436 vero
2019 3370 2159 3439 intesti-

1178 3469 1244 3543 nis.
1271 3467 1380 3543 Nervi
1395 3483 1512 3538 autem
1528 3470 1668 3562 sensum
1686 3469 1856 3558 praebent
1872 3467 2058 3551 intestinis.
2087 3468 2160 3538 Ve-

1177 3594 1245 3640 nae
1258 3564 1429 3640 hauriunt
1454 3565 1616 3662 chylum,
1641 3583 1677 3640 et
1699 3567 1853 3637 vicissim
1873 3571 2038 3641 nutriunt
2063 3572 2158 3641 inte-

1177 3672 1289 3759 stina,
1323 3695 1364 3740 ac
1385 3670 1618 3740 nominantur
1646 3668 1779 3738 Manus
1804 3665 1949 3761 Epatis,
1985 3671 2067 3763 quia
2099 3696 2158 3740 ra-

1178 3772 1283 3865 piunt
1320 3795 1362 3842 ex
1392 3770 1568 3842 intestinis
1604 3763 1765 3864 chylurn‚
1800 3782 1835 3840 et
1862 3771 1900 3840 in
1924 3795 2009 3863 epar
2040 3784 2158 3842 trans-

1179 3875 1336 3948 mittunt.

1280 3986 1473 4080 Postquam
1488 3999 1605 4057 autem
1621 3985 1734 4054 forma
1749 3982 1865 4075 operis
1880 3996 1915 4053 et
1931 3983 2065 4055 utilitas
2075 4001 2159 4059 nota

1179 4101 1247 4169 est,
1272 4089 1525 4159 vocabulorum
1541 4086 1631 4159 ratio
1645 4086 1747 4156 facile
1759 4084 1912 4175 intelligi
1927 4099 2051 4176 potest.
2075 4091 2162 4160 Me·

1180 4185 1365 4285 oesre‘ptov
1388 4189 1541 4273 dicitur,
1576 4187 1661 4280 quia
1682 4187 1896 4277 panniculus
1918 4201 1969 4257 est
1989 4201 2065 4258 arte
2089 4188 2160 4257 im-

1179 4291 1329 4383 plicatus
1346 4290 1540 4373 intestinis,
1573 4301 1606 4359 et
1631 4287 1787 4356 velutin
1811 4286 1929 4356 medio
1950 4288 2158 4376 stragulum.

1180 4391 1248 4463 Sed
1263 4383 1478 4484 μεσᾶραιον,
1502 4390 1585 4482 quia
1602 4413 1644 4458 ex
1658 4401 1778 4458 centm
1797 4387 1971 4476 plurimae
1988 4402 2159 4476 angustae

1181 4493 1390 4583 propagines
1430 4514 1599 4560 venarum
1629 4504 1663 4560 et
1690 4489 1897 4559 arteriarum
1930 4502 2158 4578 sparguntur.

1179 4591 1269 4662 Nam
1285 4587 1418 4687 ἀραιὸν
1431 4591 1603 4681 significat
1617 4590 1718 4675 exile,
1742 4589 1799 4658 vel
1812 4602 1931 4660 tenue.
1983 4586 2073 4658 lude
2090 4614 2159 4658 no-

1178 4718 1261 4761 men
1282 4704 1334 4762 est
1357 4694 1457 4761 venis
1478 4690 1695 4774 mesaraicis,
1717 4690 1841 4773 idest,
1867 4689 2041 4769 exilibus,
2066 4713 2159 4782 quae

1179 4793 1231 4864 ibi
1244 4795 1284 4862 in
1305 4793 1515 4865 mesenterio
1534 4815 1694 4885 sparsae,
1722 4791 1873 4862 tendunt
1886 4789 1929 4859 ad
1946 4788 2125 4865 intestina.
2141 4862 2145 4871 ,

1389 4989 1591 5092 Iloiysepsos
1614 5013 1683 5064 seu
1714 4983 1940 5086 καλλίκρεαε.

1278 5126 1363 5200 Diri
1379 5126 1594 5198 membranis
1608 5125 1808 5197 mesenterii
1823 5125 1979 5195 additam
1994 5147 2067 5196 esse
2082 5149 2160 5197 car-

142 5229 210 5301 tiae
234 5234 716 5327 pannicularis'propinquae
746 5239 861 5324 carni,
891 5251 926 5308 et
946 5257 1127 5318 nervosae,
1177 5255 1258 5300 nem
1273 5230 1517 5319 glandulosam
1534 5225 1730 5315 explentem
1743 5227 1823 5296 loca
1837 5249 1945 5297 vacua
1961 5226 2055 5296 inter
2071 5251 2159 5296 ven-

138 5354 177 5400 ae
198 5332 304 5410 libras
331 5332 464 5409 habeut
494 5350 729 5418 transversas,
766 5361 857 5439 quae
882 5337 1123 5431 expulsionem
1177 5333 1365 5416 tricolum,
1388 5325 1487 5421 Epor
1509 5340 1543 5398 et
1554 5325 1742 5419 splenem,
1765 5339 1805 5399 ut
1829 5328 2001 5405 sustineat
2023 5340 2058 5399 et
2077 5352 2159 5398 mu-
