4538 5754
121 226 192 337 rso
283 171 284 174 ’
351 207 805 291 scelerarorum.
831 208 1225 293 consumor.
1253 209 1538 292 nremtos.
1565 209 1910 292 sarcasmus·
1982 193 1985 197 ’
2060 217 2135 295 140

119 388 336 484 superiorem
350 382 575 478 potentiam,
597 407 639 454 co
662 396 821 471 constat,
845 384 928 480 quia
945 390 1102 461 actiones

117 491 309 573 habemus,
333 507 420 580 quas
434 485 567 554 bestiae
579 508 654 555 non
669 484 803 557 imitari
818 505 977 579 possunt.
1020 487 1098 559 Ho-

117 618 177 664 mo
205 596 389 665 numerat,
425 585 589 676 intelligit
620 609 694 657 non
725 599 865 658 tantum
896 589 1101 680 singularia,

117 695 180 766 sed
195 690 301 762 etiam
315 684 547 767 universalia,
574 680 680 760 habet
695 689 845 759 noticias
860 690 1017 776 innatas,
1041 713 1100 760 ra-

119 793 310 867 tiocinatur
328 788 433 877 longe
447 788 517 857 alia
536 810 577 857 ex
594 788 691 874 aliis,
716 791 846 861 extruit
865 804 977 874 artes,
1002 792 1101 863 iudi-

119 909 175 967 cat
194 888 481 964 ratiocinationes
502 910 600 974 suas,
625 901 660 960 et
673 886 905 980 deprehendit
927 917 968 962 ac
988 905 1102 965 mutat

120 1007 256 1077 errata,
280 985 389 1060 habet
403 1002 499 1061 actus
521 989 685 1076 reflexos,
708 1002 749 1061 ιιι
762 1007 909 1078 vocant,
932 993 1101 1065 discernit

118 1092 266 1168 honesta
282 1104 318 1161 et
339 1090 475 1181 turpia,
501 1090 671 1161 deliberat
694 1091 799 1181 longa
820 1093 1100 1165 ratiocinatione.

118 1195 216 1266 Haec
231 1216 304 1262 non
322 1204 405 1262 sunt
421 1193 623 1261 communia
638 1192 742 1262 nobis
759 1217 839 1263 cum
855 1195 988 1280 bestiis,
1013 1196 1103 1266 sicut

120 1297 278 1368 actiones
294 1315 481 1375 sensuum,
504 1292 647 1379 videre,
672 1293 814 1377 audire,
840 1295 879 1363 in
897 1296 1026 1388 quibus
1042 1320 1103 1366 su·

118 1408 245 1488 perant
261 1415 327 1463 nos
347 1393 451 1462 etiam
472 1391 623 1478 bestiae,
648 1406 688 1465 ut
703 1394 777 1465 acie
798 1397 984 1468 oculorum
999 1420 1103 1490 aqur-

120 1499 193 1582 lae,
218 1496 370 1565 odoratu
386 1493 556 1565 vultures.

220 1589 286 1665 Est
307 1593 415 1683 igitur
437 1594 581 1686 propria
600 1591 741 1665 homini
763 1597 920 1688 potentia
947 1598 1103 1668 rationa-

121 1699 185 1778 lis,
208 1708 249 1766 ut
270 1693 476 1780 nominant,
509 1718 599 1788 quae
622 1710 673 1767 cst
693 1718 830 1767 summa
848 1697 903 1768 vis
926 1693 1103 1769 humanae

122 1799 271 1870 animae.
321 1790 369 1865 Et
384 1791 477 1865 hanc
492 1797 685 1886 potentiam
701 1798 829 1869 usitate
843 1799 1029 1869 nominant
1046 1799 1104 1868 in-

123 1899 335 1988 organicam.
384 1893 464 1966 Etsi
479 1894 574 1965 enirn
592 1896 630 1965 in
649 1891 715 1967 hac
728 1898 801 1968 vita
816 1920 938 1970 sensus
955 1900 1104 1970 interio-

122 2022 179 2070 res
209 1999 242 2067 ei
268 1996 428 2067 serviunt
451 2008 486 2067 et
516 1995 652 2068 obiecta
673 1998 847 2083 offerunt,
881 2014 1103 2070 tamencum

122 2102 238 2171 anima
256 2096 438 2167 discedens
454 2119 474 2166 a
488 2120 635 2187 corpore
654 2123 754 2168 suam
775 2101 953 2192 quandam
976 2095 1104 2173 habeat

123 2201 318 2282 actionem,
344 2212 377 2269 et
391 2219 474 2267 suos
486 2212 622 2283 motus,
646 2199 778 2269 dicitur
793 2200 1008 2289 inorganica.

225 2296 326 2368 Duae
340 2312 424 2369 sunt
440 2297 618 2389 potentiae
633 2298 672 2367 in
691 2292 757 2370 hac
770 2322 907 2371 summa
926 2316 1040 2392 parte,
1064 2315 1105 2373 ut

123 2402 174 2472 sic
190 2400 322 2469 dicam:
357 2396 560 2469 intellectus
573 2411 609 2468 et
623 2398 798 2474 voluntas.
840 2398 992 2474 Retineo
1008 2403 1104 2472 enim

123 2502 269 2572 usitatas
282 2497 536 2591 adpellationes
558 2512 592 2569 et
606 2499 883 2573 distributiones.
934 2499 1106 2593 Augusti-

126 2625 205 2680 nus,
226 2613 266 2669 ut
282 2612 453 2671 monstret
468 2598 656 2690 imaginem
672 2597 743 2671 Dei
758 2601 944 2688 inanima,
965 2618 1035 2674 tres
1051 2605 1105 2673 vi-

124 2724 180 2774 res
195 2699 371 2769 nominat:
396 2695 629 2785 Memoriam,
655 2701 871 2773 intellectum
890 2719 925 2775 et
940 2705 1105 2775 volunta-

124 2815 209 2875 tem.
247 2799 319 2872 Sed
332 2801 376 2871 de
396 2801 549 2890 imagine
563 2799 630 2872 Dei
654 2814 772 2892 postea
786 2804 915 2876 dicam.
952 2800 1030 2876 Etsi
1043 2831 1106 2877 au·

124 2919 196 2972 tem
218 2914 337 2992 postea
358 2901 469 2990 magis
491 2903 716 2994 perspicuum
730 2904 814 2988 erit,
840 2929 948 2998 qnare
968 2930 1106 2977 necesse

124 3006 173 3075 sit
186 3001 341 3073 discerni
361 3002 579 3075 intellectum
596 3017 630 3074 et
644 3002 875 3091 voluntatem,
901 3029 964 3077 seu
979 3021 1105 3099 poten-

123 3105 211 3178 tiam
233 3118 500 3193 cognoscentem
529 3118 563 3176 et
591 3118 833 3196 appetentem,
866 3120 985 3177 tamen
1010 3132 1106 3179 nunc

124 3228 267 3299 quoque
288 3207 329 3272 in
348 3205 545 3290 vestibulo,
574 3206 733 3276 iuniores
757 3206 801 3274 dc
818 3207 969 3279 utilitate
1000 3202 1106 3279 huius

124 3304 339 3375 discriminis
356 3305 572 3374 admonendi
589 3316 685 3374 sunt.
735 3304 848 3376 Aliud
863 3328 935 3377 esse
948 3310 1108 3394 noticias,

127 3405 225 3477 aliud
253 3405 361 3473 serias
382 3404 613 3495 appetitiones
636 3404 717 3474 sciri
744 3428 883 3477 neccsse
909 3424 976 3494 est,
1006 3422 1048 3480 ut
1068 3411 1106 3478 in

126 3504 296 3595 Pompeio
311 3505 442 3575 noticia
466 3517 518 3575 est
534 3501 630 3575 lulii.
681 3501 729 3576 Et
752 3500 838 3576 haec
852 3522 970 3579 manet
986 3513 1105 3580 eadem

125 3619 207 3676 ante
231 3603 365 3674 bellum
391 3617 426 3674 et
445 3605 485 3674 in
508 3605 615 3679 bello.
655 3603 723 3678 Sed
748 3608 845 3696 prius
861 3609 1107 3682 benevolentia

125 3719 201 3776 crat
215 3705 254 3773 in
269 3705 470 3790 voluntate,
495 3720 612 3796 postea
626 3708 832 3778 accenditur
845 3709 981 3783 odium.
1014 3710 1108 3782 Sunt

126 3806 236 3896 igitur
249 3807 469 3876 rcsdiversae
483 3807 614 3878 noticia
630 3820 665 3877 et
679 3810 844 3894 adfectus,
858 3825 893 3881 et
907 3812 1004 3881 sedes
1020 3812 1107 3882 aliae

127 3920 307 3998 utcunque
319 3907 586 3978 constituendae
600 3922 700 3994 sunt,
726 3934 815 4002 quac
831 3911 974 4005 quidem
993 3914 1030 3982 in
1048 3938 1107 3982 or-

126 4005 227 4098 ganis
248 4007 448 4077 coniunctis
476 4008 614 4077 animae
644 4010 695 4079 sic
716 4012 963 4081 ostenduntur.
1015 4009 1107 4084 Cum

125 4107 285 4202 potentia
303 4121 535 4195 cognoscente
548 4109 704 4198 copulati
720 4125 802 4180 sunt
817 4133 939 4182 sensus
961 4112 1109 4184 interio-

125 4233 194 4289 res.
245 4206 294 4280 At
306 4232 387 4279 cum
404 4209 560 4298 potentia
577 4210 668 4279 serio
684 4211 824 4281 volente
839 4212 1014 4304 copulatio
1030 4238 1109 4284 cor·

127 4312 183 4381 dis
198 4323 261 4380 est.
289 4309 452 4396 ,Noticia
476 4310 586 4399 igitur
599 4308 680 4379 Iulii
699 4324 752 4381 εει
769 4312 808 4380 in
831 4314 985 4385 cerebro.
1037 4314 1109 4386 Sed

126 4411 373 4483 benevolenth
391 4411 563 4482 etodium
577 4411 712 4483 suntin
728 4413 844 4486 corde.

229 4507 348 4580 Huius
375 4512 594 4584 discriminis
616 4512 857 4585 consideratio
887 4515 1038 4590 illustrat
1074 4530 1110 4589 ct

128 4607 233 4679 Pauli
246 4610 378 4680 dictum
397 4613 439 4681 in
455 4614 571 4704 primo
585 4614 698 4706 capite
711 4610 892 4705 Epistulae
915 4619 960 4688 ad
972 4616 1109 4691 Roma·

128 4731 213 4790 nos,
238 4709 303 4779 ubi
323 4710 461 4804 inquit,
493 4709 656 4785 homines
673 4716 855 4786 veritatem
876 4717 915 4787 in
930 4719 1108 4791 iniusticia

128 4811 303 4902 captivam
326 4812 494 4882 detinere.
548 4811 715 4887 Obscura
745 4817 860 4888 oratio
895 4832 947 4891 est
978 4821 1109 4911 ignaris

128 4904 237 4981 huius
251 4912 465 5012 doctrinae,
476 4914 521 4982 de
536 4916 740 4988 discrimine
754 4919 1004 5010 potentiarum.
1034 4920 1109 4992 No·
1199 4987 1207 5003 ,

128 5009 240 5081 ιιιὶιιει
255 5025 369 5081 autern
385 5012 566 5085 veritatem
581 5017 730 5087 noticias
743 5042 843 5089 veras
853 5022 903 5090 ¹de
917 5019 994 5093 'Deo
1017 5024 1110 5095 etde

128 5110 218 5199 lege.
267 5109 319 5180 lli
338 5114 433 5183 radii
457 5115 647 5204 sapientiae
669 5117 738 5189 Dei
755 5121 879 5195 lucent
899 5122 1109 5214 inpotentia

129 5226 378 5306 cognoscente,
403 5228 443 5286 ut
458 5215 497 5285 in
511 5212 683 5311 Pompeio
697 5220 829 5294 noticia
845 5235 897 5294 est
911 5222 1007 5300 lolii.
1038 5224 1110 5296 Sed

130 5335 196 5382 nec
213 5312 251 5382 in
268 5314 462 5405 voluntate,
483 5316 601 5390 necin
617 5321 815 5417 cordesuut
829 5337 944 5399 motus
961 5339 995 5400 et
1008 5327 1110 5419 llamf

1149 408 1229 457 mae
1250 397 1482 476 congruentes
1504 409 1585 456 cum
1608 386 1684 477 lege
1707 385 1787 462 Dei.
1837 384 1934 459 Haec
1955 399 1997 460 ιιι
2015 388 2136 483 aliquo

1149 488 1258 557 modo
1273 485 1424 577 intelligi
1440 486 1594 578 possint,
1620 508 1762 560 neccsse
1782 501 1834 561 est
1848 488 1959 583 aspici
1979 483 2138 562 hominis

1150 600 1314 660 naturam
1332 601 1366 659 et
1382 586 1475 657 vires
1498 588 1697 665 dissimiles.

1250 702 1345 774 Hinc
1360 717 1394 775 et
1410 717 1699 794 argomentomm
1716 706 1849 777 solutio
1866 706 2027 783 sumitur.

1252 803 1436 875 Naturalia
1455 805 1605 875 maxime
1627 807 1810 898 possibilia
1831 820 1917 880 sunt
1929 802 2014 880 huic
2030 820 2137 880 natu·

1152 928 1231 992 rae,
1253 905 1354 976 cuius
1374 919 1457 976 sunt
1474 907 1629 998 propria.

1253 1021 1327 1092 Lex
1341 1022 1492 1092 maxime
1505 1025 1701 1094 secundum
1712 1037 1875 1097 naturam
1893 1041 1955 1098 est.

1252 1119 1318 1194 Est
1333 1124 1442 1212 igitur
1457 1125 1649 1216 possibilis.
1891 1215 1894 1220 Δ
2102 1210 2106 1216 ‚

1253 1238 1413 1311 Primum
1427 1243 1472 1311 ad
1489 1243 1658 1312 maiorem
1677 1243 1965 1335 respondendum
1983 1252 2046 1329 est',
2070 1250 2137 1316 na·

1072 1397 1081 1414 .
1153 1342 1282 1412 toralia
1304 1341 1487 1432 possibilia
1509 1366 1583 1413 esse
1605 1357 1753 1415 naturae
1773 1344 1951 1434 integrae,
1978 1367 2052 1414 non
2073 1345 2138 1416 de·

1154 1454 1329 1534 pravatac.

1137 1568 1142 1581 ’
1254 1539 1395 1613 Deinde
1415 1566 1495 1613 cum
1516 1565 1639 1615 rursus
1662 1543 1848 1629 obiicitur,
1874 1540 1991 1616 adhuc
2013 1547 2137 1617 nobis-

1154 1667 1234 1713 cnm
1259 1645 1356 1712 nasci
1377 1645 1463 1732 legis
1484 1645 1651 1728 noticias,
1676 1645 1780 1713 etiam
1803 1644 1842 1714 in
1862 1640 1928 1717 hac
1948 1648 2137 1737 depravata

1154 1757 1292 1815 natura.
1352 1741 1422 1814 Hic
1442 1746 1681 1834 potentiarum
1707 1744 1897 1815 discrimen
1922 1746 2135 1818 intuendum

1155 1856 1216 1918 est.
1267 1842 1310 1913 ln
1332 1847 1487 1935 potentia
1505 1859 1738 1935 cognoscente
1760 1845 1890 1915 noticia
1906 1847 1990 1938 legis
2009 1848 2136 1920 nobis-

1154 1968 1234 2015 cum
1258 1946 1432 2030 nascitur,
1457 1946 1546 2016 sicut
1568 1969 1798 2016 numerorum
1827 1946 2035 2021 intellectus.
2086 1945 2137 2038 At

1154 2045 1193 2113 in
1207 2045 1389 2117 voluntate
1405 2061 1438 2119 ct
1455 2048 1560 2116 corde
1575 2045 1796 2117 contumacia
1813 2062 1873 2119 est.

1254 2161 1328 2234 lam
1354 2159 1412 2233 hic
1428 2163 1632 2252 magnitudo
1646 2157 1824 2233 humanae
1844 2162 2058 2235 infirmitatis
2073 2164 2136 2234 de·

1155 2265 1326 2355 ploranda
1343 2279 1412 2349 est,
1440 2288 1519 2333 cum
1534 2276 1671 2335 tanturn
1690 2264 1876 2336 dissidium
1892 2286 1965 2333 esse
1983 2266 2136 2335 duarum

1155 2365 1511 2436 summarumvirium
1527 2377 1796 2453 etcognatarum
1812 2365 1998 2435 cernimus.
2023 2361 2138 2435 Dein-

1156 2469 1200 2534 ‹le
1212 2479 1246 2536 et
1263 2466 1450 2535 consilium
1463 2463 1529 2536 Dei
1553 2465 1850 2536 considerandum
1866 2478 1937 2549 est,
1958 2488 2023 2535 cnr
2039 2467 2139 2537 noti·

1156 2567 1245 2636 ciam
1262 2566 1346 2655 legis
1361 2566 1399 2634 in
1415 2566 1520 2637 nob'n
1533 2564 1706 2658 reliquam
1720 2588 1793 2637 esse
1809 2564 1972 2650 voluerit,
1997 2579 2031 2637 et
2048 2588 2138 2659 qua-

1156 2668 1200 2737 lis
1225 2667 1270 2738 sit
1295 2667 1334 2735 in
1354 2667 1534 2737 voluntate
1556 2656 1711 2740 libertas.
1762 2665 1902 2737 Noticia
1925 2679 2064 2751 manet,
2097 2678 2140 2737 ut

1156 2770 1201 2839 sit
1225 2769 1271 2837 de
1293 2764 1369 2839 Deo
1392 2767 1632 2838 testimouium
1642 2816 1655 2851 ‚
1683 2779 1718 2838 et
1739 2780 1781 2838 nt
1802 2777 1926 2857 arguat
1942 2779 2139 2856 peccatum.

1155 2868 1339 2940 Praeterea
1353 2881 1393 2938 ut
1409 2869 1454 2938 sit
1469 2868 1596 2938 rectrix
1613 2879 1776 2939 externae
1791 2866 2010 2959 disciplinae.
2044 2863 2140 2937 Nam

1154 2966 1215 3039 hic
1229 2971 1357 3059 gradus
1371 2969 1544 3040 libertatis
1556 2983 1685 3040 manet.
1739 2968 1916 3060 imperare
1931 2968 2022 3039 ratio
2037 2966 2140 3036 loco-

1157 3071 1309 3141 motivae
1325 3083 1457 3160 potest,
1481 3094 1571 3162 quae
1586 3083 1746 3140 externas
1761 3069 1916 3139 actiones
1932 3066 2012 3138 ciet.
2052 3064 2143 3137 Ma-·

1156 3184 1218 3240 net
1249 3171 1352 3242 etiam
1376 3170 1414 3238 in
1435 3173 1542 3240 corde
1574 3171 1704 3240 vindex
1731 3170 1919 3260 scelerum,
1953 3161 2142 3237 horribilis

1156 3272 1279 3355 dolor,
1304 3268 1368 3362 qui
1388 3284 1466 3360 post
1488 3271 1676 3354 delictum,
1702 3269 1860 3364 sequitur
1877 3268 2056 3359 potentiae
2078 3291 2142 3337 co·

1157 3371 1355 3461 gnosccntis
1370 3369 1553 3441 iudicium.
1581 3368 1666 3440 Vult
1682 3371 1776 3439 enim
1790 3370 1885 3441 Deus
1898 3381 1933 3441 ct
1947 3367 2142 3439 discrimen

1157 3469 1387 3542 honestorum
1402 3485 1436 3542 et
1449 3473 1606 3562 turpium
1621 3471 1797 3562 conspici,
1821 3482 1857 3541 et
1880 3468 2014 3540 destrui
2030 3480 2142 3539 natu·

1157 3597 1234 3643 ram
1259 3574 1355 3662 lege,
1384 3575 1486 3667 quasi
1508 3573 1636 3642 iudicis
1657 3571 1791 3642 aeterni
1806 3569 1977 3640 sententia
1993 3591 2141 3660 oppres-

1157 3698 1242 3744 sam.
1291 3673 1428 3745 Harum
1451 3675 1683 3743 maximarum
1704 3695 1823 3742 rerum
1848 3669 2007 3740 doctrina
2023 3669 2140 3740 multo

1157 3778 1197 3846 lit
1210 3775 1395 3859 illustrior,
1420 3775 1547 3844 ordine
1562 3772 1792 3844 consideratis
1808 3769 1988 3860 potentiis,
2013 3781 2048 3841 et
2063 3769 2141 3838 sin-

1158 3877 1320 3967 gularum
1333 3876 1543 3947 actionibus.
1593 3871 1730 3945 Etcum
1746 3873 1785 3941 in
1801 3867 1867 3941 hac
1882 3869 2028 3940 materia
2043 3869 2140 3959 aspi-

1158 3979 1190 4048 ci
1207 3990 1322 4067 partes
1337 3971 1493 4048 hominis
1505 3997 1646 4045 neccsse
1661 3974 1726 4059 sit,
1752 3974 1856 4042 valde
1871 3970 1970 4042 utilis
1984 3983 2037 4040 est
2050 3963 2139 4039 hacc

1158 4078 1299 4150 collatio
1315 4072 1475 4172 physices
1489 4079 1532 4147 ad
1551 4075 1748 4147 doctrinam
1762 4070 1953 4145 Ecclesiae.

1258 4179 1364 4250 Addo
1382 4192 1416 4249 et
1430 4179 1574 4250 alterius
1587 4175 1785 4264 argumenti
1800 4171 2082 4269 explicationem.

1258 4280 1440 4352 Naturalia
1458 4293 1540 4349 sunt
1555 4276 1802 4347 immutabilia.

1259 4379 1528 4471 Legesdivinae,
1543 4401 1633 4472 quae
1648 4388 1732 4447 sunt
1744 4374 1783 4445 in
1791 4375 1956 4463 decalogo
1971 4369 2141 4442 omnibus

1159 4484 1378 4574 propositae,
1401 4495 1485 4551 sunt
1501 4492 1670 4562 mutatae,
1695 4491 1754 4562 ut,
1780 4488 1903 4547 contra
1917 4473 2067 4566 primam
2082 4485 2156 4540 ta-·

1158 4584 1280 4652 bulam
1295 4579 1483 4652 horrendis
1498 4581 1679 4651 furoribus
1694 4579 1805 4649 multa
1830 4576 1978 4646 numina
1992 4570 2141 4642 conficta

1160 4697 1261 4763 sunt,
1286 4698 1323 4753 et
1344 4697 1464 4752 contra
1488 4684 1677 4753 secundam
1699 4680 1856 4750 tabulam
1872 4673 2060 4767 permissae
2076 4691 2140 4763 pa·

1159 4785 1293 4855 ctiones
1333 4785 1376 4854 (le
1416 4783 1600 4853 adulteriis
1634 4782 1726 4870 apud
1756 4772 2073 4856 Lacedaemonios,
2106 4784 2142 4840 et

1160 4884 1254 4976 apud
1275 4887 1404 4956 multas
1431 4898 1551 4974 gentes
1574 4878 1764 4953 homicidia
1793 4878 2028 4968 gladiatorum
2058 4894 2142 4962 per-

1157 5008 1266 5058 missa
1279 5000 1377 5060 sunt.

1260 5101 1355 5195 Ergo
1372 5105 1465 5193 leges
1479 5102 1561 5171 illae
1579 5098 1721 5169 divinae
1736 5120 1810 5167 non
1830 5109 1913 5166 sunt
1930 5090 2117 5163 naturales.

1261 5221 1472 5314 Responsio.
1528 5217 1626 5307 Nego
1655 5216 1843 5286 minorem.
1902 5211 2014 5300 Leges
2047 5206 2143 5276 enirn

1159 5324 1244 5397 'illae
1268 5347 1342 5396 non
1363 5335 1446 5394 sunt
1467 5333 1639 5408 mutatae,
1667 5319 1765 5413 quod
1786 5315 1831 5387 ad
1853 5327 1990 5408 partem
2012 5330 2146 5398 cogno·
