4538 5754
86 218 147 293 »ts
469 212 514 289 V.
575 213 627 288 IN
649 209 914 295 ututututt
938 143 1254 319 PROPHE'l‘bM
1278 206 1695 287 COMMENTARIUS.
2019 212 2097 288 950

86 403 221 461 sortem
238 386 433 460 Alexandri
456 382 540 460 145.
556 386 615 457 die
632 381 692 458 15.
710 383 936 461 Novembris.
986 381 1061 455 De-
1109 395 1298 468 caverunt,
1323 383 1419 477 quod
1435 382 1474 453 in
1489 378 1646 455 Ecclesia
1662 380 1847 455 Bremensi
1861 380 2096 476 Evangelium

86 494 155 563 nde
178 515 263 562 vero
277 504 357 582 post
373 490 568 561 triennium
582 490 716 581 templo
730 501 956 579 recuperato,
979 487 1061 557 ido-
1110 508 1200 577 pure
1216 488 1404 569 docuerat,
1428 508 1509 555 cnm
1524 486 1671 580 qsaidem
1686 489 1942 557 modestissime
1954 489 2098 559 functus

86 616 145 667 am
176 616 301 665 rursus
330 605 489 663 amotum
514 603 549 662 et
571 604 765 662 crematum
786 601 838 660 cst
859 612 957 660 anno
980 601 1062 682 post
1111 600 1202 657 esset
1227 608 1293 657 suo
1322 610 1483 661 munere.
1546 582 1593 657 Et
1616 611 1754 679 possem
1774 590 1923 661 recitare
1944 591 2096 662 aliorum

86 695 267 767 elenandri
291 708 441 765 mortem
468 690 553 765 148.
578 692 637 761 die
657 716 742 763 vero
765 688 976 763 Novembris
996 688 1060 762 26.
1113 688 1307 761 multorum
1323 682 1501 759 historias.
1956 678 1961 692 '

87 821 142 867 uo
158 790 775 889 posteacelebratssuntEncaenia,
792 817 946 887 quorum
961 815 1061 862 men-
1962 854 1966 861 .

86 903 117 970 lo
138 899 180 971 fit
193 902 287 992 apud
307 893 516 973 lobannem.
1071 926 1074 941 ·
1163 896 1211 966 Et
1227 890 1549 982 oumceos‘dertut,
1573 890 2094 992 iuvabuntseossctls’opucuo.

1163 999 1213 1071 Et
1224 997 1338 1069 mults·
1351 1018 1394 1069 se
1410 993 1616 1093 odtssupesst
1631 999 1690 1068 eis
1703 992 1917 1091 fallaciter.
1998 1044 2004 1049 -

117 1090 171 1161 El
189 1088 352 1180 mul*
371 1088 499 1159 mim
512 1085 640 1157 Deum
654 1105 768 1206 ‘imm
782 1078 1062 1178 ⁰⁰”s0ml'mr
1195 1125 1359 1199 Declarat
1382 1129 1528 1199 modum
1550 1126 1789 1213 liberationis,
1815 1142 1849 1201 ct
1863 1130 1962 1225 quasi
1979 1131 2100 1201 classi-

117 1185 344 1365 mae‘tt
359 1190 501 1369 ⁶332ss
513 1188 863 1387 ἵέΐῖΐᾶἱωθῆῃέὼ
882 1183 1073 1361 &matum
1114 1254 1194 1301 curn
1209 1230 1306 1301 canit
1320 1225 1388 1351 bip,
1413 1231 1475 1324 qui
1489 1225 1969 1350 represseruutrlntiochum.
2006 1231 2098 1303 Nam

266 1343 280 1383 ’
566 1313 593 1389 9
673 1313 692 1362 ⁰
817 1310 894 1363 mm
936 1310 958 1361 θ
999 1339 1010 1361 ·
1115 1327 1201 1403 baec
1215 1333 1323 1402 verba
1336 1356 1414 1423 pros
1427 1343 1618 1403 moverunt
1632 1332 1677 1400 sd
1690 1354 1787 1401 arma
1802 1335 1986 1424 capienda.
2012 1332 2100 1404 Per·

175 1438 275 1511 Haec
295 1453 346 1512 est
367 1439 558 1533 promissio
576 1438 815 1524 liberationis,
842 1438 965 1532 inqua
984 1436 1063 1508 An·
1114 1458 1161 1504 vo
1185 1432 1319 1505 arsxilio
1341 1433 1581 1519 iuvabuntur,
1606 1432 1643 1503 id
1668 1446 1737 1519 est,
1763 1458 1843 1527 para
1864 1436 1921 1526 pia
1940 1437 2008 1507 erit
2022 1437 2101 1506 sine

86 1544 170 1616 elus
201 1555 348 1613 testatur
375 1542 451 1612 fore
476 1542 614 1634 aliquos
638 1541 785 1610 scientes
806 1537 922 1611 Deum
946 1562 1062 1619 strum,
1114 1536 1307 1606 ordinariis
1323 1537 1490 1621 ducibus,
1515 1556 1580 1605 nec
1597 1529 1741 1606 babebit
1758 1560 1903 1626 magnos
1917 1539 2101 1624 exercitus,

86 1647 140 1743 psi
151 1645 225 1716 sint
241 1643 459 1715 adversaturi
473 1637 784 1714 furoriAntiocbi:
810 1655 845 1713 et
858 1664 1062 1737 quanquam
1114 1638 1176 1708 sed
1198 1639 1471 1727 erunt-exiguae
1489 1639 1610 1728 copiae
1632 1638 1773 1727 piorum
1790 1651 1824 1709 et
1840 1639 1988 1711 fortium
2004 1642 2101 1711 viro-

86 1747 180 1821 nnlti
200 1746 238 1816 in
262 1740 333 1817 hoc
355 1745 434 1838 ipso
455 1768 605 1815 numero
627 1743 904 1829 interficientur,
928 1755 963 1814 et
982 1766 1064 1815 cru·
1114 1764 1215 1822 ream,
1241 1740 1401 1835 quisine
1422 1739 1608 1811 ordinario
1632 1739 1780 1828 imperio
1798 1754 1922 1832 sponte
1937 1764 1999 1811 sua
2015 1766 2102 1811 con-

86 1848 216 1923 letibus
239 1847 422 1941 suppliciis
445 1845 663 1929 allicientur,
688 1860 807 1917 tamen
824 1848 968 1917 tandem
983 1844 1065 1935 'pul-
1114 1856 1258 1913 current
1273 1844 1318 1910 ad
1331 1864 1556 1915 communem
1572 1841 1823 1914 defensionem.
1864 1844 1963 1914 Sicut
1978 1857 2011 1914 et
2024 1857 2102 1913 tex-

86 1952 121 2023 is
142 1945 309 2023 hostibus
336 1949 580 2043 recuperaturi
609 1947 681 2021 sint
711 1948 862 2041 patriam
891 1960 926 2019 et
952 1946 1066 2017 liber-
1116 1958 1172 2015 tus
1187 1943 1305 2039 inquit
1320 1944 1357 2012 in
1374 1944 1467 2014 libro
1483 1940 1775 2029 Macalueornm,
1797 1945 1988 2014 nominans
2004 1940 2101 2016 bunc

86 2064 193 2125 stan.
1115 2060 1272 2131 coetum,
1299 2045 1538 2125 voluntarios.
1564 2044 1685 2125 idest,
1711 2043 1850 2138 quitus
1864 2060 1998 2140 sponte,
2024 2048 2101 2118 sine

176 2167 371 2262 Praecipue
392 2183 509 2243 autem
532 2170 794 2240 observandum
816 2181 867 2240 est
887 2163 956 2239 boc
973 2166 1064 2248 loco,
1115 2146 1308 2221 ⁰¹'dlsstl'll⁸
1321 2147 1474 2219 dutlbflt
1488 2159 1760 2219 concurrerunt.

86 2272 161 2369 [uid
183 2273 229 2343 cle
244 2284 395 2367 utraque
411 2283 509 2363 parte
524 2271 657 2342 iudicet
670 2268 785 2358 Deus,
812 2294 919 2365 quam
933 2294 1063 2363 appro-
1218 2269 1303 2342 Post
1324 2270 1478 2342 reditum
1496 2294 1537 2340 ex
1554 2268 1738 2365 Babylone
1754 2293 1865 2365 usquc
1881 2273 1926 2342 sd
1942 2267 2009 2343 boc
2023 2272 2102 2344 bel·
2143 2286 2146 2293 '

86 2389 153 2459 set,
178 2398 285 2469 quam
307 2377 464 2449 clamnet.
515 2371 706 2444 Pontifices
726 2388 762 2446 ct
785 2373 961 2468 principes
983 2394 1064 2443 cum
1114 2373 1191 2444 lum
1220 2374 1327 2444 duces
1353 2396 1394 2443 ex
1425 2373 1533 2466 stirpe
1559 2370 1675 2445 David
1708 2374 1935 2465 praefuerunt
1967 2376 2111 2467 populo

86 2478 213 2548 naiore
236 2488 333 2568 parte
355 2475 479 2567 populi
500 2475 760 2567 amplectentur
779 2470 939 2545 ethnicos
962 2473 1074 2559 ritus,
1116 2476 1192 2545 sine
1213 2475 1319 2547 titulo
1343 2473 1460 2573 regio,
1487 2476 1548 2545 sed
1571 2490 1688 2547 tamen
1712 2475 1900 2546 autoritate
1918 2474 2111 2562 inediocri,

86 2579 210 2650 hiecte
233 2578 309 2667 lege
325 2576 447 2652 Moisi.
498 2576 595 2649 Haec
619 2600 700 2669 pars
721 2577 785 2650 etsi
806 2588 859 2647 est
871 2576 1004 2662 maior,
1031 2586 1065 2645 et
1117 2577 1181 2649 etsi
1203 2579 1248 2648 ad
1264 2589 1460 2649 extremum
1475 2575 1660 2668 pontifices
1675 2577 1881 2648 antecellere
1897 2580 2053 2670 potentia
2069 2593 2104 2650 et

86 2704 194 2753 ecum
223 2672 331 2765 habet
359 2680 579 2751 ordinariam
603 2693 828 2771 potestatem,
859 2691 902 2751 ut
925 2691 1066 2763 vocant,
1116 2703 1245 2771 pompa
1276 2692 1479 2769 coepensnt.
1540 2678 1594 2750 Ac
1623 2677 1769 2748 nomina
1799 2681 1929 2750 ducum
1958 2681 2111 2752 illorum·

86 2786 113 2853 d
137 2793 208 2868 est,
240 2778 441 2872 pontifices:
475 2795 596 2854 tamen
620 2782 810 2852 damnatur
832 2803 959 2872 supra,
983 2802 1065 2851 eum
1116 2793 1238 2852 extant
1260 2779 1299 2849 in
1319 2779 1523 2870 genealogia
1545 2775 1699 2859 Christi,
1733 2780 1870 2873 fuitque
1892 2783 1998 2872 paulo
2021 2797 2103 2855 ante

86 2882 558 2974 sominatpraevaricatores.
1115 2877 1185 2953 hoc
1209 2881 1344 2954 bellum
1370 2879 1498 2952 lennes
1522 2883 1613 2966 dux,
1655 2881 1718 2974 qui
1741 2882 1786 2950 ab
1809 2878 1989 2953 Antiocho
2013 2880 2113 2977 Epi.

179 2998 307 3071 Minor
330 3023 412 3092 pars
436 3013 529 3081 erat,
558 3023 649 3094 quae
670 3022 691 3071 a
713 2999 791 3071 Deo
814 3023 879 3072 suo
903 3024 978 3071 non
1001 2998 1067 3071 (10.
1117 2978 1235 3077 phane
1258 2983 1296 3053 in
1316 2983 1460 3055 castello
1476 2977 1689 3053 ierichuutis
1711 2982 1891 3068 obsessus,
1917 2984 1969 3055 ibi
1991 2986 2105 3058 inter-

86 3106 229 3186 ecerat,
260 3102 314 3173 Ac
336 3099 549 3173 nominatim
569 3124 653 3187 suo,
685 3101 1067 3197 inquie‚id231‚qui
1116 3086 1226 3191 fectus
1256 3098 1320 3157 est.
1385 3082 1512 3156 Postea
1542 3083 1696 3176 populus
1725 3084 1802 3155 sine
1831 3086 1921 3155 duce
1945 3102 2036 3168 erat,
2069 3103 2104 3160 et

86 3231 111 3275 n·
133 3204 305 3275 revelavit
325 3204 363 3271 in
386 3197 456 3273 hoc
479 3203 555 3295 ipso
572 3206 700 3285 serbo,
725 3196 822 3298 qdod
838 3205 988 3276 tradidit
1000 3228 1065 3275 auo
1117 3187 1299 3282 Ρὸῐῑῑῑῧθθῦ
1321 3186 1415 3258 ῑῦῑθῑ·
1436 3209 1473 3258 δὲ
1492 3185 1685 3257 ἃῐῦδὶῑῐθῠθ
1709 3201 1744 3257 et
1764 3187 1873 3263 omni.
1887 3210 2012 3277 genere
2028 3214 2104 3261 sce·
2177 3264 2180 3275 ,

86 3306 229 3399 sopulo:
244 3316 248 3323 '
266 3300 358 3375 hunc
384 3304 560 3375 minorem
580 3320 717 3398 partem
741 3308 924 3398 approbat.
983 3305 1066 3376 Non
1118 3290 1232 3362 lerum
1248 3290 1441 3371 certabam·

86 3409 187 3500 gitur
209 3409 454 3478 deterreantur
475 3407 525 3499 pii
543 3430 563 3476 a
581 3408 798 3499 professione
814 3432 918 3478 verae
933 3408 1067 3478 doctri·
1219 3396 1395 3484 Destitut's
1409 3431 1492 3498 ergo
1506 3432 1588 3481 vera
1598 3404 1754 3481 Ecclesia
1768 3408 1959 3481 ordinariis
1974 3412 2105 3503 guber.

86 3535 162 3594 me,
189 3533 271 3579 cum
291 3509 485 3579 adversarii
508 3523 699 3601 opponunt
713 3509 845 3580 iudicia
860 3508 1067 3601 pontificum
1117 3515 1323 3594 natoribus,
1365 3512 1546 3583 concurrit
1575 3507 1755 3584 hortatore
1784 3507 1960 3584 Matbatia
1990 3538 2118 3586 sacer··
2241 3578 2255 3589 ..

86 3627 108 3685 tt
132 3611 280 3681 maioris
302 3611 433 3702 partis,
463 3626 502 3683 ut
524 3634 619 3682 nunc
643 3606 710 3682 boc
732 3626 942 3703 armamento
964 3634 1066 3706 prae-
1118 3622 1223 3702 dote,
1256 3640 1362 3710 quem
1390 3628 1534 3705 propter
1560 3613 1743 3704 pietatem,
1776 3638 1850 3683 non
1873 3630 2017 3708 propter
2041 3644 2105 3708 po-

86 3714 179 3809 a‘pue
196 3735 453 3803 oppugnamur·
1118 3719 1264 3793 tentiam
1288 3730 1349 3788 aut
1372 3741 1475 3807 opes,
1508 3716 1561 3806 pii
1580 3716 1834 3787 reverebantur
1853 3730 1888 3787 et
1908 3722 2115 3811 sequebam·

179 3830 389 3919 memineris
404 3847 437 3903 et
455 3827 540 3919 hoc,
565 3834 741 3927 quomis:
768 3833 874 3908 Docti
889 3837 1069 3910 docebunt
1118 3837 1188 3895 tur.
1240 3817 1290 3892 Ut
1316 3842 1413 3889 nunc
1443 3841 1524 3887 vcra
1546 3813 1703 3888 Ecclesia
1728 3817 1875 3909 privatis
1897 3821 2024 3890 studiis
2050 3825 2106 3892 iu-

86 3938 223 4011 nultos.
274 3934 457 4025 Significat
475 3935 514 4005 in
531 3936 595 4005 illo
609 3937 687 4029 ipso
702 3941 894 4011 certamine
908 3941 1005 4025 fore,
1027 3952 1069 4011 ut
1118 3936 1237 3994 talu&
1278 3918 1413 4012 Refets
1448 3917 1650 4023 Pfissssllffl,
1683 3914 1851 4013 Epltwpi
1883 3939 2105 4015 oppugnant·

86 4039 240 4112 loctrina
257 4051 467 4128 repurgetur
483 4051 516 4109 et
531 4039 642 4127 magis
657 4039 865 4116 illustretur.
911 4040 960 4115 Ut
970 4066 1068 4113 nunc
1119 4020 1396 4097 Observandum
1418 4034 1469 4093 ⁰⁵¹
1488 4035 1605 4092 wem
1627 4023 1845 4114 exemplum,
1879 4038 1918 4095 ul
1940 4025 2106 4095 clamori-

86 4168 115 4213 n
148 4139 332 4211 acerrimis
361 4134 490 4209 horum
523 4152 721 4230 temporum
751 4142 1067 4234 disputationibus,
1120 4130 1186 4199 hus
1208 4129 1253 4197 de
1274 4123 1455 4196 ordinaria
1478 4136 1647 4215 potestate
1668 4137 1702 4196 et
1720 4125 1764 4195 de
1781 4125 1907 4195 maiori
1926 4140 2024 4216 parte
2040 4150 2105 4218 op·

86 4244 146 4317 hei
177 4239 367 4324 beneficio,
417 4239 570 4311 mealtutn
597 4241 688 4312 lucis
714 4245 857 4314 accessit
886 4245 1069 4317 doctrinae
1119 4245 1284 4330 Plem'·

86 4342 286 4432 Evangelii,
312 4343 408 4437 quod
432 4356 535 4413 antea
558 4345 725 4415 sordibus
740 4339 978 4418 busoanarum
996 4361 1070 4418 tra·
1221 4344 1329 4419 Utilis
1341 4345 1538 4416 admonitio
1552 4359 1602 4417 est
1616 4342 1654 4414 in
1665 4342 1773 4415 altera
1784 4342 1973 4434 particula:
1995 4344 2105 4416 Multi

86 4448 260 4521 litionnm
276 4458 308 4514 rt
324 4446 448 4516 multis
462 4444 600 4514 frivolis
615 4470 655 4515 ac
670 4445 789 4536 impiis
802 4448 1070 4542 quaestionibus
1120 4474 1158 4522 se
1179 4450 1348 4538 adiunget
1371 4449 1423 4518 eis
1445 4447 1631 4518 fallaciter.
1689 4443 1850 4515 Alcimus
1872 4447 2028 4537 pontifex
2055 4450 2105 4517 si-

86 4542 337 4621 nonachorum
353 4548 522 4617 obrutum
539 4561 624 4622 erat.
676 4543 840 4642 Denique
854 4573 934 4621 cum
945 4546 1070 4621 Eccle-
1120 4553 1279 4623 mulabat
1298 4574 1335 4623 se
1358 4573 1432 4621 esse
1451 4550 1605 4620 amicum
1624 4547 1791 4617 exercitui
1811 4548 1968 4639 piorum,
1995 4574 2105 4644 eaque

86 4653 131 4724 tia
155 4661 341 4741 putaretur
360 4670 434 4716 esse
457 4671 606 4737 regnum
629 4650 869 4740 pontificium,
894 4675 977 4721 vera
998 4649 1070 4723 Ec·
1121 4653 1349 4726 simulatione
1365 4650 1550 4744 perfidiose
1566 4648 1742 4741 oppressit
1755 4651 1918 4742 deceptos
1932 4651 2044 4736 cives,
2070 4667 2105 4725 et
2123 4726 2129 4735 ,

86 4754 185 4826 etesia
201 4773 276 4821 non
291 4750 554 4839 agnoscebatur.
597 4749 701 4821 Nunc
717 4750 1071 4844 praeliadiscrimina
1092 4724 1097 4792 l
1120 4756 1252 4828 multos
1273 4755 1459 4826 interfecit.
1511 4751 1584 4822 Nec
1607 4750 1758 4820 dubium
1775 4765 1826 4822 est
1843 4753 1983 4826 crebras
1998 4754 2105 4826 fuisse

86 4855 324 4929 »scenderunt
944 4868 947 4873 '
1121 4859 1335 4930 mutationes
1364 4857 1587 4927 voluntatum
1618 4866 1653 4924 et
1681 4852 1912 4939 defectiones,
1932 4868 1983 4929 ut
2003 4858 2042 4927 tu
2065 4857 2105 4932 in

182 4970 253 5045 Sed
271 4970 375 5043 multi
392 4972 538 5055 cadent,
565 4972 703 5064 inquit,
729 4971 902 5065 in-glsdio
918 4987 953 5046 et
968 4975 1072 5045 flam.
1121 4960 1288 5031 civilibus
1310 4957 1515 5042 discordiis,
1549 4956 1588 5026 in
1611 4956 1742 5049 quibus
1764 4949 1928 5025 homines
1949 4959 2042 5029 leves
2066 4983 2105 5029 ac

86 5101 149 5149 ns.
197 5071 270 5145 Nec
285 5086 426 5144 nostrae
441 5072 547 5143 aetati
560 5074 690 5146 desunt
703 5074 874 5167 exempla.
917 5066 1071 5147 Memini
1121 5062 1208 5133 ’ΜΗ
1233 5062 1291 5133 Vssl
1318 5063 1499 5132 f⁰rl⁰ss³¹¹¹
1521 5070 1737 5152 “quum‘’
1768 5056 1826 5129 vel
1846 5057 1993 5152 Pflvtllt
2012 5063 2106 5133 odiit

86 5181 199 5249 virum
224 5173 400 5268 optimum
422 5188 457 5245 et
479 5175 663 5246 excellenti
687 5176 831 5267 ingenio
854 5189 889 5248 et
909 5179 1072 5250 doctrina
1121 5188 1256 5235 mmm
1271 5177 1412 5254 serum·

86 5278 302 5362 traditum,
328 5274 524 5347 fltnflfflm
533 5271 844 5369 Sutphanienscm‚
869 5278 1072 5374 qncmBre-
1224 5281 1301 5354 Hoc
1326 5294 1447 5353 nostra
1470 5293 1580 5357 aetate
1602 5279 1758 5350 vidimus
1779 5278 1992 5350 defectiones
2013 5280 2108 5348 mul-

86 5381 214 5455 nensis
231 5373 398 5472 Episcopi
415 5378 571 5453 ministri
586 5380 828 5455 crudelissime
841 5381 995 5458 interfici
1009 5407 1090 5475 cus
1122 5397 1244 5459 torum
1273 5398 1477 5480 potentum,
1508 5383 1594 5453 item
1603 5383 1788 5521 ‘aliorum
1821 5380 1885 5474 qni
1904 5380 2047 5472 publice
2068 5381 2107 5450 in
