4538 5754
117 244 213 323 tter
699 234 825 311 Puto
853 234 968 313 MEL.
994 231 1206 311 SCRIPTA
1231 231 1538 312 EXEGETIGA.'
2042 233 2133 309 titt

115 435 221 515 petuo
239 417 424 498 victuram,
451 411 488 482 in
504 411 572 480 vita
591 423 624 480 et
639 409 750 499 gloria
767 422 923 495 aeterna,
947 423 987 480 ut
1000 410 1099 480 trua-
1149 408 1228 482 sitia
1248 421 1283 478 et
1300 407 1471 494 actiones,
1496 408 1579 504 quia
1593 406 1691 480 Deus
1707 432 1782 478 non
1800 408 1878 479 vult
1893 407 1936 476 in
1951 401 2021 476 boc
2038 432 2136 477 mun·

116 539 175 595 tur
198 531 387 610 conspectu
412 511 498 596 Dei,
524 514 691 606 quodque
714 507 806 581 branc
822 508 1016 582 Ecclesiam
1043 512 1101 579 in·
1149 515 1196 582 do
1225 534 1369 603 prorsus
1399 511 1511 581 deleri
1535 510 1748 596 Ecclesiam,
1778 511 1855 580 vult
1885 510 2032 603 aliquos
2063 532 2137 595 esee,

117 642 211 698 terea
233 619 445 691 mirabiliter
468 629 601 685 exercet
624 628 657 684 et
680 616 806 683 liberat
829 638 847 681 a
866 614 1014 703 peccatis
1029 628 1062 683 et
1081 636 1100 682 a
1151 612 1212 708 qui
1228 612 1340 704 ipsius
1357 611 1495 682 Nomen
1512 630 1547 685 et
1562 614 1729 686 noticiam
1747 612 1951 696 celebrent,
1973 624 2009 682 et
2024 606 2137 681 Evau-

118 741 250 809 morte,
275 747 339 816 per
353 720 486 791 Filium
509 741 614 811 quem
631 716 744 800 misit,
771 728 807 785 ut
822 714 980 784 mirabili
996 717 1102 785 modo
1151 713 1280 807 gelium
1297 714 1557 788 circumferant.

119 831 273 924 placaret
290 827 379 895 iram
393 817 477 905 Dei,
501 833 535 889 et
550 819 690 891 tolleret
706 830 897 909 peccatum.
1254 815 1305 889 Ur
1322 815 1431 904 igitur
1447 818 1622 909 poggium,
1638 830 1672 888 ,t
1687 840 1754 887 ΠΟ,
1767 810 1861 887 hanc
1872 838 2000 886 „ocem
2009 838 2137 897 soum,

222 927 415 999 Admirans
431 922 541 1013 igitur
554 914 731 1009 Propheta
748 918 1029 1008 magnitudinem
1045 941 1102 988 ae·
1152 943 1192 990 ac
1205 918 1349 988 laudare
1357 914 1472 988 Deum
1480 971 1493 1004 ‚
1519 922 1613 1013 quod
1630 920 1675 989 sit
1688 920 1824 999 bonus,
1849 918 1914 1010 qui
1930 941 2014 988 cum
2030 917 2068 985 in
2079 912 2137 987 hae

121 1033 214 1107 terni
250 1027 432 1110 beneficii,
471 1024 566 1117 quod
597 1017 683 1090 baec
712 1022 871 1090 mortalis
900 1035 1027 1091 natura
1058 1021 1102 1089 ad
1154 1021 1226 1092 vita
1251 1020 1366 1105 iuvet,
1392 1031 1468 1090 tum
1491 1046 1574 1093 vero
1597 1024 1745 1093 daturus
1768 1020 1814 1092 sit
1834 1019 1945 1089 nobis
1967 1034 2137 1090 aeternam

122 1149 299 1207 aeternam
329 1129 439 1198 vitam
471 1141 505 1195 et
531 1123 698 1215 gloriam,
729 1124 774 1192 ad
801 1122 1000 1192 societatem
1025 1146 1104 1192 cum
1155 1122 1265 1192 vitam
1298 1134 1331 1191 et
1362 1122 1532 1212 gloriam,
1573 1145 1804 1214 agnoscamus
1835 1120 2051 1213 sapientiam
2080 1115 2138 1189 brr-

123 1237 199 1311 Deo
225 1237 331 1304 electa
355 1244 389 1300 et
411 1241 531 1298 vocata
557 1239 628 1310 est,
653 1226 808 1295 clamitat
826 1247 862 1293 se
880 1219 948 1293 boc
965 1225 1107 1315 praedi-
1155 1247 1295 1295 manam
1318 1247 1456 1293 coccam
1479 1248 1571 1310 esse,
1597 1226 1773 1295 discamus
1794 1240 1971 1317 quantum
1988 1222 2074 1291 mali
2090 1221 2140 1305 sit,

124 1366 220 1425 care,
246 1339 456 1407 immensam
479 1352 553 1398 esse
575 1325 767 1396 bonitatem
785 1326 877 1410 Dei,
903 1327 1106 1418 quaesesic
1155 1325 1383 1397 succumbere
1416 1327 1529 1396 malae
1560 1326 1811 1409 conscientiae,
1844 1338 1877 1396 et
1900 1323 2140 1413 confugiamus

125 1467 205 1535 erga
235 1461 301 1510 nos
332 1431 514 1512 effuderit,
545 1443 681 1500 utnon
703 1442 840 1499 tantum
864 1428 1108 1518 corporalibus
1156 1429 1198 1497 ad
1218 1424 1351 1497 Filium
1369 1422 1436 1496 Dei
1455 1426 1710 1513 Mediatorem,
1735 1442 1770 1499 et
1792 1426 1862 1496 lide
1877 1448 1948 1496 nos
1962 1423 2139 1517 erigamus,

125 1544 230 1618 bonis
252 1563 318 1611 nos
339 1531 589 1616 cumulaverit,
614 1532 674 1601 secl
697 1530 801 1599 etiam
825 1543 965 1599 aeterna
984 1529 1055 1599 vita
1074 1541 1107 1597 et
1156 1542 1197 1600 ut
1211 1525 1327 1597 Deum
1344 1527 1509 1601 invocare
1525 1545 1559 1601 et
1576 1529 1776 1623 praedicare
1791 1528 1983 1621 possimus.

125 1646 257 1740 gloria,
280 1664 386 1736 quam
402 1634 552 1726 cogitate
567 1632 657 1703 ratio
671 1656 746 1700 non
762 1644 887 1722 potest.
1260 1624 1338 1700 Etsi
1367 1644 1486 1702 autem
1516 1657 1588 1704 una
1619 1645 1670 1703 est
1696 1630 1889 1711 sententia,
1925 1654 1998 1725 qua
2019 1626 2142 1719 etipse

228 1743 292 1817 Est
307 1765 388 1832 ergo
404 1733 490 1809 baec
505 1759 573 1804 vox
589 1758 691 1804 verae
705 1746 740 1803 et
755 1734 911 1804 ardentis
927 1733 1027 1819 fidei,
1052 1733 1108 1801 in·
1156 1731 1279 1802 laudat
1299 1728 1437 1818 Deum,
1462 1747 1496 1805 et
1520 1734 1620 1806 iubet
1639 1732 1727 1803 alios
1750 1733 1900 1802 eandem
1926 1731 2072 1802 laudem
2093 1753 2143 1800 30.

127 1851 260 1926 tuentis
280 1843 420 1927 Deum,
452 1863 527 1909 non
557 1860 656 1906 more
684 1835 851 1916 rationis,
884 1838 943 1905 sed
969 1836 1109 1928 qualern
1159 1856 1263 1917 nare,
1294 1846 1415 1904 tamen
1443 1850 1590 1908 venusta
1618 1849 1670 1906 eat
1700 1832 1921 1908 distributio.
1989 1830 2141 1902 Primum

128 1957 203 2048 ipse
216 1975 252 2022 se
268 1947 373 2018 nobis
388 1940 542 2013 ostendit
555 1940 592 2006 in
607 1961 732 2007 arcana
747 1935 980 2028 promissione
989 1934 1111 2033 Evan-
1159 1934 1329 2028 praecipit
1355 1935 1420 2006 toti
1444 1938 1577 2031 populo
1600 1924 1724 2011 lsrae'l,
1768 1933 1912 2006 Deinde
1936 1932 2143 2004 nominarim

127 2055 229 2147 getii,
254 2074 360 2143 quam
381 2040 549 2114 revelarit
566 2038 698 2122 Filius,
724 2038 784 2131 qui
809 2040 919 2109 estin
943 2040 1025 2108 sinu
1050 2062 1112 2130 pa·
1161 2037 1331 2129 praecipit
1361 2039 1485 2110 domui
1508 2037 1651 2126 Aaron,
1684 2040 1721 2109 id
1750 2052 1820 2122 est,
1852 2035 2031 2107 ministris
2052 2032 2143 2105 verbi

128 2160 203 2232 tris.
257 2141 468 2239 Philosophi
489 2156 523 2214 et
545 2140 1113 2232 populuslegisnonintellignnt
1160 2138 1246 2224 Dei,
1278 2141 1486 2212 doctoribus
1513 2155 1547 2213 et
1572 2141 1885 2233 gubernatoribus:
1919 2162 2006 2207 nam
2027 2131 2068 2206 bi
2088 2138 2145 2206 de·

128 2258 221 2332 hanc
257 2275 397 2324 vocem:
440 2238 679 2336 Confitemini
697 2237 897 2322 Domino,
936 2239 1113 2341 quoniam
1163 2242 1251 2312 beot
1272 2237 1380 2313 buius
1401 2238 1501 2313 chori
1520 2246 1626 2314 duces
1642 2267 1734 2323 esse,
1759 2243 1884 2311 docere
1902 2240 1997 2310 alios
2013 2241 2057 2309 de
2070 2258 2143 2308 vera

129 2361 268 2449 bonus,
298 2349 476 2453 quonium
503 2344 544 2416 in
569 2339 729 2415 seculum
752 2342 1115 2417 misericordiosius.
1164 2344 1268 2413 laude
1290 2357 1323 2414 et
1346 2344 1440 2413 veris
1463 2346 1629 2419 cultibus
1688 2342 1813 2414 Postea
1839 2341 2013 2441 praecipit
2036 2337 2143 2412 omni-

130 2466 239 2535 Videt
258 2456 415 2530 bumana
438 2448 608 2542 sapientia
625 2442 711 2517 haec
727 2445 939 2538 pulcerrima
956 2471 1115 2538 corpora,
1165 2446 1231 2515 bus
1246 2444 1307 2539 qui
1322 2445 1448 2517 timent
1461 2446 1681 2532 Dominum,
1705 2442 1772 2516 boc
1788 2459 1859 2532 est,
1883 2445 1949 2515 toti
1965 2441 2144 2523 Ecclesiae,

130 2567 267 2638 coelum
292 2573 325 2630 et
346 2571 498 2634 terram,
524 2551 620 2621 videt
639 2548 827 2619 mirificum
852 2549 1014 2617 ordinem
1038 2572 1116 2617 mo·
1165 2546 1332 2617 collectae
1355 2572 1397 2617 ex
1419 2544 1547 2634 lsrael,
1575 2562 1676 2620 etex
1702 2546 1878 2637 gentibus.
1940 2540 1980 2617 0
2001 2546 2144 2623 beatum,

130 2684 253 2749 tuum,
278 2675 477 2750 temporum
491 2654 601 2732 vices,
627 2651 724 2722 videt
738 2649 842 2720 etiam
855 2649 1033 2740 opificium
1047 2644 1116 2719 hu·
1166 2649 1228 2743 qui
1253 2673 1333 2718 cum
1356 2645 1425 2719 hoc
1442 2646 1555 2721 cboro
1572 2663 1684 2743 potest
1700 2647 1816 2719 Deum
1833 2647 1885 2718 sic
1900 2647 2090 2729 invocare,
2109 2655 2144 2712 ut

130 2768 229 2842 mani
252 2761 409 2855 corporis
431 2779 568 2826 summa
592 2766 665 2823 arte
687 2750 833 2826 conditi.
885 2748 982 2823 Haec
1001 2752 1117 2822 admi·
1166 2764 1332 2840 agnoscat
1359 2753 1614 2837 essebonum,
1644 2776 1786 2830 curarre,
1812 2748 2005 2834 exaudire,
2036 2746 2143 2818 iurare

131 2895 215 2945 rans
237 2866 374 2958 cogitur
394 2858 516 2941 lateri,
542 2879 615 2925 esse
638 2854 795 2948 aliquam
816 2866 992 2923 aeternam
1016 2877 1117 2921 men·
1166 2877 1252 2938 nos,
1278 2866 1312 2924 et
1334 2876 1414 2926 vere
1429 2855 1536 2924 nobis
1551 2868 1728 2925 aeternam
1745 2851 1855 2923 vitam
1870 2864 1907 2922 et
1922 2850 2076 2941 gloriam
2089 2847 2141 2916 da·

130 2987 221 3059 tem,
246 2995 266 3041 a
289 2989 359 3063 qua
381 2958 471 3034 baec
489 2972 566 3029 orta
588 2969 670 3027 sunt
694 2969 728 3025 et
749 2970 938 3046 reguntur,
965 2969 999 3027 et
1020 2955 1118 3026 dolet
1167 2968 1288 3026 turum
1311 2976 1396 3025 esse.
1455 2953 1525 3026 llic
1547 2970 1598 3027 est
1621 2979 1744 3040 verus,
1779 2968 1813 3024 et
1838 2953 1951 3023 solius
1976 2948 2141 3023 Ecclesiae

132 3104 168 3150 se
196 3097 270 3145 non
299 3089 401 3162 posse
427 3073 611 3155 penetrare
640 3058 685 3127 ad
715 3071 887 3132 autorem.
938 3055 1007 3128 Sed
1035 3081 1116 3129 cum
1166 3056 1294 3132 cultus.
1354 3057 1440 3129 Ideo
1462 3056 1625 3129 Psalmus
1649 3053 1746 3127 hunc
1769 3055 1907 3127 cultum
1930 3052 2139 3147 proponitet

131 3178 253 3253 oculos
283 3170 390 3242 relect
417 3167 462 3234 ad
488 3160 733 3233 confusionem
759 3159 798 3227 in
822 3159 892 3229 vita
917 3153 1118 3242 bominum,
1166 3160 1279 3230 docet.

130 3281 195 3354 ubi
215 3274 327 3348 ceruit
340 3265 605 3339 multitudinem
621 3260 795 3333 infinitam
810 3260 996 3345 vitiorum,
1021 3261 1117 3331 videt
1811 3322 1817 3329 ¹

132 3385 259 3454 florere
275 3391 446 3470 tyrannos
460 3379 494 3437 et
508 3363 713 3455 flagitiosos,
738 3362 893 3453 opprimi
909 3387 993 3433 vero
1008 3363 1117 3433 iustos
1217 3359 1281 3434 De
1301 3359 1543 3435 tribulatione
1558 3361 1727 3436 invocavi
1738 3359 1972 3445 Dominum,
1999 3350 2136 3433 eamd

133 3498 168 3556 et
182 3480 407 3559 innocentes,
433 3490 555 3540 rursus
570 3465 701 3535 amittit
716 3463 962 3554 cogitationem
978 3461 1117 3550 deDeo,
1268 3464 1319 3536 vit
1333 3489 1389 3536 me
1406 3467 1446 3537 in
1466 3463 1667 3537 latitudine
1681 3462 1880 3540 Dominus.

133 3601 167 3658 et
197 3580 336 3655 dubitat
362 3599 408 3645 an
431 3567 593 3642 homines
614 3562 690 3637 Deo
713 3590 817 3636 curae
839 3565 931 3654 sint,
964 3565 1116 3636 maxime

133 3711 219 3759 vero
238 3681 274 3750 in
293 3675 444 3772 propriis
460 3669 642 3743 aersrmnis
657 3668 789 3738 iudicat
803 3688 839 3737 se
851 3668 981 3759 negligi
995 3693 1015 3738 a
1030 3667 1116 3741 Deo.

235 3783 332 3854 llaec
360 3773 616 3848 consideranda
648 3782 752 3855 scant,
785 3785 825 3842 ut
854 3770 1005 3840 sciamus
1024 3765 1118 3840 hanc

133 3913 275 3972 vocem,
299 3871 538 3975 Confitemini
549 3870 735 3957 Domino,
760 3895 835 3941 non
853 3895 927 3942 esse
944 3895 1116 3966 quorum·

132 3996 232 4066 libet.
283 3983 355 4057 Nec
376 3978 529 4075 populus
550 3975 637 4064 legis
657 3998 735 4043 eam
752 3986 864 4043 sonat.
918 3971 1015 4043 Mala
1032 3995 1117 4042 con-

132 4092 277 4170 scientia
299 4085 438 4177 fugiens
454 4076 587 4160 Deum,
610 4099 684 4145 non
702 4076 900 4167 praedicat,
925 4075 985 4143 sed
1001 4074 1118 4145 tremit
1216 4064 1367 4143 Melius
1390 4083 1442 4144 est
1465 4068 1641 4168 confidere
1665 4072 1705 4145 in
1722 4069 1913 4156 Domino,
1945 4098 2062 4174 quom
2078 4088 2140 4167 spe·

133 4199 301 4271 adversus
324 4213 425 4267 eum,
451 4205 524 4254 non
540 4178 590 4249 ait
604 4178 739 4247 bonum
756 4199 848 4257 esse,
873 4200 947 4245 non
962 4189 1118 4268 expectat
1270 4199 1354 4246 rare
1371 4177 1411 4245 in
1427 4169 1586 4248 homine.

133 4302 231 4373 illam
256 4308 434 4364 aeternam
456 4279 752 4363 misericordiam,
779 4280 839 4348 sed
865 4278 982 4369 potius
998 4278 1118 4349 mallet

134 4399 228 4475 nibil
254 4419 345 4479 esse,
377 4390 466 4460 sicut
483 4383 588 4469 Saul,
614 4377 720 4451 ludas
741 4393 776 4452 et
799 4402 920 4450 omnes
943 4373 1117 4461 homines,

134 4503 196 4601 qui
228 4524 303 4570 non
332 4495 532 4565 eluctantur
555 4510 594 4556 ex
616 4483 729 4554 malae
749 4480 982 4553 conscientiae
1004 4495 1117 4552 terro-

132 4609 244 4679 ribus.
1270 4579 1455 4676 Expositio
1489 4608 1551 4655 seu
1586 4584 1744 4655 narratio
1773 4583 1938 4655 beneficii
1972 4580 2147 4676 aliquoties

234 4704 393 4776 Tantum
415 4695 524 4785 igitur
546 4687 600 4758 illi
622 4700 756 4758 canunt
778 4681 870 4755 banc
892 4708 1030 4769 vocem,
1056 4684 1119 4779 qui
1169 4686 1326 4776 repetita.
1357 4683 1404 4756 Et
1419 4688 1523 4757 verba
1538 4687 1643 4779 plana
1658 4712 1696 4756 ac
1713 4685 1900 4779 perspicua
1915 4697 2015 4757 sunt.
2046 4681 2147 4753 Mem·

31 4816 35 4843 '
135 4813 205 4881 iam
221 4815 382 4878 statuunt
396 4822 432 4869 se
446 4792 577 4866 babere
587 4790 705 4861 Deum
716 4787 890 4879 placatum
903 4811 965 4878 per
975 4785 1120 4874 Filium,
1168 4788 1233 4858 bra
1249 4802 1332 4859 sunt
1347 4789 1522 4883 quinque,
1547 4788 1704 4859 narratio
1719 4786 1888 4880 periculi,
1914 4781 2147 4866 invocationis,

135 4913 197 5007 qui
211 4906 270 4980 bic
285 4901 497 4975 describitur
512 4893 598 4963 novi
614 4889 763 4961 aedificii
779 4902 893 4961 autor.
944 4885 993 4959 Hi
1009 4912 1119 4978 agno·
1169 4889 1409 4975 liberationis,
1434 4890 1661 4961 confirmatae
1678 4888 1762 4959 fidei
1779 4903 1813 4959 et
1828 4888 2031 4963 doctrinae.

135 5023 237 5086 scunt
252 5021 429 5080 aeternam
447 4999 614 5078 salutem,
640 4992 748 5061 vitam
764 5005 798 5061 et
812 4990 978 5080 gloriam,
1003 5005 1036 5061 et
1053 5015 1121 5060 no-
1271 4990 1474 5063 Periculum
1510 4991 1615 5061 initio
1647 5015 1722 5061 uno
1756 4990 1866 5060 verbo
1899 4991 2046 5075 recitat,
2082 5005 2145 5056 cum

1216 3595 1408 3672 Dominus
1437 3626 1592 3690 mecum,
1623 3626 1699 3673 non
1728 3598 1879 3683 timebo,
1916 3594 2014 3700 quid
2032 3591 2137 3698 sociat

1268 3696 1366 3774 milri
1379 3697 1515 3776 homo?

1217 3832 1408 3909 Dominus
1433 3862 1567 3910 mecum
1593 3848 1625 3910 et
1648 3834 1864 3909 auxiliator
1884 3858 2009 3924 meus,
2041 3844 2072 3906 et
2091 3852 2140 3927 ego

1269 3934 1468 4038 despiciam
1484 3940 1654 4012 inimicos
1671 3964 1779 4017 meos.

1216 4306 1364 4382 Melius
1387 4320 1439 4382 est
1460 4306 1636 4406 confidere
1658 4310 1698 4383 in
1719 4309 1910 4395 Domino,
1944 4336 2062 4411 quom
2079 4328 2144 4405 spe·

1270 4437 1355 4484 rore
1371 4412 1411 4484 in
1425 4412 1669 4512 principibus.

135 5128 220 5189 runt
243 5120 386 5207 propter
407 5103 506 5172 illam
528 5109 706 5168 aeternam
728 5093 877 5183 gloriam
894 5092 1040 5162 liberari
1054 5117 1120 5163 nos
1169 5094 1387 5167 mentionem
1411 5094 1496 5164 lacit
1519 5092 1773 5164 tribulationis.
1834 5088 1906 5162 Sed
1930 5085 2026 5161 hanc
2048 5102 2145 5181 postu

135 5246 154 5291 a
178 5225 319 5310 peccato
338 5221 372 5278 et
387 5231 405 5276 a
422 5215 553 5283 morte,
577 5198 650 5266 imo
666 5195 770 5266 etiam
787 5194 865 5264 dari
881 5193 984 5264 nobis
1000 5195 1120 5276 vitam,
1170 5209 1369 5287 exaggerat,
1402 5220 1482 5267 cum
1506 5209 1627 5266 narrat
1649 5194 1811 5265 omniurn
1835 5192 2002 5283 gentium
2027 5192 2100 5262 odia
2118 5196 2145 5253 ct

136 5319 319 5397 victorias,
343 5330 482 5402 pacem,
508 5300 577 5388 tegi
599 5321 665 5367 nos
684 5297 721 5366 in
740 5295 906 5387 periculis
919 5320 1120 5387 corporum,
1171 5297 1324 5390 impetus
1337 5320 1374 5367 se
1389 5298 1614 5383 sustinuisse,
1640 5321 1677 5367 se
1693 5294 1888 5389 impulsum
1905 5309 1940 5365 et
1957 5295 2145 5384 castigatum

134 5419 277 5493 defendi
305 5426 444 5485 nostras
472 5400 644 5486 familias,
670 5397 864 5488 gubernari
889 5398 1010 5470 omnia
1032 5422 1119 5472 con·
1171 5422 1262 5488 esse,
1288 5414 1324 5475 et
1345 5398 1586 5472 conflictatum
1607 5423 1687 5470 cum
1710 5411 1848 5483 morte,
1870 5411 1913 5468 nt
1930 5411 2054 5491 postea
2069 5391 2144 5463 dice·
