4538 5754
93 235 195 331 scos

90 428 251 518 quaerite
266 451 415 517 regnum
429 424 516 506 Dei,
542 439 577 496 ct
593 440 727 497 caetera
742 428 956 498 adiicientur
967 425 1082 515 robis.

90 524 135 598 Et
159 532 204 598 de
228 531 511 618 persecutoribus
532 527 648 597 Psalm
680 529 782 636 lilia
827 529 948 598 Induit
971 530 1081 597 male-

90 630 285 702 dictionem
301 633 392 703 sicut
408 632 670 703 vestimentum.

195 765 375 860 Septimus
408 789 530 836 versus
559 779 594 836 et
619 788 768 860 sequens
791 763 951 836 continet
975 766 1079 835 verba

91 869 322 962 precationis:
350 863 411 938 Sit
422 890 505 965 pax
522 866 624 937 intro
646 890 770 937 moros
792 874 887 940 tuos.
940 865 1080 936 Diserte

91 982 210 1041 autem
237 971 393 1041 additur:
428 962 581 1066 Propter
595 969 762 1068 fratres,
790 976 822 1038 et
842 974 990 1064 propter
1011 962 1077 1036 do-

91 1097 192 1140 mum
208 1067 371 1141 Domini
384 1067 463 1142 Dei
483 1071 614 1144 nostri.
667 1070 762 1161 Quia
786 1070 965 1163 praecipui
990 1070 1077 1138 fines

92 1176 252 1244 omnium
267 1175 446 1243 actionum
468 1197 542 1244 csse
563 1175 692 1244 debent
708 1168 765 1258 bi,
789 1173 977 1242 celebratio
993 1172 1077 1255 Dei,

92 1290 123 1345 et
139 1272 319 1345 Ecclesiae
333 1276 571 1355 conservatio,
597 1276 693 1345 iuxta
709 1269 795 1344 baec
809 1274 918 1344 dicta:
944 1272 1075 1343 Luceat

92 1376 151 1447 lux
176 1389 312 1460 vestra,
345 1392 384 1448 ιιι
408 1377 624 1465 glorificetur
647 1388 747 1468 pater
768 1388 884 1444 vester
905 1375 1073 1445 coelestis.

684 253 751 332 1x.
801 249 1167 331 COMMENTARII
1201 253 1252 327 IN
1285 251 1529 332 PSALMOS.
1626 315 1629 322 ,

1182 431 1344 495 Posteritas
1358 438 1389 495 in
1405 443 1468 515 qus
1481 430 1609 496 Doridis
1624 455 1713 516 regna
1728 442 1852 520 tenebit,

1232 534 1292 595 Hie
1309 557 1425 616 semper
1438 537 1520 598 sedes
1535 558 1597 597 noa
1614 543 1744 618 peritura
1762 555 1873 604 manet.

1180 632 1308 718 Diligite
1323 638 1400 698 bano
1415 636 1583 719 Solymo,
1611 653 1642 700 et
1653 653 1736 722 grato
1751 644 1977 706 reddite'oorde'
2033 710 2035 715 ,
2078 661 2090 679 “

1231 727 1340 800 Debita
1354 741 1426 801 hnic
1440 761 1563 820 omnes,
1584 763 1726 821 munera,
1751 759 1838 824 rota,
1864 768 1979 828 preces.

1180 837 1246 920 Qui
1259 843 1342 919 ibyet
1360 844 1467 904 officiis
1480 831 1559 904 hano
1574 848 1661 905 iustis
1675 860 1763 930 atque
1777 861 1890 927 tuetur,

1232 941 1364 1024 Protegit
1377 946 1459 1005 huno
1471 967 1587 1026 semper
1604 947 1725 1007 dextera
1740 970 1847 1030 magna
1863 948 1937 1014 Dei.

1178 1044 1226 1108 Sit
1243 1051 1299 1107 tibi
1314 1069 1376 1127 pax
1392 1061 1421 1108 et
1436 1069 1505 1107 vera
1520 1053 1600 1109 salus
1619 1045 1752 1110 Ecclesia
1767 1051 1899 1135 semper,

1227 1145 1316 1227 Quae
1332 1150 1421 1211 discis
1435 1150 1534 1210 studio
1551 1150 1690 1232 dogmate
1704 1166 1804 1213 sancta
1819 1160 1882 1234 pio.

1148 1238 1149 1243 ἵ
1175 1250 1284 1313 Fausta
1299 1273 1382 1312 tneor
1397 1267 1520 1334 propter
1532 1253 1656 1331 i'retres,
1683 1235 1865 1338 propterque
1879 1261 2067 1342 propinquos

1227 1351 1313 1436 Opto
1329 1358 1404 1431 tibi,
1432 1367 1462 1416 et
1476 1359 1583 1436 templi
1596 1376 1636 1418 ne
1649 1348 1766 1418 labefiat
1780 1379 1868 1438 opus.

92 1474 180 1548 Item
208 1480 241 1551 1.
267 1475 350 1548 Cor.
378 1481 455 1550 to:
482 1472 619 1550 Omnia
637 1480 680 1547 ad
705 1477 854 1567 gloriam
875 1473 940 1544 Dei
960 1477 1074 1562 facite,
1175 1517 1177 1521 <

93 1593 124 1650 et
145 1602 221 1649 non
244 1579 320 1649 sitis
345 1581 512 1649 scandalo
535 1576 724 1654 Ecclesiae.
743 1613 745 1619 .
776 1576 882 1648 Item:
912 1575 1073 1648 Primum

93 1680 250 1775 quaerite
265 1702 412 1771 regnum
430 1678 508 1752 Dei.

194 1813 306 1906 Saepe
335 1829 454 1887 autem
484 1828 596 1886 totum
619 1809 716 1886 bunc
739 1813 921 1885 Psalmum
949 1815 1073 1887 recite-

93 1938 189 2001 mus,
214 1930 256 1986 ut
276 1913 331 1985 bis
353 1918 471 1987 verbis
487 1930 523 1988 et
543 1918 673 2006 gratias
695 1939 839 2006 agamus
862 1919 907 1986 de
933 1940 1074 1986 conser-

94 2020 232 2088 ratione
242 2014 430 2103 Ecclesiae,
456 2033 489 2089 et
507 2033 665 2109 petamus
679 2031 720 2089 ut
735 2030 973 2093 conservetur.
995 2017 1075 2088 Mc·

94 2119 299 2189 minerimns
330 2120 434 2189 etiam
464 2120 502 2188 in
528 2115 595 2190 boc
618 2121 696 2211 ipso
720 2118 861 2188 Psalmo
891 2119 1092 2190 vobiscum

94 2221 226 2313 precari
250 2217 384 2290 Filium
406 2219 493 2306 Dei,
525 2222 587 2314 qui
612 2221 744 2315 inquit:
779 2219 928 2314 Propter
949 2221 1075 2292 iratres

94 2346 188 2392 meos
203 2335 240 2393 et
252 2337 398 2414 propter
414 2322 593 2415 proximos
615 2346 711 2392 meos
732 2322 860 2415 loquar
883 2323 978 2393 bona
997 2323 1074 2394 tibi.

95 2419 136 2495 Et
151 2424 358 2508 intucamur
378 2424 488 2517 ipsius
505 2425 611 2493 verba
638 2423 732 2494 dicta
756 2424 793 2491 in
816 2445 945 2513 agone:
970 2422 1076 2495 Pater

95 2547 190 2595 terve
205 2548 266 2594 eos
283 2525 319 2592 in
339 2526 484 2596 nomine
504 2539 585 2610 tuo,
611 2525 648 2595 id
664 2538 731 2610 est,
758 2525 795 2593 in
814 2526 994 2614 agnitione
1010 2526 1075 2609 tui,

95 2627 128 2696 in
148 2649 230 2696 vera
248 2628 409 2696 doctrina
427 2642 461 2698 et
477 2626 720 2710 invocatione,
747 2639 787 2695 ut
809 2627 883 2696 sint
904 2650 1017 2696 unum
1037 2628 1074 2696 in

95 2728 209 2801 nobis.
266 2721 323 2796 Ad
354 2724 461 2797 buius
489 2727 619 2797 summi
646 2726 839 2797 sacerdotis
864 2752 985 2798 vocem
1012 2730 1075 2800 ad·

96 2829 280 2918 iungamus
303 2841 337 2898 et
361 2842 500 2900 nostros
529 2829 681 2917 gemitus
711 2841 745 2897 et
774 2829 1010 2919 precationes,
1043 2843 1077 2900 et

96 2929 241 3023 tciamm
268 2952 492 3023 nequaquam
514 2929 635 3013 irritos
656 2951 728 2997 esse
755 2942 959 3019 propterca,
992 2931 1074 3026 qnia

96 3054 154 3121 per
170 3026 268 3101 bunc
291 3045 474 3100 sutnmum'
492 3031 706 3100 sacerdotem
731 3032 775 3100 ad
799 3043 981 3103 aeternum
1008 3057 1075 3126 pa-

96 3145 183 3203 trem
198 3132 436 3224 perferuntur.

349 3369 614 3441 Psalmus
657 3364 817 3442 CXXII.
901 3342 909 3353 κ

399 3517 566 3570 cermloe
592 3519 767 3571 redditus.

141 3647 269 3714 Summe
282 3644 367 3709 Deus
377 3649 466 3709 nobis
480 3647 626 3729 patefacte
642 3649 674 3731 in
689 3667 764 3726 rupe
778 3641 874 3725 Sinai,

194 3749 303 3814 Nostra
316 3752 372 3810 tibi
388 3763 484 3830 grates
500 3763 620 3831 pectora
633 3761 663 3810 et
677 3768 728 3809 ora
743 3762 861 3811 sonant.

141 3853 240 3937 Quod
255 3856 349 3914 seems
366 3849 501 3934 Solymis
517 3865 551 3913 ιιι
565 3855 672 3932 templi
687 3854 811 3911 immota
827 3856 865 3912 sit
881 3856 965 3913 omni

193 3953 347 4035 Tempore
362 3955 471 4014 dehinc
489 3955 589 4031 sedes,
616 3953 700 4037 quod
718 3966 769 4015 tus
786 3953 865 4015 dicta
883 3969 979 4015 sonet.

142 4055 238 4123 (iuris
252 4067 309 4118 stet
326 4059 414 4117 nobis
433 4059 566 4137 sapiente
580 4067 682 4115 ornata
701 4065 817 4133 senatu,

196 4157 333 4222 Consilio
349 4162 475 4239 patriam
490 4171 689 4241 vocatusque
703 4177 816 4236 regens.

141 4259 269 4323 Pectora
284 4274 461 4322 cunctorum
476 4261 572 4321 dulcis
588 4259 748 4320 concordis
761 4261 873 4338 iungit,

198 4361 238 4425 Et
254 4363 354 4424 stadio
371 4363 527 4424 aedificant
541 4351 663 4423 moenie
677 4374 778 4421 nostra
793 4365 869 4441 pari.

140 4461 312 4548 lsariasque
326 4467 421 4526 tribus
436 4476 555 4526 cunctas
569 4465 630 4524 huo
645 4468 688 4523 ire
699 4484 817 4534 necesse
834 4474 888 4539 est,

194 4565 335 4629 cedenda
348 4581 391 4629 est
404 4570 465 4628 alio
480 4570 602 4628 victima
616 4569 703 4627 nullo
717 4568 799 4626 loeo.

143 4668 206 4730 Hie
223 4689 285 4730 rox
299 4669 451 4730 doctrinae
464 4680 618 4750 spargatur
633 4680 667 4728 ut
682 4672 770 4727 unica
791 4685 894 4747 puras,

197 4767 302 4848 Quem
317 4774 404 4833 nobis
419 4776 505 4833 coelo
520 4770 642 4832 tiadidit
657 4774 722 4850 ipse
739 4765 833 4832 Deus.

142 4869 246 4957 Ipsius
262 4885 299 4933 ut
315 4875 432 4934 bonitas
448 4878 480 4933 in
494 4885 559 4934 toto
574 4877 671 4933 luceat
688 4873 770 4947 orbe,

196 4973 335 5059 Notaque
348 4980 408 5037 sint
423 4979 504 5056 gnati
518 4973 649 5038 Numine
665 4993 772 5053 magna
784 4976 843 5033 ssi.

140 5075 290 5140 Restituit
306 5082 394 5139 nobis
407 5083 501 5138 vitam
514 5081 568 5160 qui
584 5079 650 5137 labe
659 5088 790 5152 remota,

197 5174 329 5242 lustilioa
345 5185 442 5242 salros
459 5181 572 5240 etfacit
589 5201 651 5239 esse
664 5180 732 5239 fide.

139 5283 204 5346 Hic
218 5283 289 5344 fons
305 5283 458 5344 doctrines
474 5286 512 5343 sit
528 5281 690 5362 Ilmpidus,
714 5278 785 5340 inde
802 5279 934 5356 fluentis,
1028 5339 1033 5347 ,

195 5380 266 5446 Νοιι
280 5387 350 5448 licto
366 5381 451 5447 Deus
473 5399 504 5446 ut
519 5388 614 5467 possit
628 5384 744 5443 honore
767 5385 838 5445 coli.
914 5436 922 5444 ,

1037 4992 1040 4998 .
1080 5038 1082 5041 Ι
1175 4935 1307 5015 Isra'e'l.

1258 1569 1593 1663 Arpumcntum
1628 1590 1683 1638 oo
1719 1566 1981 1662 dispositio

1414 1702 1572 1785 Psalmi
1620 1699 1821 1790 CXXIII.

1420 1933 1424 1938 Α
1482 1849 1747 1910 Graduumdv.

1174 1967 1312 2142 Mtte
1345 1972 1450 2041 laeuo
1484 1972 1609 2040 oculos
1649 1989 1753 2040 meos
1787 1975 1851 2063 qui
1883 1968 2036 2046 babitus
2068 1981 2109 2048 iu
2141 1982 2145 1988 '

1173 2093 1238 2142 coe
1255 2095 1299 2142 rr.

1226 2203 1386 2297 Precatio
1409 2218 1460 2274 est
1483 2200 1662 2274 Ecclesiae
1689 2204 1838 2297 petentis
1868 2207 2109 2280 defensionem

1125 2319 1159 2376 et
1183 2306 1448 2386 liberationem,
1480 2330 1555 2375 non
1578 2307 1694 2376 solum
1724 2308 1892 2378 adversus
1915 2311 2109 2397 saevitiem,

1125 2431 1213 2501 quac
1244 2409 1282 2475 in
1307 2430 1456 2499 corpora
1484 2420 1682 2492 exercetur,
1717 2410 1777 2478 sed
1808 2409 1913 2479 etiam
1941 2414 2109 2483 adversas

1125 2509 1380 2599 speciosissima
1396 2508 1527 2577 iudicia
1543 2502 1689 2595 mundi,
1713 2509 1844 2603 quibus
1859 2528 2109 2603 praegravatur

1125 2610 1300 2695 Ecclesia,
1333 2611 1389 2679 vel
1413 2612 1508 2702 quod
1532 2611 1638 2682 stulte
1660 2625 1799 2681 moveat
1821 2615 2013 2685 certamina
2035 2639 2109 2686 non

1125 2712 1337 2808 necessaria,
1364 2711 1543 2782 autetiam
1566 2711 1782 2801 perniciosa,
1808 2713 1864 2782 vel
1886 2719 1983 2807 quod
2004 2717 2109 2787 salsas

1126 2813 1312 2902 opiniones
1328 2812 1515 2897 defendat,
1542 2827 1575 2882 et
1590 2813 1803 2883 contumelia
1819 2812 1933 2885 Deum
1959 2819 2109 2893 adficiat.

1126 2913 1194 2986 His
1210 2913 1352 2984 iudiciis
1366 2913 1586 3004 sapientum,
1613 2928 1782 2983 eteorum
1800 2915 1862 3007 qui
1878 2910 2010 2989 babent
2029 2943 2110 3011 spe-

1127 3017 1216 3085 ciem
1242 3015 1453 3098 sanctitatis,
1487 3014 1715 3085 condemnari
1745 3016 1858 3085 multo
1887 3018 2022 3088 tristius
2047 3037 2110 3106 est,

1127 3142 1234 3211 quarn
1252 3118 1326 3188 ulla
1346 3116 1517 3207 supplicia
1541 3138 1730 3204 corporum
1754 3117 1839 3208 pati.
1889 3115 1944 3192 De
1959 3115 2026 3189 boc
2043 3125 2109 3192 do.

1127 3221 1203 3289 lore
1220 3218 1399 3313 queritur,
1425 3241 1491 3287 nos
1507 3218 1659 3309 repletos
1674 3239 1747 3286 esse
1766 3219 2010 3310 despectione,
2036 3246 2108 3293 esse

1127 3323 1165 3391 in
1187 3321 1271 3390 odio
1293 3319 1493 3410 sapientum
1518 3331 1663 3410 propter
1693 3318 1884 3390 stulticiam
1905 3334 1941 3392 st
1963 3347 2109 3411 errores,

1100 3511 1102 3517 Α
1128 3437 1167 3494 ιιι
1182 3422 1248 3512 ipsi
1265 3421 1438 3491 indicant:
1467 3421 1590 3491 miscet
1607 3434 1724 3490 autern
1739 3421 2008 3491 similitudinem
2028 3414 2109 3515 p're.

1127 3524 1279 3609 cationi,
1311 3536 1351 3592 ut
1372 3522 1409 3590 in
1433 3523 1525 3591 lame
1546 3521 1640 3592 servi
1663 3534 1697 3591 et
1716 3522 1867 3592 ancillae
1888 3541 2108 3616 expectante

1127 3649 1235 3693 manu
1261 3625 1397 3693 domini
1423 3637 1457 3692 ct
1476 3624 1643 3692 dominae
1661 3624 1797 3708 cilium,
1822 3624 1869 3695 ita
1892 3649 1958 3695 nos
1980 3628 2109 3699 tristis-

1125 3728 1216 3800 simo
1230 3741 1388 3815 tempore
1404 3738 1561 3814 petamus
1574 3737 1608 3792 et
1625 3739 1845 3813 expectemus
1867 3726 2108 3800 defensionem

1126 3855 1144 3898 a
1164 3825 1267 3897 ὓοο.Ι
1290 3825 1353 3895 Est
1367 3838 1483 3894 autem
1503 3825 1689 3895 mediocris
1705 3825 1841 3894 domini
1856 3840 1902 3910 ,et
1917 3831 2108 3903 mediocris

1125 3929 1293 3999 dominae
1316 3951 1355 3995 ea
1380 3927 1541 4012 bonitas,
1562 3939 1602 3996 ut
1624 3926 1742 3996 nolint
1763 3949 1846 3997 suos
1867 3930 1960 3999 farne
1981 3935 2108 4021 perire,

1126 4032 1173 4102 ita
1189 4030 1286 4099 Deus
1302 4029 1377 4099 sine
1392 4030 1464 4098 ulla
1481 4027 1703 4098 dubitatione
1718 4032 1881 4100 ostendet
1905 4034 2107 4104 testimonia

1125 4148 1247 4204 contra
1263 4127 1348 4201 baec
1362 4131 1484 4224 iniqua
1499 4130 1650 4216 iudicia,
1675 4154 1721 4201 ne
1740 4131 1869 4200 veritas
1889 4133 2030 4223 penitus
2044 4131 2108 4205 de·
2199 4171 2204 4180 =

1126 4235 1249 4306 leatur.

1272 4441 1608 4534 Arpumerrtum
1635 4458 1688 4506 oc
1713 4435 1970 4527 dispositio

1424 4569 1581 4653 Psalmi
1610 4565 1814 4652 CXXIV.

1492 4710 1683 4773 ernanum
1705 4711 1742 4770 ιι.

1175 4833 1263 4902 Nisi
1290 4833 1472 4936 Dominus
1494 4824 1631 4922 fuisset
1646 4826 1857 4916 nobiscum,
1885 4825 1992 4903 dicet
2008 4856 2110 4906 nuno
2144 4839 2148 4856 '

1228 5064 1435 5137 Gratiarum
1458 5066 1549 5135 actio
1569 5014 1643 5150 ist,
1669 5088 1759 5158 quae
1781 5065 1951 5136 recitatur
1972 5080 2011 5137 ιιι
2033 5070 2110 5138 fieri

1126 5169 1217 5240 solet
1239 5170 1390 5258 exempli
1419 5189 1543 5251 carisa,
1575 5180 1615 5237 ut
1637 5166 1879 5240 testimonium
1906 5170 2112 5259 promissio-

1128 5273 1196 5354 nis,
1223 5294 1290 5363 qua
1312 5271 1405 5343 Deus
1424 5268 1598 5361 promittit
1612 5291 1647 5338 se
1661 5282 1882 5339 serratorum
1899 5292 1971 5337 esse
1987 5266 2113 5342 Eccle-

1098 5452 1102 5459 ‚
1129 5373 1237 5459 siam,
1257 5386 1291 5444 et
1306 5373 1557 5444 confirmamur
1573 5371 1741 5463 exemplis
1763 5369 1914 5441 aliarum
1929 5371 2113 5442 liberatio·

1502 5470 1580 5542 ts*
