4538 5754
120 318 215 384 dicos
234 317 319 383 enim
339 329 404 382 non
424 310 535 399 procul
557 333 577 381 a
597 314 733 380 materia
752 308 906 397 discedit,
928 322 963 378 et
983 312 1124 382 omnium
1145 329 1264 382 causas
1285 318 1318 383 in
1339 319 1477 386 materia
1496 315 1684 389 monstrare
1700 330 1843 392 conatur.
1891 329 1966 396 Nee
1986 328 2133 412 prolecto

121 405 296 469 absurdum
318 415 388 485 est,
417 402 539 465 formas
566 403 799 466 substantiales
820 401 1021 484 intelligere,
1052 413 1109 465 aut
1130 403 1220 484 ipsas
1241 423 1371 487 erasas,
1400 417 1473 489 aut,
1500 419 1537 472 ut
1558 412 1688 489 putavit
1715 411 1945 498 Andronicus,
1975 412 2134 495 δυνάμεις

120 501 210 552 ειιεε
231 509 251 553 a
272 490 429 552 crasibus.
474 487 557 550 Cum
577 489 676 570 igitur
688 484 885 550 Aristoteles
898 484 1023 567 delinit,
1043 489 1181 550 animam
1196 487 1273 550 esse
1295 486 1512 571 ἐντελέχειαν,
1532 512 1596 555 non
1616 496 1769 578 intelligit
1790 500 1926 562 animam
1948 519 2024 562 esse
2036 500 2134 563 aliud

121 573 280 656 quoddam
302 573 544 654 corpusculum,
566 582 603 634 ut
625 573 773 653 spiritum
794 573 946 651 vitalem,
968 581 1025 633 aut
1045 572 1139 634 aliam
1160 572 1319 653 quandam
1341 579 1528 661 materiam,
1550 576 1610 640 sed
1630 581 1784 663 inteiligit
1805 600 1881 645 esse
1904 584 2049 663 sormam,
2070 586 2133 647 hoc

65 733 69 741 Ι
121 669 193 741 εει,
227 678 286 722 seu
309 667 597 739 temperamentum
617 657 740 739 ipsum,
775 651 1016 734 senoctvapo,
1050 667 1210 737 quaeest
1237 667 1494 741 temperamento
1516 665 1678 745 proxima,
1711 684 1795 745 quae
1817 677 1870 729 est
1891 669 1964 748 ipsa
1986 673 2133 731 animans

122 745 192 807 vita
213 762 273 806 seu
295 744 438 827 agitatio.
480 742 573 803 llaec
601 751 654 804 est
677 741 814 821 simplex
835 749 870 802 et
898 759 1054 823 germana
1068 743 1259 805 Aristotelis
1286 748 1464 827 sententia,
1493 757 1531 810 ut
1551 750 1736 828 exemplum
1757 753 1827 812 eius
1850 760 1998 814 testatur.
2041 753 2133 815 Con·

122 828 190 892 lert
211 830 297 891 enim
319 827 436 891 animal
460 825 500 888 ad
522 827 658 888 oculum.
707 826 769 905 Ut,
795 825 915 905 inquit,
945 826 1059 887 oculus
1080 837 1208 889 constat
1230 847 1273 888 ex
1295 846 1427 910 corpore
1450 832 1532 894 oculi
1554 843 1588 894 et
1609 835 1684 894 visu
1691 878 1701 914 ,
1729 836 1775 895 ita
1796 837 1911 898 animal
1935 855 2133 916 excerpere

125 923 161 977 ει
182 915 296 976 anima
341 914 385 975 Et
406 912 492 973 sicut
510 914 605 973 visus
627 920 680 972 est
701 911 785 971 oculi
807 905 1011 988 ἐντελέχεια,
1033 912 1081 974 sic
1102 913 1208 973 anima
1229 915 1381 995 corporis.
1423 916 1499 978 Non
1521 927 1574 978 εει
1596 928 1707 979 autem
1728 921 1823 981 visus
1845 920 1929 982 aliud
1952 938 2133 1000 corpuscu-

122 998 206 1078 lum,
228 997 287 1059 sed
309 998 396 1077 ipsa,
418 1005 455 1058 ut
476 997 521 1056 ita
543 994 657 1076 dicam,
679 995 762 1058 oculi
783 996 870 1074 vita,
891 1012 987 1075 quam
1002 994 1144 1057 Galenus
1165 1014 1229 1058 non
1242 996 1397 1060 discernit
1418 1018 1438 1060 a
1459 1009 1722 1081 temperamento.
1765 1006 1816 1066 Ae
1837 1007 2032 1083 memineris,
2052 1007 2134 1067 Ari·

125 1083 280 1145 stotelem
300 1100 364 1143 non
387 1079 428 1142 de
450 1081 598 1142 rationali
620 1082 727 1142 anima
755 1088 897 1158 tantum,
932 1077 992 1140 sed
1014 1079 1056 1140 de
1076 1081 1209 1161 reliquis
1236 1084 1334 1143 etiam
1356 1085 1388 1143 in
1410 1102 1532 1165 genere
1555 1086 1656 1167 loqui,
1691 1087 1732 1148 de
1753 1090 1859 1150 anima
1880 1092 1911 1150 in
1935 1089 2070 1169 plantis,
2099 1092 2132 1150 in

123 1167 311 1250 pecudibus.
354 1164 455 1245 ldque
477 1175 587 1228 monet
607 1167 694 1245 ipse,
718 1174 752 1226 ει
773 1162 896 1226 diserte
918 1163 1105 1246 profitetur,
1126 1164 1188 1226 has
1210 1168 1335 1228 animas
1350 1185 1483 1247 quarum
1505 1171 1650 1232 actiones
1669 1181 1795 1234 tantum
1815 1175 1881 1236 sint
1899 1176 2041 1253 corporis
2059 1194 2133 1235 nto-

124 1264 197 1332 tus,
225 1263 262 1314 ut
284 1251 509 1338 vegetativam
534 1260 568 1311 et
590 1250 798 1330 sensitivam,
825 1268 888 1311 non
911 1249 1054 1310 existere
1077 1251 1149 1311 sine
1174 1252 1370 1330 corporibus.
1422 1252 1491 1316 Sed
1519 1264 1628 1317 tamen
1650 1253 1753 1320 addit:
1781 1258 1858 1320 nihil
1880 1259 2043 1339 prohibet,
2070 1259 2134 1319 ali-

124 1354 219 1420 quam
241 1337 394 1416 animam,
415 1334 570 1396 videlicet
590 1335 794 1415 rationalem,
815 1334 959 1394 existere
982 1335 1053 1395 sine
1076 1352 1217 1414 corpore.

413 1448 555 1514 Rectene
575 1449 673 1514 vertit
698 1448 809 1514 Cicero
830 1445 1038 1530 ἐντελέχειαν
1057 1448 1282 1514 corriinuoiom
1304 1442 1505 1516 motionem?

80 1587 85 1596 ’
123 1569 197 1650 Ego
219 1586 298 1630 vero
321 1585 396 1649 eos,
417 1568 471 1647 qui
492 1566 658 1649 flagellant
680 1564 888 1646 Ciceronem,
910 1583 948 1628 ac
969 1575 1103 1647 putant,
1123 1566 1312 1628 Aristotelis
1333 1570 1528 1631 sententiam
1550 1588 1614 1632 non
1636 1571 1719 1632 satis
1739 1579 1928 1633 assecutum
1949 1586 2044 1649 esse,
2067 1569 2136 1632 salli

124 1655 215 1799 ipscps
237 1653 344 1733 potius
365 1652 486 1751 iudico,
514 1661 548 1750 ει
575 1651 685 1748 procul
713 1651 752 1712 ab
775 1650 964 1796 Ahristptpilis
982 1651 1161 1751 'sententia
1179 1649 1337 1797 dplerrare.
1369 1652 1462 1796 dldeo
1485 1655 1576 1752 enim·
1591 1656 1715 1717 malunt
1735 1657 1822 1716 verti
1843 1653 2043 1752 interiorem·
2055 1671 2135 1735 per·

126 1735 614 1901 liitttl’lltttltt:
634 1752 913 1899 itheth
932 1740 2052 1903 tintinant‚¹¹ht.isthmi?talitatis
2068 1756 2137 1883 th

126 1907 346 1989 agitationem.
388 1906 503 1986 ltaque
524 1914 559 1967 et
579 1922 695 1967 nomen
717 1899 905 1981 ἐντελέχεια
918 1902 982 1966 hue
993 1903 1270 1984 accommodatur,
1289 1922 1352 1986 quo
1374 1906 1448 1967 alibi
1469 1924 1551 1969 usus
1572 1917 1626 1969 est
1646 1909 1679 1969 in
1695 1906 1880 1969 delinitione
1901 1916 2019 1987 motus,
2040 1925 2136 1985 quem

127 1989 282 2053 describit
303 2008 380 2052 esse
401 1992 585 2053 continuam
605 1987 782 2069 quandam,
803 1998 841 2050 ut
862 1988 909 2050 ita
929 1987 1048 2067 dicam,
1069 1990 1295 2071 agitationem,
1316 2007 1379 2068 qua
1402 1991 1576 2069 acquiritur
1597 1992 1653 2053 vel
1674 1993 1779 2071 calor,
1806 1992 1861 2053 vel
1883 1992 1984 2053 locus.
2027 1990 2137 2070 Quare

126 2092 201 2139 cum
223 2075 361 2139 mimam
381 2075 580 2159 intelligeret
601 2074 803 2156 esseipsam
823 2073 941 2157 vitam,
961 2074 1102 2137 maxime
1122 2072 1277 2137 iudicavit
1296 2093 1412 2137 nomen
1436 2071 1640 2154 ἐντελεχείας
1660 2076 1726 2139 hue
1744 2075 1932 2155 quadrare.”

1370 2172 1517 2254 [Desinit
1537 2174 1590 2236 hic
1609 2174 1832 2257 autographon
1852 2173 1934 2239 Phil.
1955 2171 2052 2255 blei]

793 2350 832 2415 B.
873 2346 1036 2415 Sebeda
1064 2347 1108 2414 in
1136 2345 1232 2414 bibl.
1259 2346 1468 2436 Hannon„

126 2486 211 2550 quae
231 2476 308 2531 sunt
330 2464 393 2529 duo
415 2465 575 2530 semiiolia
594 2483 658 2528 non
679 2465 764 2528 inter
786 2485 824 2529 so
842 2466 1066 2548 cohaerentia,
1095 2465 1211 2546 quibus
1232 2467 1422 2548 inscriptum
1444 2477 1497 2530 est
1517 2469 1624 2532 allana
1643 2485 1756 2532 mann:
1786 2462 1935 2550 „stoice
1956 2464 1985 2543 [a
2007 2462 2063 2540 oui
2082 2462 2138 2529 tte

125 2553 174 2631 [en
194 2551 375 2618 wiittern
396 2550 446 2630 aa>
468 2550 610 2631 brinta,
631 2552 682 2632 hot
703 2547 863 2632 [thilippus
877 2550 1085 2631 Dtdcnhtbon
1109 2548 1164 2615 mit
1187 2548 1298 2632 egene
1312 2552 1405 2637 pont
1419 2551 1606 2634 geibtiabeu,
1628 2556 1689 2618 unt
1712 2551 1745 2629 iit
1766 2556 1821 2618 ben
1835 2553 1885 2616 23.
1903 2548 1989 2629 ilarii
2005 2570 2033 2611 a.
2052 2549 2135 2610 toas

128 2653 187 2703 ton
213 2640 278 2701 bem
299 2634 363 2721 bn.
384 2635 576 2698 Proiessore
605 2640 666 2700 ant
694 2638 743 2700 tc
770 2635 944 2716 hnitcrhtdt
971 2633 1082 2719 teleto
1111 2633 1254 2714 baitailtan
1275 2637 1524 2698 Bibliotheeario
1552 2635 1677 2700 Fellero
1699 2636 1809 2700 Mons.
1826 2634 1973 2714 Philippo
1995 2632 2136 2715 Ludaeig
2175 2670 2179 2676 «

128 2722 309 2805 lichenem,
333 2722 369 2786 Ι.
391 2721 427 2786 S.
450 2721 645 2805 'theologiae
667 2721 812 2784 studioso
833 2738 869 2805 χιι
891 2721 973 2798 Seno
994 2718 1027 2786 in
1048 2717 1159 2803 teipgig
1181 2722 1310 2801 terebret
1331 2725 1467 2800 metten,
1496 2720 1612 2801 ιιιῑιιχιι
1634 2720 1704 2800 mid)
1727 2718 1821 2786 bonit
1842 2717 1946 2786 clatet
1968 2716 2113 2800 regaliter.

1631 2825 1665 2894 b.
1689 2823 1719 2893 t.
1740 2824 1881 2904 ιιιειιιδ·

859 2937 912 3024 (ln
930 2935 1045 3024 primo
1064 2934 1183 3003 scheda
1202 2938 1389 3024 legunturr)

126 3057 203 3141 „At
223 3057 256 3120 in
278 3054 465 3120 delinitione
486 3063 596 3120 motus
623 3052 836 3140 intelligenda
862 3067 914 3118 est
944 3053 1154 3118 accidentalis
1184 3049 1384 3134 ἐνδελέχεια.
1425 3055 1624 3119 Aristoteles
1652 3057 1794 3138 exempli
1821 3072 1920 3119 cansa
1940 3052 2022 3117 haec
2043 3051 2137 3115 dicit:

126 3144 278 3207 Alteram
299 3140 457 3206 sehabet
479 3133 727 3223 sigisterico,
748 3144 887 3205 altemm
910 3130 955 3211 ὥς
972 3137 1012 3201 τὸ
1031 3139 1188 3219 θεωρεῖν,
1208 3137 1240 3200 id
1263 3152 1326 3221 est,
1348 3141 1486 3202 alterum
1507 3140 1736 3222 propemodum
1759 3159 1797 3202 se
1818 3141 1918 3203 habet
1939 3150 1975 3201 ut
1994 3139 2137 3218 habitus,

129 3228 269 3290 alterum
289 3226 384 3289 velut
404 3235 510 3288 aetus.
551 3227 615 3288 Est
635 3229 734 3309 igitur
756 3222 946 3306 ἐνδελέχεια
965 3225 1059 3286 velut
1079 3224 1253 3287 habitualis
1273 3226 1423 3306 agitatio,
1445 3243 1504 3286 sou
1526 3221 1668 3304 δύναμις
1689 3224 1845 3305 quaedam
1868 3225 1958 3285 ciens
1981 3223 2137 3285 actiones.

127 3311 221 3375 llaec
243 3311 326 3374 satis
347 3312 408 3391 sit,
429 3318 464 3372 et
485 3309 526 3373 de
546 3311 755 3374 Aristotelica
776 3309 961 3373 delinitione
984 3319 1018 3372 ει
1040 3307 1081 3370 de
1100 3308 1258 3370 vocabulo
1272 3307 1490 3372 Dndaleehias
1510 3308 1643 3373 dixisse.
1685 3311 1782 3373 Nunc
1801 3306 1950 3371 addenda
1970 3317 2024 3370 est
2045 3325 2138 3368 oom-

128 3398 235 3460 munis
257 3396 420 3459 sententia
443 3393 485 3456 de
506 3396 626 3477 anima,
647 3414 743 3477 quam
763 3396 939 3459 christiana
959 3394 1104 3456 doctrina
1121 3393 1245 3476 probat.

254 3509 340 3591 Quid
359 3512 460 3595 igitur
480 3508 521 3574 de
542 3512 648 3574 anima
668 3511 805 3575 hominis
827 3510 889 3575 dici
910 3504 1046 3592 potasti

128 3629 248 3693 Anima
267 3627 438 3693 rationalis
456 3634 510 3690 εει
532 3626 665 3710 spiritns
692 3628 896 3712 intelligens,
924 3627 979 3708 qui
1000 3633 1055 3687 εει
1075 3622 1179 3686 altera
1205 3641 1282 3706 pars
1309 3621 1512 3686 substantiae
1532 3619 1688 3703 bominis,
1716 3638 1784 3686 nec
1798 3621 2001 3706 extinguitur
2022 3639 2096 3684 enm
2118 3639 2138 3683 a

130 3732 265 3795 corpora
287 3712 456 3793 discessit,
478 3710 537 3774 sed
559 3712 747 3773 immortalis
770 3723 831 3776 ost.
873 3713 965 3774 llaec
987 3708 1130 3771 delinitio
1152 3727 1216 3771 non
1237 3709 1336 3771 babet
1357 3708 1514 3791 physicas
1534 3706 1696 3787 rationes,
1717 3706 1778 3769 sed
1799 3717 1931 3788 sumpta
1947 3716 2059 3768 estex
2079 3722 2139 3767 sa-

129 3801 195 3877 cris
215 3799 329 3864 literis.
371 3797 458 3860 Nam
477 3797 512 3859 in
533 3797 647 3879 genesi
670 3795 799 3860 diciturz
830 3797 1001 3879 inspiravit
1020 3794 1052 3855 in
1073 3793 1189 3855 faciem
1208 3795 1279 3857 eius
1299 3793 1496 3875 spiraculum
1515 3792 1615 3854 vitae.
1658 3792 1704 3855 hit
1723 3791 1756 3854 in
1775 3791 1958 3874 lllvangelio
1976 3836 1985 3851 .
2004 3835 2012 3852 .
2033 3789 2095 3871 st)

257 3910 424 3993 Quomodo
439 3921 549 3976 autem
561 3911 698 3994 quadret
714 3913 797 3976 haec
815 3912 1041 3993 interpretatio
1060 3909 1103 3973 ad
1121 3906 1291 3987 Ciceronis
1312 3907 1563 3988 disputationem
1581 3905 1623 3967 de
1641 3906 1901 3989 immortalitate,
1922 3924 1981 3969 suo
2000 3908 2070 3970 loeo
2085 3903 2139 3967 di·

131 3994 270 4063 cendum
281 4007 343 4061 est
385 3997 482 4083 Nunc
496 3998 580 4059 enim
593 3995 634 4059 da
649 3997 805 4060 vocabulo
818 4007 943 4059 tantum
955 3994 1203 4076 disputavimus
1247 3995 1299 4056 Ae
1311 3994 1494 4055 monuimus
1511 4008 1627 4073 supra,
1649 3990 1773 4055 deliniri
1792 3992 1846 4056 hic
1863 3993 2002 4056 mmam
2023 3993 2056 4054 in
2074 4009 2140 4074 ge·

130 4103 224 4166 nere,
245 4100 306 4147 noc
323 4090 448 4146 tantum
465 4081 646 4145 humanam
691 4077 981 4162 Βεεένδελέχειαι
1000 4089 1078 4143 sunt
1096 4080 1194 4141 etiam
1213 4075 1372 4159 pecudum
1391 4087 1426 4139 et
1444 4077 1611 4140 brutorum
1629 4077 1765 4138 animae.

259 4196 344 4280 Quid
365 4205 474 4260 autem
487 4182 525 4260 'si
545 4199 617 4279 quis
639 4193 855 4279 reprehendat
876 4195 931 4260 vel
952 4194 1118 4258 Ciceronis
1138 4196 1193 4257 vel
1215 4205 1360 4257 nostram
1380 4193 1681 4273 interpretationem
1702 4191 1764 4255 hoc
1784 4191 1893 4255 modo:
1921 4190 2059 4272 agitatio
2080 4209 2140 4255 seu

133 4285 232 4348 motio
253 4294 308 4350 est
328 4281 491 4349 accidem.
533 4284 733 4347 Aristoteles
753 4294 843 4347 certe
850 4283 876 4344 ''.
898 4329 906 4344 .
928 4327 938 4391 ζ
959 4325 968 4345 .
1012 4280 1157 4362 [Desinit
1178 4280 1232 4342 hio
1252 4277 1374 4342 scheda
1395 4276 1523 4360 prima]

876 4430 930 4514 (ln
951 4425 1059 4492 altaro
1080 4423 1201 4490 scheda
1221 4421 1405 4509 leguntur.)

94 4556 97 4569 '
134 4557 217 4633 „est
238 4546 433 4632 agitationes
454 4557 616 4613 certorum
637 4548 774 4630 partium
795 4547 955 4626 corporis,
975 4562 1035 4609 sen
1052 4548 1328 4623 temperamenta,
1347 4536 1552 4602 Rationalem
1564 4512 1793 4598 veromimam
1805 4533 1954 4614 spiritum
1967 4550 2055 4615 esse,
2076 4555 2141 4599 non

137 4636 200 4696 erit
220 4632 411 4714 absurdum,
432 4631 549 4697 dooere
563 4643 633 4696 tres
648 4652 724 4695 esse
737 4633 862 4695 animas
880 4632 913 4693 in
933 4630 1069 4692 homine.
1108 4627 1195 4690 Nam
1208 4637 1243 4689 et
1255 4624 1455 4688 Aristoteles
1474 4617 1664 4685 insecundo
1678 4617 1719 4680 de
1737 4621 1948 4701 generatione
1960 4620 2141 4684 animalium

135 4720 257 4799 inquit,
279 4719 403 4780 animas
423 4735 557 4798 quarum
578 4719 662 4782 actio
682 4718 858 4798 corporalis
878 4725 950 4795 est,
971 4733 1034 4776 non
1056 4711 1183 4775 aliunde
1204 4707 1378 4790 accedere,
1399 4706 1458 4770 sed
1479 4707 1569 4769 nasci
1591 4706 1623 4768 in
1644 4703 1847 4787 corporibus,
1867 4721 1930 4767 nec
1951 4705 2047 4770 simul
2069 4706 2142 4769 lieri

139 4804 319 4868 auimatum
338 4813 375 4866 et
394 4821 530 4885 equum,
550 4803 613 4866 hoo
632 4814 687 4866 est
709 4804 849 4867 animam
869 4798 1126 4885 vegetativam”.
1147 4839 1158 4864 .
1180 4838 1218 4861 ..
1266 4794 1411 4876 [Desinit
1429 4793 1483 4857 hic
1503 4791 1617 4857 charta
1637 4787 1733 4870 Mol]

207 5043 241 5106 *ι
257 5045 338 5098 tinne
354 5045 443 5098 ιεεειι
459 5042 524 5097 ital.
541 5052 596 5095 aon
613 5039 772 5106 sareapai.
