4538 5754
138 230 207 306 121
424 306 427 311 ,
809 212 813 218 ’
863 220 909 297 ll.
960 215 1112 295 LtBtttt
1136 213 1207 291 DE
1233 215 1412 291 ANIMA.
1580 247 1584 254 ·
2077 231 2152 304 122

227 392 302 465 Nos
312 389 492 469 Galerium
507 394 701 487 sequimur,
726 393 788 487 qui
802 407 872 464 tres
885 412 1007 463 seusus
1021 389 1113 459 inte·
1166 385 1261 456 enim
1282 400 1426 459 naturas
1448 382 1731 462 hallucinatrices
1753 414 1826 463 esse
1846 395 1883 463 in
1899 397 2143 467 ratiocinando
2247 467 2251 483 ,

133 497 239 567 riores
269 507 444 565 recenset:
477 494 627 565 Sensum
653 519 898 578 communem,
931 492 1113 582 cogitatio·
1165 503 1200 559 et
1222 488 1413 559 iudicando
1434 512 1509 575 eas,
1534 492 1664 583 quibus
1684 494 1800 563 media
1820 497 1953 564 cerebri
1972 498 2142 586 parslan·

133 623 211 667 uem
225 621 288 675 seu
303 595 616 686 compositionem,
641 610 676 667 et
690 595 907 669 meni-iriam.
958 591 1112 663 Nomina
1163 589 1304 678 guidior
1326 604 1396 670 est,
1419 607 1460 663 ut
1480 614 1585 682 supra
1607 594 1654 662 de
1671 589 1854 665 Thersitae
1877 596 1987 685 capite
2009 598 2142 668 dictum

133 700 223 790 apud
240 697 421 767 Galenum
435 691 521 767 baec
537 711 637 769 suut:
664 691 935 794 pensaurensis,
962 689 1113 785 διανοη-
1165 703 1233 780 est,
1258 693 1301 760 de
1315 715 1384 783 quo
1400 692 1517 785 inquit
1531 690 1723 764 Homerus:
1751 691 1864 791 φοξὸς
1876 692 1938 788 ἔην
1951 691 2124 791 κεφαλήν·

131 796 234 872 ccxciv
255 812 290 868 et
308 793 619 889 μνημονευτικὸν.
667 797 745 870 Hae
764 797 1018 891 adpellationes
1033 818 1113 886 per·
1266 790 1390 862 't'enio
1408 794 1485 862 loco
1501 810 1708 866 numeratur
1722 797 1903 876 memoria,
1929 797 2028 866 cuius
2042 820 2143 884 orga-

102 983 104 986 .
132 902 249 991 spicue
263 899 421 968 indicant
437 899 653 972 discrimina.
1163 916 1250 961 num
1272 916 1344 962 esse
1367 894 1405 962 in
1428 909 1601 985 postrema
1626 911 1724 986 parte
1741 898 1894 982 cerebri,
1919 898 2029 967 multa
2045 898 2143 987 signa

228 998 362 1071 Sensus
378 1001 575 1071 communis
590 995 822 1092 apprehendit
833 999 1001 1089 imagines
1012 995 1112 1065 obla·
1163 1005 1264 1076 sunt,
1287 993 1361 1062 sive
1382 995 1498 1085 ipsum
1520 997 1731 1068 cerebellum
1749 999 1905 1069 dicamus
1920 997 1956 1066 id
1972 1019 2143 1087 organum

132 1117 180 1171 tas
207 1124 228 1169 a
257 1099 420 1170 sensibus
448 1101 700 1188 exterioribus,
732 1114 766 1172 et
786 1100 955 1170 discernit
976 1098 1111 1168 obiecta
1163 1114 1255 1178 esse,
1279 1095 1353 1164 sive
1367 1109 1501 1187 partem
1518 1097 1683 1173 vicinam.
2215 1110 2217 1115 ’

132 1200 350 1294 singulorum
367 1223 544 1271 sensuum.
1264 1189 1326 1264 Est
1342 1209 1458 1266 autem
1475 1199 1686 1267 cerebellum
1697 1198 1836 1290 siccius,
1860 1213 1894 1269 et
1904 1198 2033 1268 multos
2044 1199 2143 1268 sinus

227 1299 371 1370 Deinde
395 1301 463 1370 alia
488 1302 558 1387 vis,
584 1323 800 1391 componens
817 1313 849 1370 et
867 1299 1050 1380 dividens,
1078 1310 1111 1368 et
1162 1288 1288 1375 habet,
1315 1320 1423 1387 quare
1446 1298 1488 1365 ad
1513 1299 1733 1390 accipiendas
1754 1301 1925 1389 imagines
1939 1313 1971 1368 et
1987 1300 2142 1369 retinen-

133 1402 226 1472 aliud
255 1426 298 1472 ex
325 1401 396 1472 alio
426 1402 569 1473 eliciens
598 1418 763 1496 tanquam
788 1401 1036 1485 ratiocinatur,
1077 1412 1112 1469 et
1163 1395 1225 1463 das
1254 1397 1363 1485 magis
1392 1402 1694 1470 accommodatum
1721 1424 1793 1470 esse
1817 1400 2043 1471 existimatur.
2094 1398 2142 1470 Ut

132 1503 272 1575 indicat,
1162 1509 1278 1566 autem
1300 1497 1339 1564 in
1355 1521 1432 1567 cera
1451 1495 1654 1597 σφραγῖδες
1668 1502 1940 1593 ἰιιιριῐιιιιιιιιιιι,
1965 1501 2014 1570 ita
2030 1501 2068 1568 in
2083 1524 2142 1568 or·

228 1602 352 1672 Tertia
369 1605 499 1675 retinet
514 1605 732 1675 obiectorum
750 1601 975 1686 memoriam,
1000 1624 1110 1695 eaque
1161 1617 1252 1685 gano
1284 1599 1475 1669 memoriae
1507 1625 1526 1668 a
1556 1602 1740 1691 spiritibus
1770 1603 1925 1694 imprimi
1955 1601 2142 1671 simulacra

133 1705 344 1776 recordatur,
1161 1697 1362 1784 cogitemus.
1413 1700 1580 1793 Aliquam
1598 1727 1681 1772 vero
1697 1727 1769 1772 esse
1785 1727 1997 1792 organorum
2014 1703 2143 1772 distin·

231 1803 323 1874 Sunt
346 1816 462 1872 autem
486 1827 616 1895 organa
641 1800 737 1873 haec.
789 1801 958 1872 Anterior
974 1826 1053 1891 pars
1071 1804 1107 1872 in
1161 1798 1325 1877 ctionem,
1352 1816 1625 1876 consentaneum
1642 1818 1702 1887 est,
1728 1818 1768 1874 ut
1785 1804 1992 1895 supradixi,
2018 1803 2142 1872 etiam-

133 1904 278 1994 geminis
304 1906 531 1990 caritatibus,
559 1929 620 1975 seu
645 1903 849 1974 ventriculis
871 1904 1025 1988 cerebri,
1059 1917 1110 1975 est
1161 1899 1191 1966 si
1206 1898 1392 1969 intervallo
1408 1926 1482 1970 non
1498 1904 1582 1972 satis
1597 1903 1748 1973 discerni
1766 1919 1920 1994 possunt.

133 2027 300 2094 organum
323 2028 446 2075 sensus
466 2006 673 2079 communis.
731 2003 922 2096 Postquam
946 2005 1040 2072 enim
1071 2019 1109 2076 ut
1264 1999 1356 2068 lllud
1380 2014 1495 2071 aulem
1520 2025 1623 2094 saepe
1646 2006 1854 2093 cogitemus,
1879 2030 1958 2075 cum
1980 2007 2018 2073 in
2037 2005 2141 2073 nobis

133 2107 167 2172 in
192 2105 363 2196 speculis,
393 2105 444 2176 ita
475 2106 513 2174 in
540 2107 681 2194 organis
703 2105 914 2174 exteriorum
939 2128 1107 2173 sensuum
1160 2099 1205 2170 sit
1234 2101 1476 2186 ratiocinatio,
1517 2116 1551 2172 et
1580 2098 1772 2175 humanam
1804 2121 1965 2176 naturam
1995 2107 2141 2174 aliunde

131 2206 263 2295 fulgent
285 2205 478 2295 imagines,
502 2207 646 2296 spiritus
669 2205 797 2276 vibrati
820 2206 1108 2275 induuntearum
1159 2215 1272 2270 ortam
1304 2225 1376 2270 esse
1404 2216 1559 2287 constet,
1598 2206 1696 2298 sequi
1727 2208 1940 2287 necessario,
1979 2206 2139 2295 opificem

131 2306 420 2390 similitudinem,
450 2320 484 2375 et
510 2302 746 2376 transvehunt
769 2328 825 2375 eas
847 2307 890 2374 ad
912 2307 1107 2377 cerebrum.
1159 2295 1265 2371 huius
1294 2317 1440 2373 naturae
1469 2304 1661 2394 sapientem
1696 2331 1785 2391 esse,
1818 2306 1900 2400 quia
1922 2307 2141 2398 impossibile

131 2405 180 2478 lbi
205 2421 248 2477 ut
275 2406 401 2495 lingua
427 2406 556 2476 format
585 2406 804 2477 articulatam
832 2430 970 2492 vocem,
992 2407 1049 2478 ita
1074 2421 1108 2478 et
1159 2416 1228 2488 est,
1262 2426 1281 2471 a
1310 2418 1435 2475 natura
1460 2406 1565 2475 bruta
1586 2407 1673 2474 oriri
1694 2409 1960 2498 intelligentem.
2017 2405 2140 2478 Restat

131 2507 312 2577 cerebrum
339 2506 517 2578 vibratum
542 2531 561 2576 a
581 2507 763 2600 spiritibus
784 2507 912 2577 format
933 2530 997 2578 suo
1017 2532 1107 2599 quo-
1158 2502 1267 2592 igitur
1287 2503 1355 2574 alia
1378 2505 1468 2588 vita,
1493 2506 1530 2574 in
1553 2531 1621 2598 qua
1644 2521 1678 2577 et
1698 2510 1859 2600 opificem
1880 2523 1914 2578 et
1928 2505 1991 2577 has
2004 2503 2140 2576 machi-

129 2610 204 2677 dam
238 2607 453 2677 admirando
483 2621 583 2678 motu
613 2608 714 2702 quasi
746 2607 922 2676 collocans
950 2609 1107 2698 spiritus,
1156 2626 1220 2671 nas
1245 2600 1649 2695 melius'iutelligemum
1683 2623 1722 2680 ut
1745 2625 1862 2701 postea
1886 2608 2062 2700 copiosius
2083 2608 2140 2675 di-

129 2708 193 2776 alia
213 2721 323 2800 atque
344 2707 415 2776 alia
432 2709 631 2783 simulacra.
683 2704 731 2778 Ut
744 2708 839 2776 enim
853 2708 939 2778 liant
951 2708 1106 2779 actiones
1156 2719 1264 2777 cetur.
1301 2784 1304 2788 ,

129 2822 158 2877 et
178 2809 353 2897 imagines
374 2807 413 2876 in
434 2811 599 2900 cerebro,
633 2832 841 2878 concurrere
861 2823 895 2880 et
917 2810 1105 2901 spirituum

78 2884 80 3003 l
127 2909 377 2992 vibrationem,
408 2923 441 2979 et
474 2909 585 2998 ipsius
614 2909 749 2979 cerebri
776 2922 912 2980 motum
940 2911 1106 3002 aliquem,

78 3006 80 3096 Ι
126 3022 400 3085 consentaneum
424 3023 487 3079 est.
537 3006 619 3081 Non
644 3010 738 3079 enim
756 3022 894 3079 tantum
908 3010 1035 3080 feritur
1049 3033 1107 3079 ce-

124 3114 264 3178 rebrum
289 3133 309 3177 a
332 3111 531 3199 spiritibus,
556 3111 616 3180 sed
637 3111 748 3202 ipsius
762 3110 867 3179 etiam
885 3110 1014 3203 aliquis
1029 3135 1107 3180 mo·
1257 3102 1434 3197 Descripsi
1460 3130 1581 3177 sensus
1601 3121 1642 3195 ut
1658 3111 1771 3200 potui.
1821 3108 1925 3181 Nune
1940 3113 2137 3185 adiicienda

125 3224 174 3279 tus
196 3225 270 3293 est,
305 3222 473 3302 tanquam
495 3212 671 3281 collocans
694 3210 858 3302 spiritus,
890 3235 1107 3301 componens
1158 3220 1208 3276 est
1237 3208 1392 3298 potentia
1423 3209 1630 3298 adpetitiva,
1662 3233 1751 3302 quae
1773 3225 1824 3281 est
1845 3212 1992 3281 facultas
2018 3237 2137 3300 prose-

124 3325 152 3379 ct
171 3311 415 3396 distribuens,
446 3310 538 3380 sicut
560 3312 702 3401 linguae
719 3324 836 3381 motus
856 3311 987 3381 diversi
1011 3326 1108 3398 sunt,
1157 3332 1269 3400 quens
1283 3322 1342 3378 aut
1357 3309 1494 3396 fugiens
1511 3311 1658 3384 obiecta.
1708 3309 1836 3381 Comes
1850 3327 1900 3385 est
1915 3314 2137 3401 cognitionis.

123 3412 219 3504 quasi
245 3411 455 3484 collocantis
475 3410 515 3482 in
532 3428 611 3485 aere
627 3412 783 3482 diversas
798 3413 925 3502 figuras
940 3413 1107 3484 articula·
1156 3409 1210 3478 Ac
1233 3411 1277 3478 de
1301 3409 1421 3479 bestiis
1442 3411 1543 3479 lacile
1568 3411 1721 3501 intelligi
1745 3426 1878 3503 potest,
1905 3414 1984 3482 ideo
2007 3415 2057 3482 eis
2080 3417 2138 3482 in-

122 3529 172 3582 tae
187 3513 300 3584 vocis.
1156 3511 1265 3580 ditam
1284 3532 1357 3578 esse
1370 3511 1619 3599 coguitionem,
1643 3527 1682 3582 ut
1696 3535 1818 3582 sensus
1833 3528 2029 3584 monstrent
2044 3516 2137 3584 vitae

219 3610 275 3682 lta
292 3613 435 3684 condita
450 3626 497 3683 est
513 3608 700 3682 hominum
713 3625 840 3682 natura
854 3613 1043 3697 divinitus,
1066 3628 1106 3685 ut
1156 3610 1330 3701 praesidia
1352 3612 1593 3683 etcontraria.
1648 3612 1688 3681 ln
1710 3609 1926 3684 homineest
1948 3617 2137 3684 sublimior

123 3714 193 3782 heri
216 3713 450 3803 cogitationes
473 3716 510 3783 iu
533 3715 654 3798 uobis,
680 3716 713 3783 et
730 3713 877 3783 formari
891 3705 931 3783 ac'
945 3715 1106 3783 ordinari
1156 3711 1330 3798 cognitio,
1363 3726 1402 3784 ut
1422 3728 1631 3798 agnoscatur
1652 3729 1684 3786 et
1706 3715 1901 3786 celebretur
1921 3716 2029 3786 Deus.
2089 3714 2146 3786 Et‘

122 3813 291 3902 imagines
306 3814 469 3887 sciamus.
512 3811 701 3903 Quomodo
717 3816 815 3899 liant,
839 3838 914 3882 non
930 3814 1105 3885 cernimus
1156 3814 1262 3881 servit
1290 3806 1374 3880 hnic
1401 3812 1595 3900 cognitioni
1618 3816 1721 3883 etiam
1745 3817 1932 3906 adpetitio,
1965 3832 2004 3887 ut
2031 3813 2136 3886 liuram

123 3917 154 3982 iu
172 3910 240 3983 hac
256 3914 419 4003 caligine.
470 3912 541 3985 Sed
558 3929 673 3986 tamen
689 3909 779 3985 hanc
794 3915 905 4005 ipsam
920 3917 1104 3986 formatio·
1155 3913 1279 4002 diligat
1301 3909 1435 3997 Deum,
1460 3912 1609 3985 laetetur
1626 3928 1659 3984 et
1681 3917 1875 4007 acquiescat
1897 3919 1935 3986 in
1962 3942 2014 3989 eo.
2067 3920 2135 3987 Sed

123 4040 199 4083 nem
223 4015 418 4104 imaginum
442 4039 516 4083 non
538 4016 688 4085 dubium
709 4031 761 4086 est
780 4018 944 4085 umbram
967 4040 1041 4086 esse
1056 4018 1104 4086 si·
1155 4029 1274 4105 postea
1299 4014 1344 4082 de
1370 4013 1550 4105 superiore
1571 4015 1633 4085 illa
1656 4017 1858 4108 cognitione
1872 4033 1904 4089 et
1920 4018 2135 4109 adpetitione

121 4117 347 4203 gnificantem
370 4115 504 4208 aliquid
529 4118 574 4185 de
589 4117 682 4189 Filio
698 4113 782 4201 Dei,
805 4131 846 4186 ut
869 4117 963 4186 enim
983 4117 1104 4212 aliquo
1154 4116 1280 4185 dicam.

120 4218 225 4285 modo
249 4216 533 4300 consideremus,
558 4215 751 4288 curFilius
773 4219 983 4305 cogitatione
1004 4219 1105 4309 geni-
1257 4214 1364 4287 lnitio
1396 4231 1511 4288 autem
1542 4219 1694 4306 vulgaris
1725 4219 1864 4309 partitio
1897 4220 2046 4289 tenenda
2072 4231 2133 4291 est,

119 4333 169 4386 tus
196 4317 408 4387 nominetur
433 4316 552 4407 lmago
583 4318 717 4387 aeterni
745 4316 880 4402 Patris,
928 4319 1032 4388 etiam
1064 4321 1102 4388 in
1154 4319 1198 4384 de
1228 4318 1406 4408 adpetitu,
1437 4344 1541 4411 quam
1567 4321 1703 4388 etiamsi
1724 4320 1888 4389 noumilli
1914 4320 2134 4398 cavillantur,

120 4420 222 4490 nobis
236 4417 356 4488 voluit
368 4415 465 4489 Deus
482 4417 653 4507 imagines
668 4418 743 4487 fieri
760 4418 983 4508 cogitatione.
1154 4432 1269 4485 tamen
1292 4419 1454 4489 usitatam
1477 4442 1549 4488 esse
1572 4423 1721 4490 eruditis
1743 4423 1921 4503 videmus,
1955 4433 1989 4490 et
2010 4421 2130 4489 utilem

216 4519 315 4592 Sunt
345 4531 462 4589 autem
493 4518 607 4589 officia
630 4519 738 4612 primi
768 4541 891 4590 sensus
913 4519 1105 4604 interioris,
1153 4539 1225 4586 esse
1242 4520 1457 4591 discentibus
1471 4545 1544 4590 non
1562 4523 1709 4590 dubium
1726 4536 1787 4589 est.

119 4623 278 4713 accipere
301 4619 462 4689 omnium
478 4619 689 4690 exteriorum
705 4642 873 4691 sensuum
890 4622 1043 4705 obiecta,
1068 4636 1103 4692 et
1163 4699 1164 4703 Ἰ
1255 4618 1402 4712 Triplex
1423 4637 1473 4692 est
1490 4623 1681 4714 adpetitus:
1714 4619 1908 4706 Naturalis,
1933 4624 2129 4701 sensitims,

117 4747 152 4792 ea
169 4723 389 4794 discernere.
421 4715 560 4791 Oculus
575 4721 707 4811 pariter
720 4721 920 4812 albedinem
935 4735 969 4793 et
983 4722 1101 4811 nigre-
1152 4732 1184 4789 et
1203 4721 1434 4794 voluntarius.

117 4824 237 4895 dinem
250 4820 412 4913 percipit·
463 4820 532 4893 Sed
548 4843 671 4892 sensus
685 4823 883 4892 communis
900 4823 1081 4896 discernit.
1219 4819 1306 4891 ·l)e
1322 4826 1472 4893 naturali
1487 4823 1702 4914 adpetitione
1716 4848 1790 4891 non
1804 4826 1853 4893 sic
1871 4826 2066 4918 loquimur,
2088 4836 2128 4890 ut

215 4921 360 4994 Deinde
378 4923 561 5012 proximus
585 4935 637 4995 est
655 4945 794 5009 sensus,
821 4923 878 4993 cui
896 4924 1102 4994 tribuuntur
1151 4946 1273 5012 snpra,
1304 4927 1365 4993 ubi
1388 4940 1524 4996 anunm
1549 4923 1831 5009 inclinationem,
1862 4953 1934 4995 inm
1957 4923 2137 4995 actionem

115 5022 347 5115 compositio,
372 5045 436 5092 seu
453 5025 669 5110 aestimatio,
693 5047 754 5094 seu
775 5025 1028 5117 qualiscunque
1044 5049 1100 5093 ra·
1122 5078 1126 5141 1
1149 5024 1303 5116 aliquam
1330 5027 1521 5114 significat,
1545 5042 1583 5096 ut
1606 5050 1686 5094 cum
1708 5027 1875 5096 dicimus:
1906 5026 2051 5097 blata-ria
2065 5029 2127 5090 ait-

114 5126 303 5196 tiocinatio
323 5136 359 5195 et
381 5123 567 5198 iudicium.
617 5121 824 5196 Aristoteles
845 5152 863 5193 a
885 5128 1002 5216 priore
1025 5151 1099 5196 non
1121 5144 1125 5219 J
1150 5126 1236 5214 petit
1267 5129 1428 5204 [ormam.
1488 5126 1594 5216 Lapis
1623 5129 1830 5197 naturaliter
1857 5130 1987 5216 culpetit
2011 5127 2124 5194 locutu

114 5226 298 5302 disceruit.
360 5223 432 5296 Sed
464 5237 505 5296 ut
532 5225 607 5295 dixi
629 5225 807 5297 Galerium
830 5228 1030 5320 sequimur,
1063 5243 1098 5298 et
1120 5280 1123 5316 e
1148 5230 1325 5300 deorsum.
1376 5227 2126 5317 lliceuim-significatunaturalemincli-

113 5350 287 5418 organum
302 5325 336 5398 ei
349 5325 389 5396 iu
402 5326 523 5403 medio
537 5328 681 5398 cerebro
695 5329 940 5403 attribuamus.
983 5323 1097 5397 Aiunt
1116 5335 1123 5414 ι
1147 5327 1328 5398 nationem
1354 5343 1388 5399 et
1412 5330 1585 5415 actiones,
1618 5357 1708 5423 qnae
1728 5345 1844 5402 tamen
1866 5355 1940 5399 nori
1961 5328 2126 5397 oriuntur

1336 2955 1432 3039 Quid
1453 2966 1512 3026 est
1531 2963 1703 3048 potentio
1726 2958 1962 3052 appetitiva?
