<?xml version="1.0" encoding="UTF-8"?>
<!DOCTYPE html PUBLIC "-//W3C//DTD XHTML 1.0 Transitional//EN"
    "http://www.w3.org/TR/xhtml1/DTD/xhtml1-transitional.dtd">
<html xmlns="http://www.w3.org/1999/xhtml" xml:lang="en" lang="en">
 <head>
  <title>
</title>
<meta http-equiv="Content-Type" content="text/html;charset=utf-8" />
  <meta name='ocr-system' content='tesseract 3.04.00' />
  <meta name='ocr-capabilities' content='ocr_page ocr_carea ocr_par ocr_line ocrx_word'/>
</head>
<body>
  <div class='ocr_page' id='page_1' title='image "./corpusreformato11melagoog_0621.png"; bbox 0 0 4538 5754; ppageno 0'>
   <div class='ocr_carea' id='block_1_1' title="bbox 118 214 2135 351">
    <p class='ocr_par' dir='ltr' id='par_1_1' title="bbox 118 214 2135 351">
     <span class='ocr_line' id='line_1_1' title="bbox 118 214 2135 351; baseline 0.001 -26"><span class='ocrx_word' id='word_1_1' title='bbox 118 252 216 329; x_wconf 76' lang='lat' dir='ltr'>aare</span> <span class='ocrx_word' id='word_1_2' title='bbox 708 232 836 323; x_wconf 79' lang='lat' dir='ltr'>ente.</span> <span class='ocrx_word' id='word_1_3' title='bbox 862 241 1216 351; x_wconf 76' lang='lat' dir='ltr'>nausearent</span> <span class='ocrx_word' id='word_1_4' title='bbox 1241 230 1544 323; x_wconf 75' lang='lat' dir='ltr'>excarnat.</span> <span class='ocrx_word' id='word_1_5' title='bbox 2000 214 2135 329; x_wconf 75' lang='lat' dir='ltr'>‘caca</span> 
     </span>
    </p>
   </div>
   <div class='ocr_carea' id='block_1_2' title="bbox 22 414 2136 1634">
    <p class='ocr_par' dir='ltr' id='par_1_2' title="bbox 223 414 2135 515">
     <span class='ocr_line' id='line_1_2' title="bbox 223 414 2135 515; baseline 0 -19"><span class='ocrx_word' id='word_1_6' title='bbox 223 419 421 496; x_wconf 89' lang='lat' dir='ltr'>Undecimo</span> <span class='ocrx_word' id='word_1_7' title='bbox 453 414 557 490; x_wconf 80' lang='lat' dir='ltr'>versu</span> <span class='ocrx_word' id='word_1_8' title='bbox 588 439 748 510; x_wconf 78' lang='lat' dir='ltr'>expresse</span> <span class='ocrx_word' id='word_1_9' title='bbox 781 419 865 490; x_wconf 88' lang='lat' dir='ltr'>tacit</span> <span class='ocrx_word' id='word_1_10' title='bbox 889 417 1108 491; x_wconf 80' lang='lat' dir='ltr'><strong>mentionem</strong></span> <span class='ocrx_word' id='word_1_11' title='bbox 1132 419 1137 447; x_wconf 82' lang='lat'><strong>¹</strong></span> <span class='ocrx_word' id='word_1_12' title='bbox 1160 418 1214 489; x_wconf 90' lang='lat' dir='ltr'>cia</span> <span class='ocrx_word' id='word_1_13' title='bbox 1238 433 1273 489; x_wconf 91' lang='lat' dir='ltr'>et</span> <span class='ocrx_word' id='word_1_14' title='bbox 1294 421 1417 495; x_wconf 89' lang='lat' dir='ltr'>salute.</span> <span class='ocrx_word' id='word_1_15' title='bbox 1477 418 1521 490; x_wconf 90' lang='lat' dir='ltr'>In</span> <span class='ocrx_word' id='word_1_16' title='bbox 1544 415 1610 491; x_wconf 87' lang='lat' dir='ltr'>hec</span> <span class='ocrx_word' id='word_1_17' title='bbox 1634 433 1752 493; x_wconf 90' lang='lat' dir='ltr'>antem</span> <span class='ocrx_word' id='word_1_18' title='bbox 1774 420 1988 515; x_wconf 89' lang='lat' dir='ltr'>precatione</span> <span class='ocrx_word' id='word_1_19' title='bbox 2014 446 2135 496; x_wconf 89' lang='lat' dir='ltr'>necesse</span> 
     </span>
    </p>

    <p class='ocr_par' dir='ltr' id='par_1_3' title="bbox 123 520 2134 623">
     <span class='ocr_line' id='line_1_3' title="bbox 123 520 2134 623; baseline -0.001 -23"><span class='ocrx_word' id='word_1_20' title='bbox 123 524 388 623; x_wconf 70' lang='lat' dir='ltr'>promissionis,</span> <span class='ocrx_word' id='word_1_21' title='bbox 420 523 523 617; x_wconf 89' lang='lat' dir='ltr'>quia,</span> <span class='ocrx_word' id='word_1_22' title='bbox 552 533 592 590; x_wconf 88' lang='lat' dir='ltr'>ut</span> <span class='ocrx_word' id='word_1_23' title='bbox 608 520 862 612; x_wconf 89' lang='lat' dir='ltr'>supradictum</span> <span class='ocrx_word' id='word_1_24' title='bbox 879 536 949 606; x_wconf 89' lang='lat' dir='ltr'>est,</span> <span class='ocrx_word' id='word_1_25' title='bbox 988 545 1108 615; x_wconf 90' lang='lat' dir='ltr'>preca·</span> <span class='ocrx_word' id='word_1_26' title='bbox 1161 534 1230 606; x_wconf 90' lang='lat' dir='ltr'>est,</span> <span class='ocrx_word' id='word_1_27' title='bbox 1257 522 1388 593; x_wconf 89' lang='lat' dir='ltr'>intueri</span> <span class='ocrx_word' id='word_1_28' title='bbox 1412 525 1576 594; x_wconf 92' lang='lat' dir='ltr'>mandata</span> <span class='ocrx_word' id='word_1_29' title='bbox 1598 522 1666 594; x_wconf 92' lang='lat' dir='ltr'>Dei</span> <span class='ocrx_word' id='word_1_30' title='bbox 1687 536 1721 594; x_wconf 90' lang='lat' dir='ltr'>et</span> <span class='ocrx_word' id='word_1_31' title='bbox 1742 525 2023 617; x_wconf 91' lang='lat' dir='ltr'>promissiones,</span> <span class='ocrx_word' id='word_1_32' title='bbox 2055 527 2134 598; x_wconf 81' lang='lat' dir='ltr'>iuxta</span> 
     </span>
    </p>

    <p class='ocr_par' dir='ltr' id='par_1_4' title="bbox 94 622 2135 720">
     <span class='ocr_line' id='line_1_4' title="bbox 94 622 2135 720; baseline -0.001 -18"><span class='ocrx_word' id='word_1_33' title='bbox 94 632 97 637; x_wconf 66' lang='grc'><strong><em>’</em></strong></span> <span class='ocrx_word' id='word_1_34' title='bbox 125 633 177 703; x_wconf 85' lang='grc' dir='ltr'>ιὶο</span> <span class='ocrx_word' id='word_1_35' title='bbox 194 630 298 700; x_wconf 92' lang='lat' dir='ltr'>debet</span> <span class='ocrx_word' id='word_1_36' title='bbox 316 625 447 698; x_wconf 88' lang='lat' dir='ltr'>intueri</span> <span class='ocrx_word' id='word_1_37' title='bbox 465 624 631 692; x_wconf 87' lang='lat' dir='ltr'>mandata</span> <span class='ocrx_word' id='word_1_38' title='bbox 647 636 681 691; x_wconf 94' lang='lat' dir='ltr'>et</span> <span class='ocrx_word' id='word_1_39' title='bbox 697 622 960 713; x_wconf 74' lang='lat' dir='ltr'>promissiones.</span> <span class='ocrx_word' id='word_1_40' title='bbox 1161 622 1221 692; x_wconf 92' lang='lat' dir='ltr'>illa</span> <span class='ocrx_word' id='word_1_41' title='bbox 1249 625 1362 694; x_wconf 90' lang='lat' dir='ltr'>dicta:</span> <span class='ocrx_word' id='word_1_42' title='bbox 1391 622 1527 717; x_wconf 89' lang='lat' dir='ltr'>Petite,</span> <span class='ocrx_word' id='word_1_43' title='bbox 1554 638 1588 695; x_wconf 91' lang='lat' dir='ltr'>et</span> <span class='ocrx_word' id='word_1_44' title='bbox 1608 627 1754 697; x_wconf 90' lang='lat' dir='ltr'>dabitur</span> <span class='ocrx_word' id='word_1_45' title='bbox 1781 628 1899 699; x_wconf 75' lang='lat' dir='ltr'>cobis.</span> <span class='ocrx_word' id='word_1_46' title='bbox 1956 627 2135 720; x_wconf 79' lang='lat' dir='ltr'>Praecipue</span> 
     </span>
    </p>

    <p class='ocr_par' dir='ltr' id='par_1_5' title="bbox 229 724 2136 819">
     <span class='ocr_line' id='line_1_5' title="bbox 229 724 2136 819; baseline -0.001 -18"><span class='ocrx_word' id='word_1_47' title='bbox 229 728 450 801; x_wconf 88' lang='lat' dir='ltr'>Duodecimn</span> <span class='ocrx_word' id='word_1_48' title='bbox 472 747 577 795; x_wconf 89' lang='lat' dir='ltr'>versu</span> <span class='ocrx_word' id='word_1_49' title='bbox 600 724 746 794; x_wconf 88' lang='lat' dir='ltr'>additur</span> <span class='ocrx_word' id='word_1_50' title='bbox 768 724 997 815; x_wconf 78' lang='lat' dir='ltr'>promissioni</span> <span class='ocrx_word' id='word_1_51' title='bbox 1022 744 1108 794; x_wconf 64' lang='lat' dir='ltr'>cona</span> <span class='ocrx_word' id='word_1_52' title='bbox 1160 748 1246 794; x_wconf 90' lang='lat' dir='ltr'>vero</span> <span class='ocrx_word' id='word_1_53' title='bbox 1262 727 1528 797; x_wconf 83' lang='lat' dir='ltr'>meminerimus</span> <span class='ocrx_word' id='word_1_54' title='bbox 1541 728 1579 795; x_wconf 92' lang='lat' dir='ltr'>in</span> <span class='ocrx_word' id='word_1_55' title='bbox 1595 729 1763 819; x_wconf 89' lang='lat' dir='ltr'>petitione</span> <span class='ocrx_word' id='word_1_56' title='bbox 1777 729 2005 800; x_wconf 72' lang='lat' dir='ltr'>mentionem</span> <span class='ocrx_word' id='word_1_57' title='bbox 2020 731 2136 801; x_wconf 85' lang='lat' dir='ltr'>lacien-</span> 
     </span>
    </p>

    <p class='ocr_par' dir='ltr' id='par_1_6' title="bbox 127 825 2135 921">
     <span class='ocr_line' id='line_1_6' title="bbox 127 825 2135 921; baseline -0.001 -15"><span class='ocrx_word' id='word_1_58' title='bbox 127 833 217 906; x_wconf 90' lang='lat' dir='ltr'>ditio</span> <span class='ocrx_word' id='word_1_59' title='bbox 237 828 480 912; x_wconf 79' lang='lat' dir='ltr'>obedientiae,</span> <span class='ocrx_word' id='word_1_60' title='bbox 519 825 602 920; x_wconf 89' lang='lat' dir='ltr'>quia</span> <span class='ocrx_word' id='word_1_61' title='bbox 631 826 882 915; x_wconf 88' lang='lat' dir='ltr'>promissiones</span> <span class='ocrx_word' id='word_1_62' title='bbox 909 827 1110 919; x_wconf 80' lang='lat' dir='ltr'>corporales</span> <span class='ocrx_word' id='word_1_63' title='bbox 1161 828 1243 896; x_wconf 89' lang='lat' dir='ltr'>darn</span> <span class='ocrx_word' id='word_1_64' title='bbox 1262 850 1334 898; x_wconf 89' lang='lat' dir='ltr'>esse</span> <span class='ocrx_word' id='word_1_65' title='bbox 1351 827 1448 913; x_wconf 85' lang='lat' dir='ltr'>Filii,</span> <span class='ocrx_word' id='word_1_66' title='bbox 1462 843 1502 900; x_wconf 92' lang='lat' dir='ltr'>ut</span> <span class='ocrx_word' id='word_1_67' title='bbox 1519 843 1663 921; x_wconf 88' lang='lat' dir='ltr'>propter</span> <span class='ocrx_word' id='word_1_68' title='bbox 1680 831 1796 920; x_wconf 88' lang='lat' dir='ltr'>ipsum</span> <span class='ocrx_word' id='word_1_69' title='bbox 1810 846 1928 903; x_wconf 88' lang='lat' dir='ltr'>servet</span> <span class='ocrx_word' id='word_1_70' title='bbox 1945 829 2135 913; x_wconf 78' lang='lat' dir='ltr'>Ecclesiam.</span> 
     </span>
    </p>

    <p class='ocr_par' dir='ltr' id='par_1_7' title="bbox 126 925 2135 1028">
     <span class='ocr_line' id='line_1_7' title="bbox 126 925 2135 1028; baseline -0.001 -22"><span class='ocrx_word' id='word_1_71' title='bbox 126 931 259 1006; x_wconf 89' lang='lat' dir='ltr'>habent</span> <span class='ocrx_word' id='word_1_72' title='bbox 298 930 539 1001; x_wconf 91' lang='lat' dir='ltr'>conditionem</span> <span class='ocrx_word' id='word_1_73' title='bbox 579 926 813 1000; x_wconf 90' lang='lat' dir='ltr'>obedieutiae.</span> <span class='ocrx_word' id='word_1_74' title='bbox 880 925 971 998; x_wconf 92' lang='lat' dir='ltr'>Cum</span> <span class='ocrx_word' id='word_1_75' title='bbox 1014 929 1108 999; x_wconf 92' lang='lat' dir='ltr'>enim</span> <span class='ocrx_word' id='word_1_76' title='bbox 1163 941 1197 999; x_wconf 91' lang='grc' dir='ltr'>ει</span> <span class='ocrx_word' id='word_1_77' title='bbox 1211 929 1362 1000; x_wconf 88' lang='lat' dir='ltr'>sciamus</span> <span class='ocrx_word' id='word_1_78' title='bbox 1376 944 1539 1022; x_wconf 87' lang='lat' dir='ltr'>oportere</span> <span class='ocrx_word' id='word_1_79' title='bbox 1557 932 1594 1000; x_wconf 92' lang='lat' dir='ltr'>in</span> <span class='ocrx_word' id='word_1_80' title='bbox 1621 932 1783 1002; x_wconf 90' lang='lat' dir='ltr'>oratione</span> <span class='ocrx_word' id='word_1_81' title='bbox 1803 933 1910 1003; x_wconf 87' lang='lat' dir='ltr'>fidem</span> <span class='ocrx_word' id='word_1_82' title='bbox 1934 957 2030 1020; x_wconf 90' lang='lat' dir='ltr'>esse,</span> <span class='ocrx_word' id='word_1_83' title='bbox 2062 958 2135 1028; x_wconf 83' lang='lat' dir='ltr'>quae</span> 
     </span>
    </p>

    <p class='ocr_par' dir='ltr' id='par_1_8' title="bbox 128 1028 2134 1126">
     <span class='ocr_line' id='line_1_8' title="bbox 128 1028 2134 1126; baseline -0.001 -19"><span class='ocrx_word' id='word_1_84' title='bbox 128 1059 250 1108; x_wconf 90' lang='lat' dir='ltr'>omues</span> <span class='ocrx_word' id='word_1_85' title='bbox 268 1032 517 1126; x_wconf 86' lang='lat' dir='ltr'>promissiones</span> <span class='ocrx_word' id='word_1_86' title='bbox 533 1044 676 1122; x_wconf 93' lang='lat' dir='ltr'>propter</span> <span class='ocrx_word' id='word_1_87' title='bbox 692 1052 866 1099; x_wconf 91' lang='lat' dir='ltr'>summam</span> <span class='ocrx_word' id='word_1_88' title='bbox 882 1033 1029 1115; x_wconf 79' lang='lat' dir='ltr'>dentur,</span> <span class='ocrx_word' id='word_1_89' title='bbox 1054 1054 1110 1100; x_wconf 88' lang='lat' dir='ltr'>re-</span> <span class='ocrx_word' id='word_1_90' title='bbox 1163 1054 1244 1099; x_wconf 82' lang='lat' dir='ltr'>vere</span> <span class='ocrx_word' id='word_1_91' title='bbox 1263 1045 1392 1103; x_wconf 90' lang='lat' dir='ltr'>statuat</span> <span class='ocrx_word' id='word_1_92' title='bbox 1408 1028 1499 1101; x_wconf 89' lang='lat' dir='ltr'>hanc</span> <span class='ocrx_word' id='word_1_93' title='bbox 1513 1033 1752 1124; x_wconf 79' lang='lat' dir='ltr'>precationem</span> <span class='ocrx_word' id='word_1_94' title='bbox 1772 1031 2012 1125; x_wconf 90' lang='lat' dir='ltr'>placereDeo,</span> <span class='ocrx_word' id='word_1_95' title='bbox 2029 1051 2062 1107; x_wconf 91' lang='lat' dir='ltr'>et</span> <span class='ocrx_word' id='word_1_96' title='bbox 2074 1059 2134 1105; x_wconf 92' lang='lat' dir='ltr'>noo</span> 
     </span>
    </p>

    <p class='ocr_par' dir='ltr' id='par_1_9' title="bbox 22 1128 2132 1226">
     <span class='ocr_line' id='line_1_9' title="bbox 22 1128 2132 1226; baseline -0.001 -18"><span class='ocrx_word' id='word_1_97' title='bbox 22 1213 25 1219; x_wconf 64' lang='grc'><strong>,</strong></span> <span class='ocrx_word' id='word_1_98' title='bbox 128 1141 217 1210; x_wconf 88' lang='lat' dir='ltr'>iecta</span> <span class='ocrx_word' id='word_1_99' title='bbox 234 1159 372 1207; x_wconf 89' lang='lat' dir='ltr'>summa</span> <span class='ocrx_word' id='word_1_100' title='bbox 389 1146 425 1205; x_wconf 92' lang='lat' dir='ltr'>et</span> <span class='ocrx_word' id='word_1_101' title='bbox 439 1145 555 1226; x_wconf 87' lang='lat' dir='ltr'>spreto</span> <span class='ocrx_word' id='word_1_102' title='bbox 574 1128 975 1218; x_wconf 85' lang='lat' dir='ltr'>MediatoreFilioDei,</span> <span class='ocrx_word' id='word_1_103' title='bbox 1002 1133 1109 1202; x_wconf 90' lang='lat' dir='ltr'>etiam</span> <span class='ocrx_word' id='word_1_104' title='bbox 1162 1153 1235 1201; x_wconf 89' lang='lat' dir='ltr'>esse</span> <span class='ocrx_word' id='word_1_105' title='bbox 1251 1132 1388 1205; x_wconf 90' lang='lat' dir='ltr'>irritam</span> <span class='ocrx_word' id='word_1_106' title='bbox 1405 1149 1550 1225; x_wconf 90' lang='lat' dir='ltr'>propter</span> <span class='ocrx_word' id='word_1_107' title='bbox 1566 1135 1754 1207; x_wconf 89' lang='lat' dir='ltr'>Summum</span> <span class='ocrx_word' id='word_1_108' title='bbox 1768 1135 2002 1208; x_wconf 83' lang='lat' dir='ltr'>Sacerdotem</span> <span class='ocrx_word' id='word_1_109' title='bbox 2019 1135 2132 1207; x_wconf 75' lang='lat' dir='ltr'>lilium</span> 
     </span>
    </p>

    <p class='ocr_par' dir='ltr' id='par_1_10' title="bbox 129 1232 2131 1426">
     <span class='ocr_line' id='line_1_10' title="bbox 129 1232 2131 1328; baseline -0.002 -17"><span class='ocrx_word' id='word_1_110' title='bbox 129 1253 284 1311; x_wconf 89' lang='lat' dir='ltr'>caeterae</span> <span class='ocrx_word' id='word_1_111' title='bbox 300 1237 532 1325; x_wconf 88' lang='lat' dir='ltr'>amittuntur,</span> <span class='ocrx_word' id='word_1_112' title='bbox 566 1232 656 1303; x_wconf 88' lang='lat' dir='ltr'>sicut</span> <span class='ocrx_word' id='word_1_113' title='bbox 678 1232 781 1324; x_wconf 91' lang='lat' dir='ltr'>impii</span> <span class='ocrx_word' id='word_1_114' title='bbox 806 1235 947 1303; x_wconf 90' lang='lat' dir='ltr'>tandem</span> <span class='ocrx_word' id='word_1_115' title='bbox 970 1236 1111 1325; x_wconf 91' lang='lat' dir='ltr'>penitus</span> <span class='ocrx_word' id='word_1_116' title='bbox 1161 1232 1249 1319; x_wconf 90' lang='lat' dir='ltr'>Dei,</span> <span class='ocrx_word' id='word_1_117' title='bbox 1274 1236 1336 1327; x_wconf 91' lang='lat' dir='ltr'>qui</span> <span class='ocrx_word' id='word_1_118' title='bbox 1354 1236 1448 1306; x_wconf 92' lang='lat' dir='ltr'>idem</span> <span class='ocrx_word' id='word_1_119' title='bbox 1467 1238 1571 1328; x_wconf 90' lang='lat' dir='ltr'>petit:</span> <span class='ocrx_word' id='word_1_120' title='bbox 1607 1236 1712 1309; x_wconf 92' lang='lat' dir='ltr'>Pater</span> <span class='ocrx_word' id='word_1_121' title='bbox 1734 1260 1834 1308; x_wconf 87' lang='lat' dir='ltr'>serva</span> <span class='ocrx_word' id='word_1_122' title='bbox 1859 1262 1921 1310; x_wconf 90' lang='lat' dir='ltr'>eos</span> <span class='ocrx_word' id='word_1_123' title='bbox 1943 1239 1985 1308; x_wconf 94' lang='lat' dir='ltr'>in</span> <span class='ocrx_word' id='word_1_124' title='bbox 2008 1238 2131 1309; x_wconf 89' lang='lat' dir='ltr'>numine</span> 
     </span>
     <span class='ocr_line' id='line_1_11' title="bbox 130 1334 1306 1426; baseline -0.003 -14"><span class='ocrx_word' id='word_1_125' title='bbox 130 1342 312 1423; x_wconf 90' lang='lat' dir='ltr'>delentur,</span> <span class='ocrx_word' id='word_1_126' title='bbox 336 1353 376 1409; x_wconf 88' lang='lat' dir='ltr'>nt</span> <span class='ocrx_word' id='word_1_127' title='bbox 389 1338 581 1408; x_wconf 88' lang='lat' dir='ltr'>ostendunt</span> <span class='ocrx_word' id='word_1_128' title='bbox 597 1335 756 1426; x_wconf 84' lang='lat' dir='ltr'>exempla</span> <span class='ocrx_word' id='word_1_129' title='bbox 771 1335 809 1403; x_wconf 92' lang='lat' dir='ltr'>in</span> <span class='ocrx_word' id='word_1_130' title='bbox 825 1334 1007 1422; x_wconf 86' lang='lat' dir='ltr'>Sodomis,</span> <span class='ocrx_word' id='word_1_131' title='bbox 1022 1334 1110 1405; x_wconf 88' lang='lat' dir='ltr'>Hie·</span> <span class='ocrx_word' id='word_1_132' title='bbox 1162 1347 1225 1406; x_wconf 90' lang='lat' dir='ltr'>tuo</span> <span class='ocrx_word' id='word_1_133' title='bbox 1242 1350 1306 1408; x_wconf 92' lang='lat' dir='ltr'>etc.</span> 
     </span>
    </p>

    <p class='ocr_par' dir='ltr' id='par_1_11' title="bbox 131 1436 1111 1536">
     <span class='ocr_line' id='line_1_12' title="bbox 131 1436 1111 1536; baseline -0.007 -23"><span class='ocrx_word' id='word_1_134' title='bbox 131 1441 318 1536; x_wconf 88' lang='lat' dir='ltr'>rosolymis</span> <span class='ocrx_word' id='word_1_135' title='bbox 334 1453 368 1510; x_wconf 88' lang='grc' dir='ltr'>ει</span> <span class='ocrx_word' id='word_1_136' title='bbox 384 1437 575 1509; x_wconf 87' lang='lat' dir='ltr'>universali</span> <span class='ocrx_word' id='word_1_137' title='bbox 592 1436 741 1508; x_wconf 88' lang='lat' dir='ltr'>interitu</span> <span class='ocrx_word' id='word_1_138' title='bbox 757 1438 950 1506; x_wconf 90' lang='lat' dir='ltr'>multarum</span> <span class='ocrx_word' id='word_1_139' title='bbox 965 1440 1111 1509; x_wconf 89' lang='lat' dir='ltr'>urbium</span> 
     </span>
    </p>

    <p class='ocr_par' dir='ltr' id='par_1_12' title="bbox 131 1534 1111 1634">
     <span class='ocr_line' id='line_1_13' title="bbox 131 1534 1111 1634; baseline -0.007 -19"><span class='ocrx_word' id='word_1_140' title='bbox 131 1559 166 1617; x_wconf 90' lang='lat' dir='ltr'>et</span> <span class='ocrx_word' id='word_1_141' title='bbox 182 1542 353 1634; x_wconf 90' lang='lat' dir='ltr'>gentium,</span> <span class='ocrx_word' id='word_1_142' title='bbox 369 1541 501 1609; x_wconf 90' lang='lat' dir='ltr'>interea</span> <span class='ocrx_word' id='word_1_143' title='bbox 515 1540 555 1609; x_wconf 93' lang='lat' dir='ltr'>in</span> <span class='ocrx_word' id='word_1_144' title='bbox 571 1561 653 1608; x_wconf 91' lang='lat' dir='ltr'>vera</span> <span class='ocrx_word' id='word_1_145' title='bbox 670 1534 826 1608; x_wconf 83' lang='lat' dir='ltr'>Ecclesia</span> <span class='ocrx_word' id='word_1_146' title='bbox 841 1554 960 1610; x_wconf 90' lang='lat' dir='ltr'>manet</span> <span class='ocrx_word' id='word_1_147' title='bbox 973 1562 1111 1611; x_wconf 92' lang='lat' dir='ltr'>summa</span> 
     </span>
    </p>
   </div>
   <div class='ocr_carea' id='block_1_3' title="bbox 132 1636 1115 2245">
    <p class='ocr_par' dir='ltr' id='par_1_13' title="bbox 132 1636 1115 2245">
     <span class='ocr_line' id='line_1_14' title="bbox 132 1636 1111 1737; baseline -0.004 -22"><span class='ocrx_word' id='word_1_148' title='bbox 132 1644 337 1737; x_wconf 89' lang='lat' dir='ltr'>promissio,</span> <span class='ocrx_word' id='word_1_149' title='bbox 362 1636 442 1711; x_wconf 85' lang='lat' dir='ltr'>ideo</span> <span class='ocrx_word' id='word_1_150' title='bbox 456 1643 500 1710; x_wconf 91' lang='lat' dir='ltr'>ad</span> <span class='ocrx_word' id='word_1_151' title='bbox 518 1636 609 1710; x_wconf 92' lang='lat' dir='ltr'>banc</span> <span class='ocrx_word' id='word_1_152' title='bbox 623 1654 657 1711; x_wconf 90' lang='lat' dir='ltr'>et</span> <span class='ocrx_word' id='word_1_153' title='bbox 672 1640 924 1730; x_wconf 88' lang='lat' dir='ltr'>promissiones</span> <span class='ocrx_word' id='word_1_154' title='bbox 946 1666 1111 1735; x_wconf 91' lang='lat' dir='ltr'>corpora·</span> 
     </span>
     <span class='ocr_line' id='line_1_15' title="bbox 132 1738 1112 1837; baseline -0.004 -19"><span class='ocrx_word' id='word_1_155' title='bbox 132 1749 185 1818; x_wconf 94' lang='lat' dir='ltr'>les</span> <span class='ocrx_word' id='word_1_156' title='bbox 201 1747 239 1815; x_wconf 92' lang='lat' dir='ltr'>in</span> <span class='ocrx_word' id='word_1_157' title='bbox 255 1768 381 1834; x_wconf 86' lang='lat' dir='ltr'>genere</span> <span class='ocrx_word' id='word_1_158' title='bbox 394 1743 592 1835; x_wconf 88' lang='lat' dir='ltr'>pertinent,</span> <span class='ocrx_word' id='word_1_159' title='bbox 617 1743 706 1812; x_wconf 91' lang='lat' dir='ltr'>sieut</span> <span class='ocrx_word' id='word_1_160' title='bbox 721 1738 853 1812; x_wconf 87' lang='lat' dir='ltr'>Paulus</span> <span class='ocrx_word' id='word_1_161' title='bbox 870 1742 1005 1837; x_wconf 89' lang='lat' dir='ltr'>inquit:</span> <span class='ocrx_word' id='word_1_162' title='bbox 1031 1743 1112 1814; x_wconf 92' lang='lat' dir='ltr'>Pie-</span> 
     </span>
     <span class='ocr_line' id='line_1_16' title="bbox 132 1843 1112 1936; baseline 0.001 -16"><span class='ocrx_word' id='word_1_163' title='bbox 132 1863 187 1920; x_wconf 91' lang='lat' dir='ltr'>tas</span> <span class='ocrx_word' id='word_1_164' title='bbox 200 1843 306 1918; x_wconf 89' lang='lat' dir='ltr'>habet</span> <span class='ocrx_word' id='word_1_165' title='bbox 321 1844 572 1936; x_wconf 89' lang='lat' dir='ltr'>promissiones</span> <span class='ocrx_word' id='word_1_166' title='bbox 589 1843 781 1936; x_wconf 90' lang='lat' dir='ltr'>praesentis</span> <span class='ocrx_word' id='word_1_167' title='bbox 796 1857 831 1914; x_wconf 91' lang='lat' dir='ltr'>et</span> <span class='ocrx_word' id='word_1_168' title='bbox 845 1846 986 1915; x_wconf 85' lang='lat' dir='ltr'>futurae</span> <span class='ocrx_word' id='word_1_169' title='bbox 1008 1846 1112 1921; x_wconf 76' lang='lat' dir='ltr'>vitae.</span> 
     </span>
     <span class='ocr_line' id='line_1_17' title="bbox 133 1942 1112 2040; baseline -0.004 -18"><span class='ocrx_word' id='word_1_170' title='bbox 133 1946 182 2022; x_wconf 90' lang='lat' dir='ltr'>Et</span> <span class='ocrx_word' id='word_1_171' title='bbox 197 1962 314 2020; x_wconf 89' lang='lat' dir='ltr'>tamen</span> <span class='ocrx_word' id='word_1_172' title='bbox 330 1943 388 2016; x_wconf 92' lang='lat' dir='ltr'>hic</span> <span class='ocrx_word' id='word_1_173' title='bbox 402 1946 507 2017; x_wconf 91' lang='lat' dir='ltr'>etiam</span> <span class='ocrx_word' id='word_1_174' title='bbox 524 1947 563 2014; x_wconf 91' lang='lat' dir='ltr'>in</span> <span class='ocrx_word' id='word_1_175' title='bbox 580 1969 661 2016; x_wconf 87' lang='lat' dir='ltr'>vera</span> <span class='ocrx_word' id='word_1_176' title='bbox 679 1942 835 2017; x_wconf 83' lang='lat' dir='ltr'>Ecclesia</span> <span class='ocrx_word' id='word_1_177' title='bbox 852 1945 1034 2017; x_wconf 90' lang='lat' dir='ltr'>sciendum</span> <span class='ocrx_word' id='word_1_178' title='bbox 1050 1963 1112 2040; x_wconf 88' lang='lat' dir='ltr'>est,</span> 
     </span>
     <span class='ocr_line' id='line_1_18' title="bbox 134 2043 1113 2144; baseline -0.002 -23"><span class='ocrx_word' id='word_1_179' title='bbox 134 2049 387 2144; x_wconf 89' lang='lat' dir='ltr'>promissiones</span> <span class='ocrx_word' id='word_1_180' title='bbox 402 2049 602 2139; x_wconf 86' lang='lat' dir='ltr'>corporales</span> <span class='ocrx_word' id='word_1_181' title='bbox 620 2043 749 2117; x_wconf 90' lang='lat' dir='ltr'>babere</span> <span class='ocrx_word' id='word_1_182' title='bbox 764 2047 986 2138; x_wconf 84' lang='lat' dir='ltr'>exceptiones</span> <span class='ocrx_word' id='word_1_183' title='bbox 1009 2053 1113 2120; x_wconf 90' lang='lat' dir='ltr'>casti·</span> 
     </span>
     <span class='ocr_line' id='line_1_19' title="bbox 134 2147 1115 2245; baseline -0.003 -21"><span class='ocrx_word' id='word_1_184' title='bbox 134 2151 289 2245; x_wconf 87' lang='lat' dir='ltr'>gationis</span> <span class='ocrx_word' id='word_1_185' title='bbox 303 2164 337 2222; x_wconf 91' lang='lat' dir='ltr'>et</span> <span class='ocrx_word' id='word_1_186' title='bbox 353 2150 487 2235; x_wconf 88' lang='lat' dir='ltr'>crucis,</span> <span class='ocrx_word' id='word_1_187' title='bbox 509 2164 550 2221; x_wconf 91' lang='lat' dir='ltr'>ut</span> <span class='ocrx_word' id='word_1_188' title='bbox 576 2149 613 2218; x_wconf 92' lang='lat' dir='ltr'>in</span> <span class='ocrx_word' id='word_1_189' title='bbox 627 2147 770 2226; x_wconf 87' lang='lat' dir='ltr'>Psalmo</span> <span class='ocrx_word' id='word_1_190' title='bbox 786 2147 849 2218; x_wconf 83' lang='lat'>88.</span> <span class='ocrx_word' id='word_1_191' title='bbox 871 2149 1018 2220; x_wconf 89' lang='lat' dir='ltr'>dicitnr:</span> <span class='ocrx_word' id='word_1_192' title='bbox 1049 2149 1115 2221; x_wconf 88' lang='lat' dir='ltr'>Vi-</span> 
     </span>
    </p>
   </div>
   <div class='ocr_carea' id='block_1_4' title="bbox 1301 1543 2014 1639">
    <p class='ocr_par' dir='ltr' id='par_1_14' title="bbox 1301 1543 2014 1639">
     <span class='ocr_line' id='line_1_20' title="bbox 1301 1543 2014 1639; baseline 0.01 -28"><span class='ocrx_word' id='word_1_193' title='bbox 1301 1543 1637 1639; x_wconf 65' lang='lat' dir='ltr'>,tegumentum</span> <span class='ocrx_word' id='word_1_194' title='bbox 1665 1565 1721 1613; x_wconf 88' lang='lat' dir='ltr'>ac</span> <span class='ocrx_word' id='word_1_195' title='bbox 1748 1543 2014 1637; x_wconf 81' lang='lat' dir='ltr'>dispositio</span> 
     </span>
    </p>
   </div>
   <div class='ocr_carea' id='block_1_5' title="bbox 1437 1673 1874 1766">
    <p class='ocr_par' dir='ltr' id='par_1_15' title="bbox 1437 1673 1874 1766">
     <span class='ocr_line' id='line_1_21' title="bbox 1437 1673 1874 1766; baseline 0.009 -4"><span class='ocrx_word' id='word_1_196' title='bbox 1437 1677 1598 1762; x_wconf 78' lang='lat' dir='ltr'>Psalmi</span> <span class='ocrx_word' id='word_1_197' title='bbox 1627 1673 1874 1766; x_wconf 77' lang='lat' dir='ltr'><strong>CXXXIII.</strong></span> 
     </span>
    </p>
   </div>
   <div class='ocr_carea' id='block_1_6' title="bbox 1538 1824 1772 1876">
    <p class='ocr_par' dir='ltr' id='par_1_16' title="bbox 1538 1824 1772 1876">
     <span class='ocr_line' id='line_1_22' title="bbox 1538 1824 1772 1876; baseline -0.013 0"><span class='ocrx_word' id='word_1_198' title='bbox 1538 1825 1675 1876; x_wconf 64' lang='lat' dir='ltr'>(induunt</span> <span class='ocrx_word' id='word_1_199' title='bbox 1694 1824 1772 1875; x_wconf 83' lang='lat' dir='ltr'>xtv.</span> 
     </span>
    </p>
   </div>
   <div class='ocr_carea' id='block_1_7' title="bbox 1215 1912 2129 2108">
    <p class='ocr_par' dir='ltr' id='par_1_17' title="bbox 1215 1912 2129 2108">
     <span class='ocr_line' id='line_1_23' title="bbox 1215 1912 2129 2008; baseline 0.002 -24"><span class='ocrx_word' id='word_1_200' title='bbox 1215 1916 1312 1984; x_wconf 80' lang='lat' dir='ltr'>Ecce</span> <span class='ocrx_word' id='word_1_201' title='bbox 1338 1936 1451 2008; x_wconf 82' lang='lat' dir='ltr'>qaam</span> <span class='ocrx_word' id='word_1_202' title='bbox 1476 1913 1608 1987; x_wconf 81' lang='lat' dir='ltr'>bonum</span> <span class='ocrx_word' id='word_1_203' title='bbox 1632 1925 1672 1987; x_wconf 87' lang='lat' dir='ltr'>et</span> <span class='ocrx_word' id='word_1_204' title='bbox 1698 1939 1812 2007; x_wconf 80' lang='lat' dir='ltr'>quam</span> <span class='ocrx_word' id='word_1_205' title='bbox 1836 1915 2056 1995; x_wconf 75' lang='lat' dir='ltr'>taciendam,</span> <span class='ocrx_word' id='word_1_206' title='bbox 2076 1912 2129 1986; x_wconf 83' lang='lat' dir='ltr'>iu·</span> 
     </span>
     <span class='ocr_line' id='line_1_24' title="bbox 1217 2013 1731 2108; baseline 0.002 -22"><span class='ocrx_word' id='word_1_207' title='bbox 1217 2014 1342 2087; x_wconf 79' lang='lat' dir='ltr'>ditare</span> <span class='ocrx_word' id='word_1_208' title='bbox 1362 2013 1512 2108; x_wconf 77' lang='lat' dir='ltr'>fratres</span> <span class='ocrx_word' id='word_1_209' title='bbox 1538 2021 1579 2088; x_wconf 83' lang='lat' dir='ltr'>icc</span> <span class='ocrx_word' id='word_1_210' title='bbox 1605 2039 1731 2089; x_wconf 85' lang='lat' dir='ltr'>unum.</span> 
     </span>
    </p>
   </div>
   <div class='ocr_carea' id='block_1_8' title="bbox 1268 2149 2129 2244">
    <p class='ocr_par' dir='ltr' id='par_1_18' title="bbox 1268 2149 2129 2244">
     <span class='ocr_line' id='line_1_25' title="bbox 1268 2149 2129 2244; baseline -0.003 -23"><span class='ocrx_word' id='word_1_211' title='bbox 1268 2149 1497 2244; x_wconf 83' lang='lat' dir='ltr'>Praeceptum</span> <span class='ocrx_word' id='word_1_212' title='bbox 1521 2163 1572 2221; x_wconf 90' lang='lat' dir='ltr'>est</span> <span class='ocrx_word' id='word_1_213' title='bbox 1594 2153 1640 2220; x_wconf 90' lang='lat' dir='ltr'>de</span> <span class='ocrx_word' id='word_1_214' title='bbox 1660 2150 1777 2221; x_wconf 92' lang='lat' dir='ltr'>studio</span> <span class='ocrx_word' id='word_1_215' title='bbox 1802 2152 2035 2234; x_wconf 87' lang='lat' dir='ltr'>concordiae,</span> <span class='ocrx_word' id='word_1_216' title='bbox 2069 2151 2129 2219; x_wconf 86' lang='lat' dir='ltr'>lau·</span> 
     </span>
    </p>
   </div>
   <div class='ocr_carea' id='block_1_9' title="bbox 8 2243 2175 2853">
    <p class='ocr_par' dir='ltr' id='par_1_19' title="bbox 8 2243 2129 2552">
     <span class='ocr_line' id='line_1_26' title="bbox 133 2243 2129 2346; baseline -0.003 -19"><span class='ocrx_word' id='word_1_217' title='bbox 133 2256 247 2327; x_wconf 90' lang='lat' dir='ltr'>sitabo</span> <span class='ocrx_word' id='word_1_218' title='bbox 262 2253 301 2323; x_wconf 90' lang='lat' dir='ltr'>in</span> <span class='ocrx_word' id='word_1_219' title='bbox 319 2253 419 2342; x_wconf 91' lang='lat' dir='ltr'>virga·</span> <span class='ocrx_word' id='word_1_220' title='bbox 432 2251 655 2344; x_wconf 88' lang='lat' dir='ltr'>iniquitatem</span> <span class='ocrx_word' id='word_1_221' title='bbox 671 2274 813 2332; x_wconf 86' lang='lat' dir='ltr'>eorum,</span> <span class='ocrx_word' id='word_1_222' title='bbox 836 2250 1115 2325; x_wconf 88' lang='lat' dir='ltr'>misericordiam</span> <span class='ocrx_word' id='word_1_223' title='bbox 1168 2254 1287 2322; x_wconf 88' lang='lat' dir='ltr'>dando</span> <span class='ocrx_word' id='word_1_224' title='bbox 1301 2252 1396 2321; x_wconf 90' lang='lat' dir='ltr'>enim</span> <span class='ocrx_word' id='word_1_225' title='bbox 1417 2243 1604 2346; x_wconf 87' lang='lat' dir='ltr'>praecipit,</span> <span class='ocrx_word' id='word_1_226' title='bbox 1632 2265 1671 2323; x_wconf 92' lang='lat' dir='ltr'>ut</span> <span class='ocrx_word' id='word_1_227' title='bbox 1685 2276 1760 2321; x_wconf 90' lang='lat' dir='ltr'>eam</span> <span class='ocrx_word' id='word_1_228' title='bbox 1778 2265 1957 2324; x_wconf 90' lang='lat' dir='ltr'>tucemuc:</span> <span class='ocrx_word' id='word_1_229' title='bbox 1983 2269 2017 2326; x_wconf 90' lang='lat' dir='ltr'>et</span> <span class='ocrx_word' id='word_1_230' title='bbox 2031 2265 2129 2344; x_wconf 87' lang='lat' dir='ltr'>postea</span> 
     </span>
     <span class='ocr_line' id='line_1_27' title="bbox 134 2351 2129 2446; baseline -0.005 -17"><span class='ocrx_word' id='word_1_231' title='bbox 134 2372 251 2429; x_wconf 88' lang='lat' dir='ltr'>autem</span> <span class='ocrx_word' id='word_1_232' title='bbox 266 2377 379 2424; x_wconf 89' lang='lat' dir='ltr'>meam</span> <span class='ocrx_word' id='word_1_233' title='bbox 396 2377 470 2423; x_wconf 92' lang='lat' dir='ltr'>uon</span> <span class='ocrx_word' id='word_1_234' title='bbox 489 2354 645 2424; x_wconf 79' lang='lat' dir='ltr'>auferam</span> <span class='ocrx_word' id='word_1_235' title='bbox 660 2352 783 2424; x_wconf 90' lang='lat' dir='ltr'>abeis.</span> <span class='ocrx_word' id='word_1_236' title='bbox 1168 2355 1268 2425; x_wconf 87' lang='lat' dir='ltr'>addit</span> <span class='ocrx_word' id='word_1_237' title='bbox 1285 2354 1571 2446; x_wconf 89' lang='lat' dir='ltr'>promissionem.</span> <span class='ocrx_word' id='word_1_238' title='bbox 1617 2351 1750 2424; x_wconf 90' lang='lat' dir='ltr'>Notum</span> <span class='ocrx_word' id='word_1_239' title='bbox 1767 2367 1820 2424; x_wconf 89' lang='lat' dir='ltr'>est</span> <span class='ocrx_word' id='word_1_240' title='bbox 1832 2370 1953 2426; x_wconf 89' lang='lat' dir='ltr'>autem</span> <span class='ocrx_word' id='word_1_241' title='bbox 1969 2368 2074 2426; x_wconf 89' lang='lat' dir='ltr'>totam</span> <span class='ocrx_word' id='word_1_242' title='bbox 2093 2353 2129 2420; x_wconf 79' lang='lat' dir='ltr'>le</span> 
     </span>
     <span class='ocr_line' id='line_1_28' title="bbox 8 2453 2129 2552; baseline -0.003 -25"><span class='ocrx_word' id='word_1_243' title='bbox 8 2549 10 2552; x_wconf 16' lang='grc' dir='ltr'>Ι</span> <span class='ocrx_word' id='word_1_244' title='bbox 236 2455 352 2527; x_wconf 88' lang='lat' dir='ltr'>Versu</span> <span class='ocrx_word' id='word_1_245' title='bbox 368 2454 631 2540; x_wconf 89' lang='lat' dir='ltr'>decimotertio,</span> <span class='ocrx_word' id='word_1_246' title='bbox 658 2466 692 2524; x_wconf 94' lang='grc' dir='ltr'>ει</span> <span class='ocrx_word' id='word_1_247' title='bbox 709 2453 895 2544; x_wconf 90' lang='lat' dir='ltr'>deinceps,</span> <span class='ocrx_word' id='word_1_248' title='bbox 933 2453 1118 2545; x_wconf 89' lang='lat' dir='ltr'>coniungit</span> <span class='ocrx_word' id='word_1_249' title='bbox 1168 2478 1245 2546; x_wconf 91' lang='lat' dir='ltr'>gem</span> <span class='ocrx_word' id='word_1_250' title='bbox 1263 2456 1463 2548; x_wconf 90' lang='lat' dir='ltr'>praecipere</span> <span class='ocrx_word' id='word_1_251' title='bbox 1479 2458 1523 2527; x_wconf 93' lang='lat' dir='ltr'>de</span> <span class='ocrx_word' id='word_1_252' title='bbox 1535 2456 1726 2527; x_wconf 90' lang='lat' dir='ltr'>dilectione</span> <span class='ocrx_word' id='word_1_253' title='bbox 1742 2453 1810 2525; x_wconf 92' lang='lat' dir='ltr'>Dei</span> <span class='ocrx_word' id='word_1_254' title='bbox 1826 2469 1860 2526; x_wconf 91' lang='lat' dir='ltr'>et</span> <span class='ocrx_word' id='word_1_255' title='bbox 1870 2456 2045 2548; x_wconf 81' lang='lat' dir='ltr'>proximi,</span> <span class='ocrx_word' id='word_1_256' title='bbox 2065 2455 2129 2548; x_wconf 90' lang='lat' dir='ltr'>quia</span> 
     </span>
    </p>

    <p class='ocr_par' dir='ltr' id='par_1_20' title="bbox 17 2552 2175 2853">
     <span class='ocr_line' id='line_1_29' title="bbox 135 2552 2130 2653; baseline -0.003 -24"><span class='ocrx_word' id='word_1_257' title='bbox 135 2558 390 2653; x_wconf 89' lang='lat' dir='ltr'>promissiones</span> <span class='ocrx_word' id='word_1_258' title='bbox 404 2552 614 2626; x_wconf 85' lang='lat' dir='ltr'>deDomino</span> <span class='ocrx_word' id='word_1_259' title='bbox 629 2569 665 2626; x_wconf 90' lang='lat' dir='ltr'>et</span> <span class='ocrx_word' id='word_1_260' title='bbox 680 2557 724 2624; x_wconf 91' lang='lat' dir='ltr'>de</span> <span class='ocrx_word' id='word_1_261' title='bbox 739 2555 845 2625; x_wconf 93' lang='lat' dir='ltr'>rebus</span> <span class='ocrx_word' id='word_1_262' title='bbox 862 2557 1117 2647; x_wconf 90' lang='lat' dir='ltr'>corporalibus.</span> <span class='ocrx_word' id='word_1_263' title='bbox 1168 2555 1266 2629; x_wconf 89' lang='lat' dir='ltr'>Deus</span> <span class='ocrx_word' id='word_1_264' title='bbox 1288 2558 1336 2628; x_wconf 87' lang='lat' dir='ltr'>ita</span> <span class='ocrx_word' id='word_1_265' title='bbox 1358 2558 1519 2629; x_wconf 91' lang='lat' dir='ltr'>condidit</span> <span class='ocrx_word' id='word_1_266' title='bbox 1540 2579 1652 2647; x_wconf 86' lang='lat' dir='ltr'>genus</span> <span class='ocrx_word' id='word_1_267' title='bbox 1673 2552 1894 2644; x_wconf 91' lang='lat' dir='ltr'>humanum,</span> <span class='ocrx_word' id='word_1_268' title='bbox 1928 2572 1966 2629; x_wconf 91' lang='lat' dir='ltr'>et</span> <span class='ocrx_word' id='word_1_269' title='bbox 1987 2560 2063 2628; x_wconf 89' lang='lat' dir='ltr'>vult</span> <span class='ocrx_word' id='word_1_270' title='bbox 2080 2577 2130 2624; x_wconf 92' lang='lat' dir='ltr'>nos</span> 
     </span>
     <span class='ocr_line' id='line_1_30' title="bbox 17 2653 2175 2752; baseline -0.002 -20"><span class='ocrx_word' id='word_1_271' title='bbox 17 2661 58 2744; x_wconf 56' lang='lat' dir='ltr'><strong><em>J</em></strong></span> <span class='ocrx_word' id='word_1_272' title='bbox 137 2660 314 2732; x_wconf 80' lang='lat' dir='ltr'>Adfirmat</span> <span class='ocrx_word' id='word_1_273' title='bbox 340 2658 379 2727; x_wconf 94' lang='lat' dir='ltr'>in</span> <span class='ocrx_word' id='word_1_274' title='bbox 405 2657 473 2726; x_wconf 90' lang='lat' dir='ltr'>isto</span> <span class='ocrx_word' id='word_1_275' title='bbox 497 2657 633 2748; x_wconf 86' lang='lat' dir='ltr'>&#39;populo</span> <span class='ocrx_word' id='word_1_276' title='bbox 666 2657 742 2727; x_wconf 81' lang='lat' dir='ltr'>tore</span> <span class='ocrx_word' id='word_1_277' title='bbox 766 2653 983 2743; x_wconf 86' lang='lat' dir='ltr'>Ecclesiam,</span> <span class='ocrx_word' id='word_1_278' title='bbox 1022 2657 1118 2729; x_wconf 81' lang='lat' dir='ltr'>iuxta</span> <span class='ocrx_word' id='word_1_279' title='bbox 1170 2659 1239 2730; x_wconf 92' lang='lat' dir='ltr'>sibi</span> <span class='ocrx_word' id='word_1_280' title='bbox 1256 2660 1747 2752; x_wconf 85' lang='lat' dir='ltr'>tanquamcapitiadiunctos</span> <span class='ocrx_word' id='word_1_281' title='bbox 1764 2683 1856 2745; x_wconf 90' lang='lat' dir='ltr'>esse,</span> <span class='ocrx_word' id='word_1_282' title='bbox 1878 2673 2049 2732; x_wconf 92' lang='lat' dir='ltr'>etsecum</span> <span class='ocrx_word' id='word_1_283' title='bbox 2064 2681 2131 2727; x_wconf 89' lang='lat' dir='ltr'>con·</span> <span class='ocrx_word' id='word_1_284' title='bbox 2174 2720 2175 2724; x_wconf 71' lang='grc'><strong>,</strong></span> 
     </span>
     <span class='ocr_line' id='line_1_31' title="bbox 136 2750 2130 2853; baseline -0.004 -20"><span class='ocrx_word' id='word_1_285' title='bbox 136 2758 223 2833; x_wconf 91' lang='lat' dir='ltr'>haec</span> <span class='ocrx_word' id='word_1_286' title='bbox 253 2760 375 2830; x_wconf 88' lang='lat' dir='ltr'>verba:</span> <span class='ocrx_word' id='word_1_287' title='bbox 416 2753 547 2852; x_wconf 78' lang='lat' dir='ltr'>Elegit</span> <span class='ocrx_word' id='word_1_288' title='bbox 577 2781 657 2828; x_wconf 86' lang='lat' dir='ltr'>eam</span> <span class='ocrx_word' id='word_1_289' title='bbox 685 2755 725 2826; x_wconf 83' lang='lat' dir='ltr'>in</span> <span class='ocrx_word' id='word_1_290' title='bbox 748 2750 1017 2830; x_wconf 80' lang='lat' dir='ltr'>habitationem</span> <span class='ocrx_word' id='word_1_291' title='bbox 1033 2756 1119 2842; x_wconf 87' lang='lat' dir='ltr'>sibi,</span> <span class='ocrx_word' id='word_1_292' title='bbox 1170 2784 1313 2853; x_wconf 84' lang='lat' dir='ltr'>gruere,</span> <span class='ocrx_word' id='word_1_293' title='bbox 1337 2760 1411 2830; x_wconf 93' lang='lat' dir='ltr'>imo</span> <span class='ocrx_word' id='word_1_294' title='bbox 1426 2761 1505 2833; x_wconf 89' lang='lat' dir='ltr'>vult</span> <span class='ocrx_word' id='word_1_295' title='bbox 1520 2785 1587 2830; x_wconf 92' lang='lat' dir='ltr'>nos</span> <span class='ocrx_word' id='word_1_296' title='bbox 1601 2784 1664 2831; x_wconf 90' lang='lat' dir='ltr'>sua</span> <span class='ocrx_word' id='word_1_297' title='bbox 1683 2761 1811 2852; x_wconf 91' lang='lat' dir='ltr'>templa</span> <span class='ocrx_word' id='word_1_298' title='bbox 1827 2784 1923 2848; x_wconf 90' lang='lat' dir='ltr'>esse,</span> <span class='ocrx_word' id='word_1_299' title='bbox 1959 2756 2063 2832; x_wconf 90' lang='lat' dir='ltr'>nobis</span> <span class='ocrx_word' id='word_1_300' title='bbox 2075 2781 2130 2829; x_wconf 86' lang='lat' dir='ltr'>sese</span> 
     </span>
    </p>
   </div>
   <div class='ocr_carea' id='block_1_10' title="bbox 137 2855 1120 3261">
    <p class='ocr_par' dir='ltr' id='par_1_21' title="bbox 137 2855 1120 3261">
     <span class='ocr_line' id='line_1_32' title="bbox 137 2855 1119 2947; baseline -0.001 -14"><span class='ocrx_word' id='word_1_301' title='bbox 137 2865 242 2934; x_wconf 89' lang='lat' dir='ltr'>item:</span> <span class='ocrx_word' id='word_1_302' title='bbox 275 2855 490 2932; x_wconf 82' lang='lat' dir='ltr'>Sacerdotes</span> <span class='ocrx_word' id='word_1_303' title='bbox 505 2859 582 2930; x_wconf 86' lang='lat' dir='ltr'>eius</span> <span class='ocrx_word' id='word_1_304' title='bbox 597 2855 753 2930; x_wconf 84' lang='lat' dir='ltr'>induam</span> <span class='ocrx_word' id='word_1_305' title='bbox 767 2856 908 2942; x_wconf 85' lang='lat' dir='ltr'>salute,</span> <span class='ocrx_word' id='word_1_306' title='bbox 933 2861 1054 2947; x_wconf 88' lang='lat' dir='ltr'>idest,</span> <span class='ocrx_word' id='word_1_307' title='bbox 1069 2862 1119 2932; x_wconf 82' lang='lat' dir='ltr'>el-</span> 
     </span>
     <span class='ocr_line' id='line_1_33' title="bbox 137 2962 1119 3039; baseline -0.001 -4"><span class='ocrx_word' id='word_1_308' title='bbox 137 2965 251 3036; x_wconf 87' lang='lat' dir='ltr'>ficiam</span> <span class='ocrx_word' id='word_1_309' title='bbox 268 2978 308 3035; x_wconf 89' lang='lat' dir='ltr'>ut</span> <span class='ocrx_word' id='word_1_310' title='bbox 323 2963 558 3039; x_wconf 90' lang='lat' dir='ltr'>ministerium</span> <span class='ocrx_word' id='word_1_311' title='bbox 574 2962 757 3032; x_wconf 86' lang='lat' dir='ltr'>doetrinae</span> <span class='ocrx_word' id='word_1_312' title='bbox 770 2963 817 3034; x_wconf 92' lang='lat' dir='ltr'>sit</span> <span class='ocrx_word' id='word_1_313' title='bbox 832 2982 955 3032; x_wconf 89' lang='lat' dir='ltr'>verum</span> <span class='ocrx_word' id='word_1_314' title='bbox 971 2976 1004 3034; x_wconf 93' lang='lat' dir='ltr'>et</span> <span class='ocrx_word' id='word_1_315' title='bbox 1024 2963 1119 3034; x_wconf 91' lang='lat' dir='ltr'>salu-</span> 
     </span>
     <span class='ocr_line' id='line_1_34' title="bbox 138 3060 1120 3146; baseline -0.006 -7"><span class='ocrx_word' id='word_1_316' title='bbox 138 3081 223 3140; x_wconf 89' lang='lat' dir='ltr'>tare.</span> <span class='ocrx_word' id='word_1_317' title='bbox 276 3060 332 3133; x_wconf 88' lang='lat' dir='ltr'>Et</span> <span class='ocrx_word' id='word_1_318' title='bbox 348 3063 470 3135; x_wconf 87' lang='lat' dir='ltr'>sancti</span> <span class='ocrx_word' id='word_1_319' title='bbox 483 3062 562 3136; x_wconf 86' lang='lat' dir='ltr'>eius</span> <span class='ocrx_word' id='word_1_320' title='bbox 577 3060 835 3146; x_wconf 85' lang='lat' dir='ltr'>laetabuntur,</span> <span class='ocrx_word' id='word_1_321' title='bbox 860 3063 899 3133; x_wconf 92' lang='lat' dir='ltr'>id</span> <span class='ocrx_word' id='word_1_322' title='bbox 921 3078 989 3146; x_wconf 91' lang='lat' dir='ltr'>est,</span> <span class='ocrx_word' id='word_1_323' title='bbox 1015 3077 1120 3135; x_wconf 90' lang='lat' dir='ltr'>erunt</span> 
     </span>
     <span class='ocr_line' id='line_1_35' title="bbox 138 3163 1119 3261; baseline -0.002 -22"><span class='ocrx_word' id='word_1_324' title='bbox 138 3167 252 3261; x_wconf 89' lang='lat' dir='ltr'>aliqui</span> <span class='ocrx_word' id='word_1_325' title='bbox 266 3167 304 3236; x_wconf 95' lang='lat' dir='ltr'>in</span> <span class='ocrx_word' id='word_1_326' title='bbox 320 3163 388 3238; x_wconf 91' lang='lat' dir='ltr'>boc</span> <span class='ocrx_word' id='word_1_327' title='bbox 406 3166 539 3259; x_wconf 93' lang='lat' dir='ltr'>populo</span> <span class='ocrx_word' id='word_1_328' title='bbox 555 3166 676 3252; x_wconf 90' lang='lat' dir='ltr'>electi,</span> <span class='ocrx_word' id='word_1_329' title='bbox 703 3166 765 3259; x_wconf 91' lang='lat' dir='ltr'>qui</span> <span class='ocrx_word' id='word_1_330' title='bbox 781 3165 955 3257; x_wconf 88' lang='lat' dir='ltr'>accipient</span> <span class='ocrx_word' id='word_1_331' title='bbox 977 3182 1119 3239; x_wconf 88' lang='lat' dir='ltr'>aeterna</span> 
     </span>
    </p>
   </div>
   <div class='ocr_carea' id='block_1_11' title="bbox 24 3265 469 3341">
    <p class='ocr_par' dir='ltr' id='par_1_22' title="bbox 24 3265 469 3341">
     <span class='ocr_line' id='line_1_36' title="bbox 24 3265 469 3341; baseline -0.016 2"><span class='ocrx_word' id='word_1_332' title='bbox 24 3272 27 3281; x_wconf 66' lang='lat'>‘</span> <span class='ocrx_word' id='word_1_333' title='bbox 137 3271 232 3341; x_wconf 92' lang='lat' dir='ltr'>bona</span> <span class='ocrx_word' id='word_1_334' title='bbox 247 3269 285 3338; x_wconf 90' lang='lat' dir='ltr'>in</span> <span class='ocrx_word' id='word_1_335' title='bbox 302 3265 469 3339; x_wconf 86' lang='lat' dir='ltr'>Ecclesia.</span> 
     </span>
    </p>
   </div>
   <div class='ocr_carea' id='block_1_12' title="bbox 30 3362 1120 4467">
    <p class='ocr_par' dir='ltr' id='par_1_23' title="bbox 240 3362 1119 3466">
     <span class='ocr_line' id='line_1_37' title="bbox 240 3362 1119 3466; baseline 0.002 -27"><span class='ocrx_word' id='word_1_336' title='bbox 240 3366 308 3439; x_wconf 85' lang='lat' dir='ltr'>Ibi</span> <span class='ocrx_word' id='word_1_337' title='bbox 316 3365 519 3466; x_wconf 85' lang='lat' dir='ltr'>producam</span> <span class='ocrx_word' id='word_1_338' title='bbox 541 3391 652 3438; x_wconf 85' lang='lat' dir='ltr'>cornu</span> <span class='ocrx_word' id='word_1_339' title='bbox 668 3362 835 3450; x_wconf 67' lang='lat' dir='ltr'>Doridi,</span> <span class='ocrx_word' id='word_1_340' title='bbox 870 3369 908 3438; x_wconf 92' lang='lat' dir='ltr'>id</span> <span class='ocrx_word' id='word_1_341' title='bbox 934 3383 1003 3455; x_wconf 90' lang='grc' dir='ltr'><strong>εει,</strong></span> <span class='ocrx_word' id='word_1_342' title='bbox 1036 3370 1119 3441; x_wconf 92' lang='lat' dir='ltr'>mit-</span> 
     </span>
    </p>

    <p class='ocr_par' dir='ltr' id='par_1_24' title="bbox 30 3465 1120 4467">
     <span class='ocr_line' id='line_1_38' title="bbox 136 3465 1119 3552; baseline -0.005 -6"><span class='ocrx_word' id='word_1_343' title='bbox 136 3491 209 3549; x_wconf 90' lang='lat' dir='ltr'>tam</span> <span class='ocrx_word' id='word_1_344' title='bbox 227 3471 360 3543; x_wconf 82' lang='lat' dir='ltr'>Filium</span> <span class='ocrx_word' id='word_1_345' title='bbox 376 3495 494 3541; x_wconf 90' lang='lat' dir='ltr'>meum</span> <span class='ocrx_word' id='word_1_346' title='bbox 512 3472 762 3552; x_wconf 91' lang='lat' dir='ltr'>redemtorem,</span> <span class='ocrx_word' id='word_1_347' title='bbox 780 3465 876 3546; x_wconf 93' lang='lat' dir='ltr'>bunc</span> <span class='ocrx_word' id='word_1_348' title='bbox 891 3472 972 3540; x_wconf 90' lang='lat' dir='ltr'>volo</span> <span class='ocrx_word' id='word_1_349' title='bbox 989 3471 1040 3542; x_wconf 94' lang='lat' dir='ltr'>ibi</span> <span class='ocrx_word' id='word_1_350' title='bbox 1056 3495 1119 3541; x_wconf 90' lang='lat' dir='ltr'>na-</span> 
     </span>
     <span class='ocr_line' id='line_1_39' title="bbox 30 3570 1119 3652; baseline -0.002 -4"><span class='ocrx_word' id='word_1_351' title='bbox 30 3579 36 3590; x_wconf 90' lang='lat'>&#39;</span> <span class='ocrx_word' id='word_1_352' title='bbox 138 3577 188 3652; x_wconf 90' lang='lat' dir='ltr'>sci</span> <span class='ocrx_word' id='word_1_353' title='bbox 204 3588 240 3646; x_wconf 92' lang='lat' dir='ltr'>et</span> <span class='ocrx_word' id='word_1_354' title='bbox 255 3575 441 3644; x_wconf 88' lang='lat' dir='ltr'>ostendere</span> <span class='ocrx_word' id='word_1_355' title='bbox 455 3571 507 3643; x_wconf 90' lang='lat' dir='ltr'>ibi</span> <span class='ocrx_word' id='word_1_356' title='bbox 532 3594 613 3643; x_wconf 90' lang='lat' dir='ltr'>suas</span> <span class='ocrx_word' id='word_1_357' title='bbox 636 3570 803 3643; x_wconf 89' lang='lat' dir='ltr'>victorias</span> <span class='ocrx_word' id='word_1_358' title='bbox 825 3573 863 3642; x_wconf 90' lang='lat' dir='ltr'>in</span> <span class='ocrx_word' id='word_1_359' title='bbox 885 3596 989 3644; x_wconf 88' lang='lat' dir='ltr'>cruce</span> <span class='ocrx_word' id='word_1_360' title='bbox 1011 3587 1045 3644; x_wconf 90' lang='lat' dir='ltr'>et</span> <span class='ocrx_word' id='word_1_361' title='bbox 1062 3597 1119 3646; x_wconf 88' lang='lat' dir='ltr'>re-</span> 
     </span>
     <span class='ocr_line' id='line_1_40' title="bbox 140 3675 845 3750; baseline -0.013 1"><span class='ocrx_word' id='word_1_362' title='bbox 140 3675 367 3750; x_wconf 86' lang='lat' dir='ltr'>surrectione.</span> <span class='ocrx_word' id='word_1_363' title='bbox 503 3687 507 3693; x_wconf 85' lang='lat'>&#39;</span> <span class='ocrx_word' id='word_1_364' title='bbox 717 3735 719 3739; x_wconf 95' lang='lat'>.</span> <span class='ocrx_word' id='word_1_365' title='bbox 843 3729 845 3733; x_wconf 93' lang='lat'>.</span> 
     </span>
     <span class='ocr_line' id='line_1_41' title="bbox 240 3770 1120 3871; baseline -0.007 -21"><span class='ocrx_word' id='word_1_366' title='bbox 240 3776 411 3871; x_wconf 90' lang='lat' dir='ltr'>Sequitur</span> <span class='ocrx_word' id='word_1_367' title='bbox 433 3775 596 3869; x_wconf 86' lang='lat' dir='ltr'>repetitio</span> <span class='ocrx_word' id='word_1_368' title='bbox 621 3776 778 3847; x_wconf 89' lang='lat' dir='ltr'>eiusdem</span> <span class='ocrx_word' id='word_1_369' title='bbox 809 3776 1020 3847; x_wconf 88' lang='lat' dir='ltr'>sententiae:</span> <span class='ocrx_word' id='word_1_370' title='bbox 1055 3770 1120 3844; x_wconf 85' lang='lat' dir='ltr'>Ibi</span> 
     </span>
     <span class='ocr_line' id='line_1_42' title="bbox 137 3872 1119 3973; baseline -0.01 -19"><span class='ocrx_word' id='word_1_371' title='bbox 137 3877 325 3954; x_wconf 81' lang='lat' dir='ltr'>adornavi</span> <span class='ocrx_word' id='word_1_372' title='bbox 341 3876 420 3973; x_wconf 81' lang='lat' dir='ltr'>regi</span> <span class='ocrx_word' id='word_1_373' title='bbox 433 3900 528 3959; x_wconf 90' lang='lat' dir='ltr'>meo,</span> <span class='ocrx_word' id='word_1_374' title='bbox 550 3877 700 3958; x_wconf 91' lang='lat' dir='ltr'>seilicet,</span> <span class='ocrx_word' id='word_1_375' title='bbox 716 3876 860 3952; x_wconf 88' lang='lat' dir='ltr'>Davidi.</span> <span class='ocrx_word' id='word_1_376' title='bbox 892 3872 1119 3961; x_wconf 83' lang='lat' dir='ltr'>Lucernam,</span> 
     </span>
     <span class='ocr_line' id='line_1_43' title="bbox 105 3979 1120 4072; baseline -0.01 -15"><span class='ocrx_word' id='word_1_377' title='bbox 105 4055 110 4065; x_wconf 84' lang='grc'><strong>,</strong></span> <span class='ocrx_word' id='word_1_378' title='bbox 137 3988 177 4057; x_wconf 92' lang='lat' dir='ltr'>id</span> <span class='ocrx_word' id='word_1_379' title='bbox 190 3997 262 4067; x_wconf 90' lang='lat' dir='ltr'>est,</span> <span class='ocrx_word' id='word_1_380' title='bbox 287 3981 422 4053; x_wconf 81' lang='lat' dir='ltr'>Filium</span> <span class='ocrx_word' id='word_1_381' title='bbox 438 4003 555 4047; x_wconf 90' lang='lat' dir='ltr'>meum</span> <span class='ocrx_word' id='word_1_382' title='bbox 573 3979 634 4072; x_wconf 91' lang='lat' dir='ltr'>qui</span> <span class='ocrx_word' id='word_1_383' title='bbox 650 3991 701 4049; x_wconf 89' lang='lat' dir='ltr'>est</span> <span class='ocrx_word' id='word_1_384' title='bbox 716 3979 856 4064; x_wconf 90' lang='lat' dir='ltr'>lumen,</span> <span class='ocrx_word' id='word_1_385' title='bbox 882 3982 1007 4059; x_wconf 86' lang='lat' dir='ltr'>idest,</span> <span class='ocrx_word' id='word_1_386' title='bbox 1033 4003 1120 4048; x_wconf 89' lang='lat' dir='ltr'>con-</span> 
     </span>
     <span class='ocr_line' id='line_1_44' title="bbox 138 4079 1120 4166; baseline -0.013 -4"><span class='ocrx_word' id='word_1_387' title='bbox 138 4089 274 4162; x_wconf 85' lang='lat' dir='ltr'>solator</span> <span class='ocrx_word' id='word_1_388' title='bbox 284 4097 319 4155; x_wconf 90' lang='lat' dir='ltr'>et</span> <span class='ocrx_word' id='word_1_389' title='bbox 334 4079 659 4154; x_wconf 84' lang='lat' dir='ltr'>liberatorDauidis</span> <span class='ocrx_word' id='word_1_390' title='bbox 673 4093 707 4150; x_wconf 90' lang='lat' dir='ltr'>et</span> <span class='ocrx_word' id='word_1_391' title='bbox 719 4080 871 4150; x_wconf 89' lang='lat' dir='ltr'>aliorum</span> <span class='ocrx_word' id='word_1_392' title='bbox 888 4080 1120 4166; x_wconf 90' lang='lat' dir='ltr'>credentium,</span> 
     </span>
     <span class='ocr_line' id='line_1_45' title="bbox 137 4176 1120 4281; baseline -0.011 -19"><span class='ocrx_word' id='word_1_393' title='bbox 137 4214 220 4262; x_wconf 88' lang='lat' dir='ltr'>nam</span> <span class='ocrx_word' id='word_1_394' title='bbox 240 4200 385 4281; x_wconf 90' lang='lat' dir='ltr'>propter</span> <span class='ocrx_word' id='word_1_395' title='bbox 407 4177 503 4254; x_wconf 89' lang='lat' dir='ltr'>hunc</span> <span class='ocrx_word' id='word_1_396' title='bbox 528 4182 675 4253; x_wconf 88' lang='lat' dir='ltr'>servabo</span> <span class='ocrx_word' id='word_1_397' title='bbox 698 4176 790 4255; x_wconf 89' lang='lat' dir='ltr'>hanc</span> <span class='ocrx_word' id='word_1_398' title='bbox 809 4182 983 4273; x_wconf 89' lang='lat' dir='ltr'>politiam.</span> <span class='ocrx_word' id='word_1_399' title='bbox 1042 4178 1120 4254; x_wconf 76' lang='lat' dir='ltr'>Ad-</span> 
     </span>
     <span class='ocr_line' id='line_1_46' title="bbox 94 4277 1119 4384; baseline -0.012 -19"><span class='ocrx_word' id='word_1_400' title='bbox 94 4367 97 4372; x_wconf 16' lang='grc' dir='ltr'><em>Α</em></span> <span class='ocrx_word' id='word_1_401' title='bbox 137 4295 278 4364; x_wconf 88' lang='lat' dir='ltr'>ditaest</span> <span class='ocrx_word' id='word_1_402' title='bbox 301 4277 489 4384; x_wconf 82' lang='lat' dir='ltr'>promissio</span> <span class='ocrx_word' id='word_1_403' title='bbox 513 4283 722 4384; x_wconf 88' lang='lat' dir='ltr'>corporalis:</span> <span class='ocrx_word' id='word_1_404' title='bbox 760 4279 803 4357; x_wconf 85' lang='lat' dir='ltr'><em>V</em></span> <span class='ocrx_word' id='word_1_405' title='bbox 799 4281 891 4356; x_wconf 85' lang='lat' dir='ltr'>ictui</span> <span class='ocrx_word' id='word_1_406' title='bbox 913 4283 990 4356; x_wconf 86' lang='lat' dir='ltr'>eius</span> <span class='ocrx_word' id='word_1_407' title='bbox 1015 4282 1119 4355; x_wconf 84' lang='lat' dir='ltr'>bene-</span> 
     </span>
     <span class='ocr_line' id='line_1_47' title="bbox 139 4387 399 4467; baseline -0.004 -3"><span class='ocrx_word' id='word_1_408' title='bbox 139 4390 273 4467; x_wconf 82' lang='lat' dir='ltr'>dicam.</span> <span class='ocrx_word' id='word_1_409' title='bbox 393 4387 399 4394; x_wconf 75' lang='grc'><strong>’</strong></span> 
     </span>
    </p>
   </div>
   <div class='ocr_carea' id='block_1_13' title="bbox 298 4535 960 4649">
    <p class='ocr_par' dir='ltr' id='par_1_25' title="bbox 298 4535 960 4649">
     <span class='ocr_line' id='line_1_48' title="bbox 298 4535 960 4649; baseline -0.011 -20"><span class='ocrx_word' id='word_1_410' title='bbox 298 4535 566 4649; x_wconf 72' lang='lat' dir='ltr'>applicatio</span> <span class='ocrx_word' id='word_1_411' title='bbox 593 4545 764 4630; x_wconf 69' lang='lat' dir='ltr'>Psalmi</span> <span class='ocrx_word' id='word_1_412' title='bbox 786 4549 840 4620; x_wconf 76' lang='lat' dir='ltr'>aa</span> <span class='ocrx_word' id='word_1_413' title='bbox 867 4572 960 4623; x_wconf 69' lang='lat' dir='ltr'>noc.</span> 
     </span>
    </p>
   </div>
   <div class='ocr_carea' id='block_1_14' title="bbox 137 4683 1119 4984">
    <p class='ocr_par' dir='ltr' id='par_1_26' title="bbox 137 4683 1119 4984">
     <span class='ocr_line' id='line_1_49' title="bbox 239 4683 1118 4769; baseline -0.002 -7"><span class='ocrx_word' id='word_1_414' title='bbox 239 4689 290 4762; x_wconf 90' lang='lat' dir='ltr'>Ut</span> <span class='ocrx_word' id='word_1_415' title='bbox 305 4704 422 4761; x_wconf 89' lang='lat' dir='ltr'>autem</span> <span class='ocrx_word' id='word_1_416' title='bbox 441 4687 546 4758; x_wconf 91' lang='lat' dir='ltr'>initio</span> <span class='ocrx_word' id='word_1_417' title='bbox 564 4684 786 4769; x_wconf 90' lang='lat' dir='ltr'>dictumest,</span> <span class='ocrx_word' id='word_1_418' title='bbox 822 4683 890 4754; x_wconf 90' lang='lat' dir='ltr'>tria</span> <span class='ocrx_word' id='word_1_419' title='bbox 911 4708 985 4756; x_wconf 88' lang='lat' dir='ltr'>esse</span> <span class='ocrx_word' id='word_1_420' title='bbox 1006 4711 1118 4760; x_wconf 90' lang='lat' dir='ltr'>mem-</span> 
     </span>
     <span class='ocr_line' id='line_1_50' title="bbox 137 4782 1119 4874; baseline 0.003 -14"><span class='ocrx_word' id='word_1_421' title='bbox 137 4790 201 4860; x_wconf 90' lang='lat' dir='ltr'>bra</span> <span class='ocrx_word' id='word_1_422' title='bbox 215 4785 322 4859; x_wconf 87' lang='lat' dir='ltr'>huius</span> <span class='ocrx_word' id='word_1_423' title='bbox 338 4788 491 4874; x_wconf 89' lang='lat' dir='ltr'>Psalmi,</span> <span class='ocrx_word' id='word_1_424' title='bbox 506 4786 768 4868; x_wconf 90' lang='lat' dir='ltr'>Precatiouem‚</span> <span class='ocrx_word' id='word_1_425' title='bbox 785 4782 994 4858; x_wconf 81' lang='lat' dir='ltr'>Gratiarum</span> <span class='ocrx_word' id='word_1_426' title='bbox 1007 4791 1119 4863; x_wconf 89' lang='lat' dir='ltr'>actio-</span> 
     </span>
     <span class='ocr_line' id='line_1_51' title="bbox 138 4883 1117 4984; baseline 0.005 -25"><span class='ocrx_word' id='word_1_427' title='bbox 138 4914 241 4966; x_wconf 86' lang='lat' dir='ltr'>nem,</span> <span class='ocrx_word' id='word_1_428' title='bbox 274 4903 308 4958; x_wconf 91' lang='lat' dir='ltr'>et</span> <span class='ocrx_word' id='word_1_429' title='bbox 329 4890 603 4961; x_wconf 88' lang='lat' dir='ltr'>Promissiones:</span> <span class='ocrx_word' id='word_1_430' title='bbox 639 4889 687 4958; x_wconf 88' lang='lat' dir='ltr'>ita</span> <span class='ocrx_word' id='word_1_431' title='bbox 708 4887 859 4959; x_wconf 89' lang='lat' dir='ltr'>sciamus</span> <span class='ocrx_word' id='word_1_432' title='bbox 881 4883 973 4958; x_wconf 90' lang='lat' dir='ltr'>hanc</span> <span class='ocrx_word' id='word_1_433' title='bbox 995 4915 1117 4984; x_wconf 88' lang='lat' dir='ltr'>preca·</span> 
     </span>
    </p>
   </div>
   <div class='ocr_carea' id='block_1_15' title="bbox 1168 2860 2175 4990">
    <p class='ocr_par' dir='ltr' id='par_1_27' title="bbox 1168 2860 2175 4885">
     <span class='ocr_line' id='line_1_52' title="bbox 1170 2860 2129 2953; baseline -0.006 -20"><span class='ocrx_word' id='word_1_434' title='bbox 1170 2860 1453 2944; x_wconf 85' lang='lat' dir='ltr'>communicare,</span> <span class='ocrx_word' id='word_1_435' title='bbox 1478 2876 1511 2934; x_wconf 91' lang='lat' dir='ltr'>et</span> <span class='ocrx_word' id='word_1_436' title='bbox 1527 2862 1564 2932; x_wconf 93' lang='lat' dir='ltr'>in</span> <span class='ocrx_word' id='word_1_437' title='bbox 1579 2862 1683 2933; x_wconf 90' lang='lat' dir='ltr'>nobis</span> <span class='ocrx_word' id='word_1_438' title='bbox 1699 2886 1799 2933; x_wconf 87' lang='lat' dir='ltr'>suam</span> <span class='ocrx_word' id='word_1_439' title='bbox 1815 2863 2028 2953; x_wconf 90' lang='lat' dir='ltr'>sapientiam</span> <span class='ocrx_word' id='word_1_440' title='bbox 2045 2876 2076 2932; x_wconf 92' lang='lat' dir='ltr'>et</span> <span class='ocrx_word' id='word_1_441' title='bbox 2089 2861 2129 2928; x_wconf 91' lang='lat' dir='ltr'>iu-</span> 
     </span>
     <span class='ocr_line' id='line_1_53' title="bbox 1171 2957 2175 3056; baseline -0.006 -22"><span class='ocrx_word' id='word_1_442' title='bbox 1171 2964 1307 3036; x_wconf 89' lang='lat' dir='ltr'>sticiam</span> <span class='ocrx_word' id='word_1_443' title='bbox 1322 2962 1452 3035; x_wconf 86' lang='lat' dir='ltr'>lucere.</span> <span class='ocrx_word' id='word_1_444' title='bbox 1501 2963 1618 3036; x_wconf 90' lang='lat' dir='ltr'>Simul</span> <span class='ocrx_word' id='word_1_445' title='bbox 1635 2965 1737 3034; x_wconf 90' lang='lat' dir='ltr'>etiam</span> <span class='ocrx_word' id='word_1_446' title='bbox 1760 2965 1838 3035; x_wconf 90' lang='lat' dir='ltr'>vult</span> <span class='ocrx_word' id='word_1_447' title='bbox 1861 2989 1990 3034; x_wconf 91' lang='lat' dir='ltr'>omnes</span> <span class='ocrx_word' id='word_1_448' title='bbox 2009 2961 2130 3056; x_wconf 86' lang='lat' dir='ltr'>copula·</span> <span class='ocrx_word' id='word_1_449' title='bbox 2174 2957 2175 2963; x_wconf 58' lang='lat'>&#39;</span> 
     </span>
     <span class='ocr_line' id='line_1_54' title="bbox 1171 3064 2129 3158; baseline -0.008 -20"><span class='ocrx_word' id='word_1_450' title='bbox 1171 3080 1225 3138; x_wconf 90' lang='lat' dir='ltr'>tos</span> <span class='ocrx_word' id='word_1_451' title='bbox 1243 3087 1316 3135; x_wconf 90' lang='lat' dir='ltr'>esse</span> <span class='ocrx_word' id='word_1_452' title='bbox 1331 3064 1369 3134; x_wconf 89' lang='lat' dir='ltr'>in</span> <span class='ocrx_word' id='word_1_453' title='bbox 1393 3065 1489 3157; x_wconf 87' lang='lat' dir='ltr'>ipso,</span> <span class='ocrx_word' id='word_1_454' title='bbox 1520 3089 1713 3157; x_wconf 81' lang='lat' dir='ltr'>congruere</span> <span class='ocrx_word' id='word_1_455' title='bbox 1735 3090 1859 3135; x_wconf 91' lang='lat' dir='ltr'>omnes</span> <span class='ocrx_word' id='word_1_456' title='bbox 1881 3067 1929 3135; x_wconf 89' lang='lat' dir='ltr'>ad</span> <span class='ocrx_word' id='word_1_457' title='bbox 1952 3067 2082 3158; x_wconf 89' lang='lat' dir='ltr'>ipsum,</span> <span class='ocrx_word' id='word_1_458' title='bbox 2101 3073 2129 3130; x_wconf 93' lang='lat' dir='ltr'>ut</span> 
     </span>
     <span class='ocr_line' id='line_1_55' title="bbox 1171 3166 2175 3268; baseline -0.006 -29"><span class='ocrx_word' id='word_1_459' title='bbox 1171 3169 1217 3240; x_wconf 91' lang='lat' dir='ltr'>sit</span> <span class='ocrx_word' id='word_1_460' title='bbox 1242 3167 1466 3238; x_wconf 90' lang='lat' dir='ltr'>consentiens</span> <span class='ocrx_word' id='word_1_461' title='bbox 1494 3169 1624 3239; x_wconf 88' lang='lat' dir='ltr'>veritas</span> <span class='ocrx_word' id='word_1_462' title='bbox 1656 3181 1690 3238; x_wconf 90' lang='lat' dir='ltr'>et</span> <span class='ocrx_word' id='word_1_463' title='bbox 1723 3167 1865 3238; x_wconf 87' lang='lat' dir='ltr'>iusticia</span> <span class='ocrx_word' id='word_1_464' title='bbox 1899 3167 1941 3237; x_wconf 92' lang='lat' dir='ltr'>in</span> <span class='ocrx_word' id='word_1_465' title='bbox 1974 3166 2130 3239; x_wconf 84' lang='lat' dir='ltr'>omnibus.</span> <span class='ocrx_word' id='word_1_466' title='bbox 2173 3250 2175 3268; x_wconf 31' lang='grc' dir='ltr'>ι</span> 
     </span>
     <span class='ocr_line' id='line_1_56' title="bbox 1170 3267 2175 3362; baseline -0.005 -23"><span class='ocrx_word' id='word_1_467' title='bbox 1170 3267 1268 3339; x_wconf 91' lang='lat' dir='ltr'>Haec</span> <span class='ocrx_word' id='word_1_468' title='bbox 1296 3282 1346 3339; x_wconf 91' lang='lat' dir='ltr'>est</span> <span class='ocrx_word' id='word_1_469' title='bbox 1375 3292 1513 3340; x_wconf 83' lang='lat' dir='ltr'>summa</span> <span class='ocrx_word' id='word_1_470' title='bbox 1546 3269 1729 3340; x_wconf 87' lang='lat' dir='ltr'>doctrinae</span> <span class='ocrx_word' id='word_1_471' title='bbox 1761 3269 1865 3359; x_wconf 89' lang='lat' dir='ltr'>legis,</span> <span class='ocrx_word' id='word_1_472' title='bbox 1897 3283 1933 3340; x_wconf 91' lang='lat' dir='ltr'>et</span> <span class='ocrx_word' id='word_1_473' title='bbox 1953 3271 2006 3339; x_wconf 89' lang='lat' dir='ltr'>sic</span> <span class='ocrx_word' id='word_1_474' title='bbox 2026 3282 2130 3339; x_wconf 83' lang='lat' dir='ltr'>natura</span> <span class='ocrx_word' id='word_1_475' title='bbox 2173 3275 2175 3362; x_wconf 39' lang='grc' dir='ltr'><em>ζ</em></span> 
     </span>
     <span class='ocr_line' id='line_1_57' title="bbox 1171 3368 2131 3456; baseline 0.001 -16"><span class='ocrx_word' id='word_1_476' title='bbox 1171 3371 1314 3442; x_wconf 90' lang='lat' dir='ltr'>condita</span> <span class='ocrx_word' id='word_1_477' title='bbox 1339 3371 1420 3445; x_wconf 86' lang='lat' dir='ltr'>fuit.</span> <span class='ocrx_word' id='word_1_478' title='bbox 1478 3368 1549 3442; x_wconf 91' lang='lat' dir='ltr'>Sed</span> <span class='ocrx_word' id='word_1_479' title='bbox 1580 3371 1744 3443; x_wconf 90' lang='lat' dir='ltr'>diabolus</span> <span class='ocrx_word' id='word_1_480' title='bbox 1766 3371 1926 3443; x_wconf 90' lang='lat' dir='ltr'>discessit</span> <span class='ocrx_word' id='word_1_481' title='bbox 1951 3395 1971 3442; x_wconf 90' lang='lat' dir='ltr'>a</span> <span class='ocrx_word' id='word_1_482' title='bbox 1994 3370 2085 3456; x_wconf 92' lang='lat' dir='ltr'>Deo,</span> <span class='ocrx_word' id='word_1_483' title='bbox 2108 3378 2131 3434; x_wconf 78' lang='lat' dir='ltr'>et</span> 
     </span>
     <span class='ocr_line' id='line_1_58' title="bbox 1171 3467 2130 3565; baseline -0.002 -23"><span class='ocrx_word' id='word_1_484' title='bbox 1171 3486 1291 3565; x_wconf 90' lang='lat' dir='ltr'>postea</span> <span class='ocrx_word' id='word_1_485' title='bbox 1315 3495 1426 3561; x_wconf 89' lang='lat' dir='ltr'>genus</span> <span class='ocrx_word' id='word_1_486' title='bbox 1447 3467 1647 3544; x_wconf 91' lang='lat' dir='ltr'>humanum</span> <span class='ocrx_word' id='word_1_487' title='bbox 1669 3472 1817 3557; x_wconf 87' lang='lat' dir='ltr'>avulsit,</span> <span class='ocrx_word' id='word_1_488' title='bbox 1849 3472 1897 3542; x_wconf 92' lang='lat' dir='ltr'>ita</span> <span class='ocrx_word' id='word_1_489' title='bbox 1925 3473 2090 3564; x_wconf 86' lang='lat' dir='ltr'>deinceps</span> <span class='ocrx_word' id='word_1_490' title='bbox 2105 3469 2130 3534; x_wconf 85' lang='lat' dir='ltr'>in</span> 
     </span>
     <span class='ocr_line' id='line_1_59' title="bbox 1170 3569 2130 3661; baseline -0.004 -16"><span class='ocrx_word' id='word_1_491' title='bbox 1170 3571 1378 3645; x_wconf 88' lang='lat' dir='ltr'>hominibus</span> <span class='ocrx_word' id='word_1_492' title='bbox 1393 3597 1467 3643; x_wconf 93' lang='lat' dir='ltr'>non</span> <span class='ocrx_word' id='word_1_493' title='bbox 1483 3588 1533 3646; x_wconf 92' lang='lat' dir='ltr'>est</span> <span class='ocrx_word' id='word_1_494' title='bbox 1552 3576 1672 3645; x_wconf 85' lang='lat' dir='ltr'>eadem</span> <span class='ocrx_word' id='word_1_495' title='bbox 1686 3575 1817 3644; x_wconf 87' lang='lat' dir='ltr'>veritas</span> <span class='ocrx_word' id='word_1_496' title='bbox 1832 3577 1876 3643; x_wconf 97' lang='lat' dir='ltr'>de</span> <span class='ocrx_word' id='word_1_497' title='bbox 1892 3571 1991 3661; x_wconf 90' lang='lat' dir='ltr'>Deo,</span> <span class='ocrx_word' id='word_1_498' title='bbox 2008 3577 2066 3646; x_wconf 90' lang='lat' dir='ltr'>sed</span> <span class='ocrx_word' id='word_1_499' title='bbox 2084 3569 2130 3641; x_wconf 83' lang='lat' dir='ltr'>tri·</span> 
     </span>
     <span class='ocr_line' id='line_1_60' title="bbox 1171 3670 2175 3762; baseline -0.007 -16"><span class='ocrx_word' id='word_1_500' title='bbox 1171 3675 1343 3746; x_wconf 88' lang='lat' dir='ltr'>stissimae</span> <span class='ocrx_word' id='word_1_501' title='bbox 1370 3677 1660 3762; x_wconf 89' lang='lat' dir='ltr'>tenebraesunt,</span> <span class='ocrx_word' id='word_1_502' title='bbox 1693 3689 1728 3747; x_wconf 91' lang='grc' dir='ltr'>ει</span> <span class='ocrx_word' id='word_1_503' title='bbox 1754 3670 1946 3747; x_wconf 90' lang='lat' dir='ltr'>horribilia</span> <span class='ocrx_word' id='word_1_504' title='bbox 1970 3670 2131 3746; x_wconf 83' lang='lat' dir='ltr'>mendacia</span> <span class='ocrx_word' id='word_1_505' title='bbox 2173 3675 2175 3690; x_wconf 57' lang='lat'>¹</span> 
     </span>
     <span class='ocr_line' id='line_1_61' title="bbox 1171 3773 2132 3871; baseline 0.006 -24"><span class='ocrx_word' id='word_1_506' title='bbox 1171 3779 1226 3847; x_wconf 90' lang='lat' dir='ltr'>vel</span> <span class='ocrx_word' id='word_1_507' title='bbox 1242 3773 1416 3870; x_wconf 90' lang='lat' dir='ltr'>Epicurea</span> <span class='ocrx_word' id='word_1_508' title='bbox 1433 3779 1487 3847; x_wconf 89' lang='lat' dir='ltr'>vel</span> <span class='ocrx_word' id='word_1_509' title='bbox 1503 3778 1706 3863; x_wconf 89' lang='lat' dir='ltr'>idolatrica‚</span> <span class='ocrx_word' id='word_1_510' title='bbox 1739 3778 1796 3846; x_wconf 91' lang='lat' dir='ltr'>vel</span> <span class='ocrx_word' id='word_1_511' title='bbox 1817 3778 1888 3848; x_wconf 89' lang='lat' dir='ltr'>alia</span> <span class='ocrx_word' id='word_1_512' title='bbox 1910 3795 2132 3871; x_wconf 58' lang='lat' dir='ltr'>quaecunque</span> 
     </span>
     <span class='ocr_line' id='line_1_62' title="bbox 1170 3874 2132 3971; baseline -0.008 -22"><span class='ocrx_word' id='word_1_513' title='bbox 1170 3894 1289 3971; x_wconf 89' lang='lat' dir='ltr'>postea</span> <span class='ocrx_word' id='word_1_514' title='bbox 1304 3879 1478 3954; x_wconf 84' lang='lat' dir='ltr'>,voluntas</span> <span class='ocrx_word' id='word_1_515' title='bbox 1493 3880 1717 3950; x_wconf 85' lang='lat' dir='ltr'>diabolorum</span> <span class='ocrx_word' id='word_1_516' title='bbox 1735 3892 1769 3949; x_wconf 93' lang='lat' dir='ltr'>et</span> <span class='ocrx_word' id='word_1_517' title='bbox 1784 3874 1974 3952; x_wconf 87' lang='lat' dir='ltr'>hominum</span> <span class='ocrx_word' id='word_1_518' title='bbox 1998 3880 2132 3950; x_wconf 81' lang='lat' dir='ltr'>fremunt</span> 
     </span>
     <span class='ocr_line' id='line_1_63' title="bbox 1170 3976 2132 4075; baseline -0.006 -25"><span class='ocrx_word' id='word_1_519' title='bbox 1170 3982 1338 4050; x_wconf 89' lang='lat' dir='ltr'>adversus</span> <span class='ocrx_word' id='word_1_520' title='bbox 1356 3976 1495 4067; x_wconf 91' lang='lat' dir='ltr'>Deum,</span> <span class='ocrx_word' id='word_1_521' title='bbox 1518 3997 1552 4053; x_wconf 90' lang='lat' dir='ltr'>et</span> <span class='ocrx_word' id='word_1_522' title='bbox 1567 3983 1652 4052; x_wconf 90' lang='lat' dir='ltr'>dum</span> <span class='ocrx_word' id='word_1_523' title='bbox 1670 3981 1920 4075; x_wconf 89' lang='lat' dir='ltr'>unusquisque</span> <span class='ocrx_word' id='word_1_524' title='bbox 1945 4004 2021 4051; x_wconf 91' lang='lat' dir='ltr'>sese</span> <span class='ocrx_word' id='word_1_525' title='bbox 2044 3979 2132 4057; x_wconf 83' lang='lat' dir='ltr'>effert,</span> 
     </span>
     <span class='ocr_line' id='line_1_64' title="bbox 1170 4080 2131 4169; baseline -0.008 -16"><span class='ocrx_word' id='word_1_526' title='bbox 1170 4082 1294 4153; x_wconf 91' lang='lat' dir='ltr'>tollere</span> <span class='ocrx_word' id='word_1_527' title='bbox 1310 4080 1399 4152; x_wconf 89' lang='lat' dir='ltr'>alios</span> <span class='ocrx_word' id='word_1_528' title='bbox 1415 4096 1576 4169; x_wconf 90' lang='lat' dir='ltr'>conatur,</span> <span class='ocrx_word' id='word_1_529' title='bbox 1588 4084 1635 4154; x_wconf 92' lang='lat' dir='ltr'>ita</span> <span class='ocrx_word' id='word_1_530' title='bbox 1650 4085 1801 4153; x_wconf 86' lang='lat' dir='ltr'>extincta</span> <span class='ocrx_word' id='word_1_531' title='bbox 1815 4083 2012 4155; x_wconf 90' lang='lat' dir='ltr'>dilectione</span> <span class='ocrx_word' id='word_1_532' title='bbox 2028 4083 2131 4152; x_wconf 90' lang='lat' dir='ltr'>ardent</span> 
     </span>
     <span class='ocr_line' id='line_1_65' title="bbox 1170 4178 2132 4274; baseline -0.008 -21"><span class='ocrx_word' id='word_1_533' title='bbox 1170 4183 1210 4253; x_wconf 92' lang='lat' dir='ltr'>in</span> <span class='ocrx_word' id='word_1_534' title='bbox 1233 4205 1360 4274; x_wconf 89' lang='lat' dir='ltr'>genere</span> <span class='ocrx_word' id='word_1_535' title='bbox 1387 4178 1545 4255; x_wconf 90' lang='lat' dir='ltr'>humano</span> <span class='ocrx_word' id='word_1_536' title='bbox 1571 4185 1788 4267; x_wconf 90' lang='lat' dir='ltr'>discordiae,</span> <span class='ocrx_word' id='word_1_537' title='bbox 1829 4197 1934 4255; x_wconf 84' lang='lat' dir='ltr'>etex</span> <span class='ocrx_word' id='word_1_538' title='bbox 1967 4178 2132 4255; x_wconf 89' lang='lat' dir='ltr'>discordiis</span> 
     </span>
     <span class='ocr_line' id='line_1_66' title="bbox 1169 4284 2133 4378; baseline -0.01 -22"><span class='ocrx_word' id='word_1_539' title='bbox 1169 4297 1289 4378; x_wconf 89' lang='lat' dir='ltr'>postea</span> <span class='ocrx_word' id='word_1_540' title='bbox 1305 4284 1472 4356; x_wconf 90' lang='lat' dir='ltr'>oriuntur</span> <span class='ocrx_word' id='word_1_541' title='bbox 1487 4286 1582 4358; x_wconf 85' lang='lat' dir='ltr'>bellu</span> <span class='ocrx_word' id='word_1_542' title='bbox 1596 4302 1632 4359; x_wconf 89' lang='lat' dir='ltr'>et</span> <span class='ocrx_word' id='word_1_543' title='bbox 1644 4286 1869 4359; x_wconf 85' lang='lat' dir='ltr'>vastationes.</span> <span class='ocrx_word' id='word_1_544' title='bbox 1923 4287 2133 4357; x_wconf 84' lang='lat' dir='ltr'>Manifestum</span> 
     </span>
     <span class='ocr_line' id='line_1_67' title="bbox 1169 4381 2133 4481; baseline -0.005 -24"><span class='ocrx_word' id='word_1_545' title='bbox 1169 4401 1222 4458; x_wconf 89' lang='lat' dir='ltr'>est</span> <span class='ocrx_word' id='word_1_546' title='bbox 1236 4387 1345 4476; x_wconf 91' lang='lat' dir='ltr'>igitur</span> <span class='ocrx_word' id='word_1_547' title='bbox 1360 4381 1453 4456; x_wconf 91' lang='lat' dir='ltr'>hanc</span> <span class='ocrx_word' id='word_1_548' title='bbox 1468 4388 1631 4458; x_wconf 88' lang='lat' dir='ltr'>miseram</span> <span class='ocrx_word' id='word_1_549' title='bbox 1648 4402 1811 4459; x_wconf 88' lang='lat' dir='ltr'>naturam</span> <span class='ocrx_word' id='word_1_550' title='bbox 1825 4411 1900 4456; x_wconf 91' lang='lat' dir='ltr'>non</span> <span class='ocrx_word' id='word_1_551' title='bbox 1911 4389 2133 4481; x_wconf 79' lang='lat' dir='ltr'>obtemperare</span> 
     </span>
     <span class='ocr_line' id='line_1_68' title="bbox 1170 4485 2133 4580; baseline -0.004 -20"><span class='ocrx_word' id='word_1_552' title='bbox 1170 4489 1239 4580; x_wconf 88' lang='lat' dir='ltr'>legi</span> <span class='ocrx_word' id='word_1_553' title='bbox 1254 4487 1339 4573; x_wconf 89' lang='lat' dir='ltr'>Dei,</span> <span class='ocrx_word' id='word_1_554' title='bbox 1364 4489 1425 4556; x_wconf 88' lang='lat' dir='ltr'>sed</span> <span class='ocrx_word' id='word_1_555' title='bbox 1449 4485 1564 4560; x_wconf 80' lang='lat' dir='ltr'>Filius</span> <span class='ocrx_word' id='word_1_556' title='bbox 1584 4486 1652 4560; x_wconf 90' lang='lat' dir='ltr'>Dei</span> <span class='ocrx_word' id='word_1_557' title='bbox 1676 4491 1776 4562; x_wconf 89' lang='lat' dir='ltr'>venit</span> <span class='ocrx_word' id='word_1_558' title='bbox 1798 4501 1838 4559; x_wconf 91' lang='lat' dir='ltr'>ut</span> <span class='ocrx_word' id='word_1_559' title='bbox 1862 4491 2025 4561; x_wconf 87' lang='lat' dir='ltr'>destruat</span> <span class='ocrx_word' id='word_1_560' title='bbox 2048 4505 2133 4579; x_wconf 77' lang='lat' dir='ltr'>opera</span> 
     </span>
     <span class='ocr_line' id='line_1_69' title="bbox 1168 4585 2133 4674; baseline 0.005 -12"><span class='ocrx_word' id='word_1_561' title='bbox 1168 4590 1324 4674; x_wconf 91' lang='lat' dir='ltr'>diaboli,</span> <span class='ocrx_word' id='word_1_562' title='bbox 1349 4600 1384 4658; x_wconf 90' lang='lat' dir='ltr'>et</span> <span class='ocrx_word' id='word_1_563' title='bbox 1400 4589 1561 4662; x_wconf 90' lang='lat' dir='ltr'>restituat</span> <span class='ocrx_word' id='word_1_564' title='bbox 1577 4591 1761 4662; x_wconf 88' lang='lat' dir='ltr'>veritatem</span> <span class='ocrx_word' id='word_1_565' title='bbox 1783 4604 1817 4661; x_wconf 88' lang='lat' dir='ltr'>et</span> <span class='ocrx_word' id='word_1_566' title='bbox 1832 4591 2064 4662; x_wconf 89' lang='lat' dir='ltr'>dilectionem</span> <span class='ocrx_word' id='word_1_567' title='bbox 2072 4585 2133 4666; x_wconf 77' lang='lat' dir='ltr'>ch</span> 
     </span>
     <span class='ocr_line' id='line_1_70' title="bbox 1168 4684 2133 4785; baseline -0.001 -23"><span class='ocrx_word' id='word_1_568' title='bbox 1168 4706 1203 4764; x_wconf 91' lang='lat' dir='ltr'>et</span> <span class='ocrx_word' id='word_1_569' title='bbox 1218 4691 1371 4784; x_wconf 80' lang='lat' dir='ltr'>proximi</span> <span class='ocrx_word' id='word_1_570' title='bbox 1386 4691 1424 4760; x_wconf 94' lang='lat' dir='ltr'>in</span> <span class='ocrx_word' id='word_1_571' title='bbox 1440 4692 1562 4778; x_wconf 90' lang='lat' dir='ltr'>nobis,</span> <span class='ocrx_word' id='word_1_572' title='bbox 1585 4707 1620 4764; x_wconf 88' lang='lat' dir='ltr'>et</span> <span class='ocrx_word' id='word_1_573' title='bbox 1633 4689 1702 4764; x_wconf 93' lang='lat' dir='ltr'>boc</span> <span class='ocrx_word' id='word_1_574' title='bbox 1717 4693 1930 4763; x_wconf 86' lang='lat' dir='ltr'>nominatim</span> <span class='ocrx_word' id='word_1_575' title='bbox 1958 4695 2047 4785; x_wconf 89' lang='lat' dir='ltr'>petit</span> <span class='ocrx_word' id='word_1_576' title='bbox 2063 4684 2133 4764; x_wconf 81' lang='lat' dir='ltr'>effici</span> 
     </span>
     <span class='ocr_line' id='line_1_71' title="bbox 1168 4794 1985 4885; baseline -0.001 -19"><span class='ocrx_word' id='word_1_577' title='bbox 1168 4795 1212 4866; x_wconf 84' lang='lat' dir='ltr'>ab</span> <span class='ocrx_word' id='word_1_578' title='bbox 1229 4806 1372 4864; x_wconf 89' lang='lat' dir='ltr'>aeterno</span> <span class='ocrx_word' id='word_1_579' title='bbox 1389 4806 1505 4883; x_wconf 79' lang='lat' dir='ltr'>patre,</span> <span class='ocrx_word' id='word_1_580' title='bbox 1530 4807 1571 4865; x_wconf 93' lang='lat' dir='ltr'>ut</span> <span class='ocrx_word' id='word_1_581' title='bbox 1586 4819 1698 4866; x_wconf 89' lang='lat' dir='ltr'>unum</span> <span class='ocrx_word' id='word_1_582' title='bbox 1714 4794 1824 4864; x_wconf 90' lang='lat' dir='ltr'>simus</span> <span class='ocrx_word' id='word_1_583' title='bbox 1837 4795 1875 4862; x_wconf 91' lang='lat' dir='ltr'>in</span> <span class='ocrx_word' id='word_1_584' title='bbox 1891 4795 1985 4885; x_wconf 89' lang='lat' dir='ltr'>ipso.</span> 
     </span>
    </p>

    <p class='ocr_par' dir='ltr' id='par_1_28' title="bbox 1270 4893 2132 4990">
     <span class='ocr_line' id='line_1_72' title="bbox 1270 4893 2132 4990; baseline -0.005 -26"><span class='ocrx_word' id='word_1_585' title='bbox 1270 4893 1321 4965; x_wconf 90' lang='lat' dir='ltr'>Ita</span> <span class='ocrx_word' id='word_1_586' title='bbox 1338 4895 1581 4966; x_wconf 88' lang='lat' dir='ltr'>consideretur</span> <span class='ocrx_word' id='word_1_587' title='bbox 1593 4898 1679 4989; x_wconf 91' lang='lat' dir='ltr'>quid</span> <span class='ocrx_word' id='word_1_588' title='bbox 1697 4895 1888 4988; x_wconf 88' lang='lat' dir='ltr'>praecipiat</span> <span class='ocrx_word' id='word_1_589' title='bbox 1907 4897 1984 4982; x_wconf 85' lang='lat' dir='ltr'>lex,</span> <span class='ocrx_word' id='word_1_590' title='bbox 2016 4910 2050 4967; x_wconf 92' lang='lat' dir='ltr'>et</span> <span class='ocrx_word' id='word_1_591' title='bbox 2064 4917 2132 4990; x_wconf 91' lang='lat' dir='ltr'>qno-</span> 
     </span>
    </p>
   </div>
   <div class='ocr_carea' id='block_1_16' title="bbox 138 4990 2132 5088">
    <p class='ocr_par' dir='ltr' id='par_1_29' title="bbox 138 4990 2132 5088">
     <span class='ocr_line' id='line_1_73' title="bbox 138 4990 2132 5088; baseline 0.004 -29"><span class='ocrx_word' id='word_1_592' title='bbox 138 4991 271 5060; x_wconf 92' lang='lat' dir='ltr'>tionem</span> <span class='ocrx_word' id='word_1_593' title='bbox 300 5001 334 5057; x_wconf 92' lang='lat' dir='ltr'>et</span> <span class='ocrx_word' id='word_1_594' title='bbox 363 4990 554 5078; x_wconf 86' lang='lat' dir='ltr'>gratiarum</span> <span class='ocrx_word' id='word_1_595' title='bbox 578 4990 754 5063; x_wconf 86' lang='lat' dir='ltr'>actionem</span> <span class='ocrx_word' id='word_1_596' title='bbox 776 4991 953 5061; x_wconf 89' lang='lat' dir='ltr'>assiduam</span> <span class='ocrx_word' id='word_1_597' title='bbox 978 5017 1052 5064; x_wconf 90' lang='lat' dir='ltr'>esse</span> <span class='ocrx_word' id='word_1_598' title='bbox 1077 4995 1117 5065; x_wconf 88' lang='lat' dir='ltr'>in</span> <span class='ocrx_word' id='word_1_599' title='bbox 1167 4998 1343 5067; x_wconf 91' lang='lat' dir='ltr'>modoad</span> <span class='ocrx_word' id='word_1_600' title='bbox 1369 5020 1445 5065; x_wconf 90' lang='lat' dir='ltr'>eam</span> <span class='ocrx_word' id='word_1_601' title='bbox 1470 4998 1681 5068; x_wconf 88' lang='lat' dir='ltr'>reducamur</span> <span class='ocrx_word' id='word_1_602' title='bbox 1704 5023 1768 5088; x_wconf 91' lang='lat' dir='ltr'>per</span> <span class='ocrx_word' id='word_1_603' title='bbox 1781 4994 1916 5066; x_wconf 86' lang='lat' dir='ltr'>Filium</span> <span class='ocrx_word' id='word_1_604' title='bbox 1934 4996 2025 5085; x_wconf 90' lang='lat' dir='ltr'>Dei,</span> <span class='ocrx_word' id='word_1_605' title='bbox 2057 5012 2089 5067; x_wconf 92' lang='lat' dir='ltr'>et</span> <span class='ocrx_word' id='word_1_606' title='bbox 2106 4992 2132 5060; x_wconf 81' lang='lat' dir='ltr'>iu</span> 
     </span>
    </p>
   </div>
   <div class='ocr_carea' id='block_1_17' title="bbox 113 5086 2133 5315">
    <p class='ocr_par' dir='ltr' id='par_1_30' title="bbox 113 5086 2133 5315">
     <span class='ocr_line' id='line_1_74' title="bbox 135 5086 2133 5191; baseline 0.002 -29"><span class='ocrx_word' id='word_1_607' title='bbox 135 5086 329 5162; x_wconf 85' lang='lat' dir='ltr'>Ecclesiam</span> <span class='ocrx_word' id='word_1_608' title='bbox 345 5103 524 5178; x_wconf 89' lang='lat' dir='ltr'>oportere,</span> <span class='ocrx_word' id='word_1_609' title='bbox 557 5104 591 5161; x_wconf 90' lang='lat' dir='ltr'>et</span> <span class='ocrx_word' id='word_1_610' title='bbox 611 5092 771 5180; x_wconf 89' lang='lat' dir='ltr'>singulos</span> <span class='ocrx_word' id='word_1_611' title='bbox 796 5115 863 5163; x_wconf 88' lang='lat' dir='ltr'>uns</span> <span class='ocrx_word' id='word_1_612' title='bbox 884 5094 1013 5164; x_wconf 90' lang='lat' dir='ltr'>debere</span> <span class='ocrx_word' id='word_1_613' title='bbox 1036 5120 1116 5187; x_wconf 87' lang='lat' dir='ltr'>gra·</span> <span class='ocrx_word' id='word_1_614' title='bbox 1168 5099 1229 5169; x_wconf 90' lang='lat' dir='ltr'>illa</span> <span class='ocrx_word' id='word_1_615' title='bbox 1251 5113 1351 5190; x_wconf 89' lang='lat' dir='ltr'>parte</span> <span class='ocrx_word' id='word_1_616' title='bbox 1373 5121 1464 5191; x_wconf 89' lang='lat' dir='ltr'>quae</span> <span class='ocrx_word' id='word_1_617' title='bbox 1487 5122 1569 5167; x_wconf 90' lang='lat' dir='ltr'>vere</span> <span class='ocrx_word' id='word_1_618' title='bbox 1591 5115 1642 5172; x_wconf 92' lang='lat' dir='ltr'>est</span> <span class='ocrx_word' id='word_1_619' title='bbox 1666 5099 1827 5172; x_wconf 87' lang='lat' dir='ltr'>Ecclesia</span> <span class='ocrx_word' id='word_1_620' title='bbox 1850 5096 1920 5168; x_wconf 90' lang='lat' dir='ltr'>Dei</span> <span class='ocrx_word' id='word_1_621' title='bbox 1945 5101 2133 5173; x_wconf 85' lang='lat' dir='ltr'>restituatur</span> 
     </span>
     <span class='ocr_line' id='line_1_75' title="bbox 113 5188 2131 5315; baseline 0.001 -51"><span class='ocrx_word' id='word_1_622' title='bbox 113 5275 116 5279; x_wconf 43' lang='grc'><strong>,</strong></span> <span class='ocrx_word' id='word_1_623' title='bbox 134 5191 202 5264; x_wconf 87' lang='lat' dir='ltr'>tias</span> <span class='ocrx_word' id='word_1_624' title='bbox 216 5212 317 5280; x_wconf 85' lang='lat' dir='ltr'>agere</span> <span class='ocrx_word' id='word_1_625' title='bbox 332 5188 410 5258; x_wconf 92' lang='lat' dir='ltr'>Deo</span> <span class='ocrx_word' id='word_1_626' title='bbox 426 5215 489 5280; x_wconf 88' lang='lat' dir='ltr'>pro</span> <span class='ocrx_word' id='word_1_627' title='bbox 506 5194 772 5265; x_wconf 90' lang='lat' dir='ltr'>conservatione</span> <span class='ocrx_word' id='word_1_628' title='bbox 787 5191 982 5278; x_wconf 89' lang='lat' dir='ltr'>Ecclesiae,</span> <span class='ocrx_word' id='word_1_629' title='bbox 1000 5212 1035 5268; x_wconf 94' lang='lat' dir='ltr'>et</span> <span class='ocrx_word' id='word_1_630' title='bbox 1052 5223 1114 5315; x_wconf 88' lang='lat' dir='ltr'>pe·</span> <span class='ocrx_word' id='word_1_631' title='bbox 1166 5201 1310 5273; x_wconf 88' lang='lat' dir='ltr'>dilectio</span> <span class='ocrx_word' id='word_1_632' title='bbox 1324 5212 1358 5270; x_wconf 93' lang='lat' dir='ltr'>et</span> <span class='ocrx_word' id='word_1_633' title='bbox 1373 5200 1579 5282; x_wconf 89' lang='lat' dir='ltr'>concordia,</span> <span class='ocrx_word' id='word_1_634' title='bbox 1613 5216 1647 5274; x_wconf 91' lang='lat' dir='ltr'>et</span> <span class='ocrx_word' id='word_1_635' title='bbox 1668 5225 1790 5272; x_wconf 88' lang='lat' dir='ltr'>rursus</span> <span class='ocrx_word' id='word_1_636' title='bbox 1813 5201 2086 5291; x_wconf 80' lang='lat' dir='ltr'>adglutinentur</span> <span class='ocrx_word' id='word_1_637' title='bbox 2102 5195 2131 5266; x_wconf 84' lang='lat' dir='ltr'>ad</span> 
     </span>
    </p>
   </div>
   <div class='ocr_carea' id='block_1_18' title="bbox 145 5290 2131 5500">
    <p class='ocr_par' dir='ltr' id='par_1_31' title="bbox 145 5290 2131 5500">
     <span class='ocr_line' id='line_1_76' title="bbox 145 5290 2131 5395; baseline 0.006 -32"><span class='ocrx_word' id='word_1_638' title='bbox 145 5317 204 5375; x_wconf 53' lang='lat' dir='ltr'>,re</span> <span class='ocrx_word' id='word_1_639' title='bbox 218 5290 538 5376; x_wconf 89' lang='lat' dir='ltr'>conservationem,</span> <span class='ocrx_word' id='word_1_640' title='bbox 554 5307 586 5362; x_wconf 87' lang='lat' dir='ltr'>et</span> <span class='ocrx_word' id='word_1_641' title='bbox 603 5295 791 5366; x_wconf 89' lang='lat' dir='ltr'>salutarem</span> <span class='ocrx_word' id='word_1_642' title='bbox 808 5298 1115 5387; x_wconf 79' lang='lat' dir='ltr'>gubernationem,</span> <span class='ocrx_word' id='word_1_643' title='bbox 1165 5327 1279 5373; x_wconf 92' lang='lat' dir='ltr'>unum</span> <span class='ocrx_word' id='word_1_644' title='bbox 1301 5314 1423 5394; x_wconf 89' lang='lat' dir='ltr'>caput,</span> <span class='ocrx_word' id='word_1_645' title='bbox 1457 5302 1503 5372; x_wconf 90' lang='lat' dir='ltr'>ad</span> <span class='ocrx_word' id='word_1_646' title='bbox 1523 5300 1656 5374; x_wconf 82' lang='lat' dir='ltr'>Filium</span> <span class='ocrx_word' id='word_1_647' title='bbox 1681 5303 1768 5389; x_wconf 91' lang='lat' dir='ltr'>Dei,</span> <span class='ocrx_word' id='word_1_648' title='bbox 1800 5317 1835 5374; x_wconf 91' lang='lat' dir='ltr'>et</span> <span class='ocrx_word' id='word_1_649' title='bbox 1857 5326 1925 5395; x_wconf 88' lang='lat' dir='ltr'>per</span> <span class='ocrx_word' id='word_1_650' title='bbox 1948 5304 2082 5378; x_wconf 84' lang='lat' dir='ltr'>Filium</span> <span class='ocrx_word' id='word_1_651' title='bbox 2103 5299 2131 5369; x_wconf 77' lang='lat' dir='ltr'>al</span> 
     </span>
     <span class='ocr_line' id='line_1_77' title="bbox 180 5389 1515 5500; baseline 0.01 -34"><span class='ocrx_word' id='word_1_652' title='bbox 180 5407 221 5466; x_wconf 90' lang='lat' dir='ltr'>ut</span> <span class='ocrx_word' id='word_1_653' title='bbox 236 5389 294 5464; x_wconf 91' lang='lat' dir='ltr'>hic</span> <span class='ocrx_word' id='word_1_654' title='bbox 310 5390 445 5500; x_wconf 77' lang='lat' dir='ltr'>inquit:</span> <span class='ocrx_word' id='word_1_655' title='bbox 472 5389 682 5465; x_wconf 87' lang='lat' dir='ltr'>Sacerdotes</span> <span class='ocrx_word' id='word_1_656' title='bbox 695 5394 770 5467; x_wconf 89' lang='lat' dir='ltr'>eius</span> <span class='ocrx_word' id='word_1_657' title='bbox 790 5397 989 5473; x_wconf 86' lang='lat' dir='ltr'>induantur</span> <span class='ocrx_word' id='word_1_658' title='bbox 1011 5401 1115 5473; x_wconf 90' lang='lat' dir='ltr'>iusti·</span> <span class='ocrx_word' id='word_1_659' title='bbox 1164 5417 1345 5477; x_wconf 90' lang='lat' dir='ltr'>aeternum</span> <span class='ocrx_word' id='word_1_660' title='bbox 1366 5417 1515 5496; x_wconf 89' lang='lat' dir='ltr'>patrem.</span> 
     </span>
    </p>
   </div>
   <div class='ocr_carea' id='block_1_19' title="bbox 0 0 2290 5748">
    <p class='ocr_par' dir='ltr' id='par_1_32' title="bbox 0 0 2290 5748">
     <span class='ocr_line' id='line_1_78' title="bbox 0 0 2290 5748; baseline 0 0"><span class='ocrx_word' id='word_1_661' title='bbox 0 0 2290 5748; x_wconf 95' lang='lat' dir='ltr'> </span> 
     </span>
    </p>
   </div>
  </div>
 </body>
</html>
