4538 5754
38 269 151 347 stat

45 431 261 536 confitebor
275 438 315 511 in
326 433 657 539 populisDoms‘ne‚
681 439 813 511 scilicet
826 453 868 512 ut
881 455 915 513 te
927 463 1037 531 agno-

44 560 152 619 scant
171 557 205 617 et
220 544 307 637 ipsi,
328 556 363 614 et
377 543 443 613 tibi
457 565 539 612 vere
554 545 719 629 credant,
743 554 778 612 te
791 544 977 626 invocent,
1003 556 1038 612 te
1056 551 1058 556 ‘

43 648 221 737 timeant,
253 644 320 718 tibi
348 644 535 735 obediant,
569 658 633 716 tuo
660 646 768 714 verbo
791 645 1039 729 assentiantur,

43 740 86 825 te
106 749 286 822 celebrent
306 759 452 839 propter
472 746 773 832 misericordiam,
797 758 988 836 agnoscant
1004 757 1038 816 te

45 866 272 949 praesentem
290 849 411 918 adesse
425 847 687 920 invocantibus.

153 950 197 1023 ln
217 951 288 1020 fine
308 950 455 1021 additur
474 949 652 1041 precatio,
678 973 747 1043 qua
769 949 858 1041 petit
879 962 921 1022 ut
942 946 1039 1020 Deus

44 1054 128 1151 ipse
147 1075 232 1125 suae
255 1049 388 1142 gloriae
409 1064 561 1145 assertor
579 1050 637 1132 lit,
662 1050 745 1144 quia
761 1052 805 1120 ad
824 1046 920 1122 hune
931 1051 1037 1121 finem

27 1150 240 1243 phimum,
273 1175 397 1224 omnes
418 1151 647 1227 liberationes
667 1166 703 1223 et
725 1153 845 1223 omnia
869 1151 1038 1223 beneficia

44 1256 236 1331 referenda
257 1268 360 1343 sunt,
385 1267 426 1327 ut
441 1251 540 1327 Deus
563 1278 644 1325 vere
666 1267 878 1347 agnoscatur
901 1269 935 1326 et
957 1277 1039 1325 vere

46 1359 260 1433 celebretur.

155 1457 297 1551 Duplex
323 1472 441 1531 autem
465 1458 590 1551 petitio
616 1459 656 1528 in
679 1453 748 1529 hoc
769 1480 873 1529 versu
893 1472 965 1542 est,
999 1470 1040 1528 ut

49 1561 162 1635 nobis
181 1585 286 1653 opem
306 1561 398 1633 ferat
419 1574 564 1652 propter
585 1582 685 1631 suam
708 1558 880 1649 gloriam,
909 1559 1039 1630 deinde

10 1723 12 1738 .
47 1663 181 1757 tuipse
196 1662 243 1734 sit
254 1676 407 1734 assertor
416 1685 501 1733 suae
515 1660 661 1752 gloriae,
686 1658 770 1753 quia
784 1683 870 1732 curn
879 1685 920 1730 ex
933 1684 1040 1735 even·

48 1766 151 1841 tibus
170 1763 275 1835 rnulti
293 1764 470 1850 iudicent,
495 1777 530 1834 et
543 1775 688 1855 propter
704 1772 842 1832 nostras
857 1762 1040 1834 calamita·

10 1942 12 1947 ,
50 1882 107 1943 tes
128 1868 174 1937 de
196 1865 359 1937 doctrina
383 1865 475 1937 male
497 1863 670 1947 sentiant,
696 1886 763 1932 nec
782 1876 901 1933 tamen
926 1865 1039 1955 possi·

48 1990 136 2041 mus
148 1967 249 2036 factis
263 1966 455 2059 reprimere
470 1964 662 2055 potentiam
678 1962 819 2033 mundi:
847 1966 1038 2055 petendum

51 2083 106 2143 est
123 2069 165 2140 ut
176 2066 274 2141 Deus
289 2067 364 2158 ipse
378 2066 507 2138 refutet
521 2061 608 2135 haec
622 2061 755 2135 iudicia
768 2064 982 2157 impiorum,
1007 2080 1042 2139 et

10 2252 15 2263 ,
49 2171 218 2245 ostendat
245 2191 312 2240 nos
339 2168 409 2238 sibi
437 2189 542 2238 curae
570 2188 660 2253 esse,
689 2177 724 2235 et
747 2167 944 2238 doctrinam
967 2191 1040 2239 esse

51 2294 195 2356 veram,
219 2270 310 2342 sicut
329 2269 404 2362 ipse
420 2265 516 2340 Deus
539 2267 607 2338 luit
628 2279 781 2338 assertor
802 2290 885 2338 suae
908 2270 1041 2359 gloriae

10 2428 20 2461 .·
51 2372 199 2447 tandem
228 2390 385 2464 represso
408 2367 613 2455 Pharaone,
644 2381 751 2460 atque
777 2367 827 2439 ita
849 2383 927 2461 post
948 2371 1041 2440 ailli-

10 2564 12 2569 ,
52 2474 211 2549 ctionem
231 2473 386 2544 ostendit
407 2495 482 2543 sese
502 2470 770 2557 invocantibus,
797 2484 832 2542 et
847 2471 1040 2565 impiorum

51 2574 188 2671 iudicia
201 2574 343 2647 refutat.
358 2648 363 2656 ,

185 2831 528 2928 Argumentum
559 2849 614 2901 oc
644 2798 907 2920 'dispositio

368 2938 530 3046 Psalmi
564 2959 726 3049 ltvtu.

104 3128 292 3226 Nssssqsss‘d
302 3131 421 3223 plone
432 3133 529 3201 muts·
543 3132 635 3201 estis
647 3136 692 3199 sst
706 3131 905 3200 iusticiam
917 3127 1043 3221 loquo-

107 3237 225 3322 ssss'ns',
251 3241 292 3305 et
307 3241 410 3304 recte
426 3231 607 3304 iudicetis
621 3227 697 3327 filii
711 3226 929 3302 bominum?
955 3239 1029 3302 etc.

163 3380 353 3454 Generalis
374 3382 574 3473 obiurgatio
598 3394 650 3452 est
672 3377 828 3453 hostium
844 3377 1043 3472 Evangelii,

61 3485 124 3585 qui
155 3484 325 3577 superbe,
357 3484 576 3578 petulanter,
607 3482 835 3575 pertinaciter
864 3494 899 3551 et
920 3495 1043 3553 contra

61 3586 312 3661 wnscientiam
334 3585 531 3657 delendunt
552 3608 709 3670 errores,
734 3599 769 3656 et
792 3596 967 3654 conantur
981 3585 1044 3654 de-

10 3742 12 3747 ·
59 3690 134 3761 lere
148 3689 348 3773 veritatem,
375 3699 411 3757 et
426 3687 625 3778 opprimere
640 3678 757 3757 veram
770 3680 906 3757 Christi
920 3681 1044 3756 Eccle-

10 3800 36 3811 “
59 3790 169 3876 tiam,
192 3802 234 3860 ut
247 3784 386 3859 Pharao
402 3788 575 3859 saeviebat
590 3788 630 3856 in
641 3785 833 3867 lsraiilitas‚
856 3784 943 3858 Saul
958 3788 1046 3858 ode-

61 3906 116 3965 rat
125 3888 323 3976 Davidem,
346 3886 507 3961 Herodes
522 3889 698 3961 interfecit
711 3886 923 3982 baptistam,
950 3884 1044 3959 Pha·

60 3992 166 4065 risaei
189 3984 383 4062 machinati
403 4004 486 4061 sunt
508 3990 654 4062 exitium
675 3986 830 4062 Christo.
882 3988 1046 4083 Denique

63 4118 187 4167 omnes
218 4108 346 4166 aetates
382 4093 500 4187 aliqua
532 4089 663 4163 habent
695 4091 847 4183 insignia
877 4094 1046 4185 exempla.

60 4194 168 4268 littnc
187 4194 336 4265 immani
358 4195 441 4266 odio
466 4193 623 4266 veritatis
646 4194 773 4264 ardent
794 4193 969 4286 principes
992 4216 1045 4264 sa-

514 222 518 228 ’
648 266 713 343 tx.
766 264 1130 342 coammranu
1163 264 1488 342 uestinos

1953 268 1956 273 ⁴
1978 274 2076 347 stes

1088 462 1191 532 opes,
1214 439 1430 536 potentiam,
1455 440 1614 512 volentes
1635 456 1795 533 pugnant
1816 457 1856 514 ut
1877 464 1979 512 suum
2004 460 2074 514 sta-

1087 555 1163 611 tum
1180 539 1287 638 (sicut
1303 541 1447 633 vocant)
1461 554 1647 630 tueantur,
1672 557 1707 616 et
1719 545 1860 617 deleant
1875 544 2074 616 doctrinam
2137 608 2141 615 .

1088 667 1176 738 quae
1190 644 1369 714 adversari
1385 645 1541 717 videtur:

1190 743 1250 817 Sic
1272 746 1397 817 Iudaei
1418 770 1499 816 cum
1522 745 1763 819 existimarent
1785 762 1932 842 propter
1953 743 2075 820 Evan-

1088 846 1219 937 gelium
1241 870 1341 919 suam
1364 847 1523 939 politiam
1544 847 1718 920 ruituram
1737 872 1831 935 esse,
1856 872 1945 943 quae
1961 851 2076 923 luerat

1089 971 1249 1041 expressa
1267 973 1352 1021 voce
1365 946 1433 1019 Dei
1451 961 1486 1020 et
1502 949 1697 1021 manifestis
1712 951 1923 1021 testimoniis
1941 951 2075 1021 divinis

1089 1051 1299 1138 constituta,
1331 1074 1398 1121 nec
1427 1063 1501 1121 erat
1522 1051 1591 1122 alia
1612 1052 1771 1142 pulcrior
1790 1053 1915 1143 politia
1938 1053 1976 1122 in
1997 1067 2074 1124 toto

1089 1174 1215 1242 genere
1234 1147 1392 1224 humano
1409 1151 1579 1223 acerrime
1596 1153 1875 1224 adversabantur
1892 1152 2075 1226 doctrinale

1090 1254 1242 1324 mutanti
1264 1254 1411 1325 usitatos
1433 1252 1560 1327 c'ultus.
1620 1252 1706 1325 ldeo
1730 1256 1921 1327 crudeliter
1942 1256 2076 1325 saevie-

1088 1355 1178 1425 bant
1196 1356 1235 1424 in
1257 1351 1439 1427 Christum
1460 1369 1495 1426 ct
1514 1353 1723 1448 Apostolos,
1748 1371 1783 1428 et
1803 1350 1872 1426 hoc
1893 1370 2075 1455 praetextu

1090 1456 1412 1543 confirmabantur,
1446 1455 1606 1547 politiam
1628 1458 1733 1528 talem
1757 1482 1776 1528 a
1797 1453 1876 1528 Deo
1901 1458 2076 1529 constitu·

1090 1569 1184 1644 tam,
1209 1581 1432 1652 nequaquam
1448 1560 1654 1629 mutandam
1669 1581 1754 1633 esse.
1804 1555 1856 1630 lta
1873 1583 1969 1630 nunc
1983 1559 2076 1630 odiis

1090 1683 1192 1731 verae
1211 1660 1393 1731 doctrinae
1410 1673 1680 1751 praetexuerunt
1693 1654 1786 1730 hanc
1800 1683 1959 1744 causam,
1985 1684 2076 1754 quae

1091 1762 1232 1833 videtur
1256 1784 1329 1832 esse
1349 1761 1518 1854 speciosa.
1579 1760 1747 1854 Episcopi
1769 1773 1803 1837 rt
1824 1759 1998 1832 Canonici
2020 1753 2075 1833 di-

1090 1877 1176 1935 cunt
1198 1863 1332 1932 nullam
1351 1854 1581 1934 mutationem
1599 1863 1638 1932 iu
1653 1876 1725 1935 tam
1741 1863 1851 1932 veteri
1865 1864 1989 1957 politia
2005 1860 2076 1935 Ee-

1090 1964 1215 2034 clesiae
1238 1966 1498 2035 concedendam
1522 1986 1615 2047 esse,
1640 1988 1705 2035 nec
1729 1976 1867 2035 tantum
1887 1965 1932 2034 de
1954 1966 2075 2056 politia
2200 2024 2204 2029 .

1090 2066 1165 2159 ipsa
1196 2065 1387 2152 dimicant,
1419 2065 1479 2135 sed
1509 2067 1554 2136 de
1583 2088 1647 2138 sua
1677 2066 1854 2158 potentia,
1888 2065 2018 2157 opibus
2043 2082 2077 2137 et

1092 2166 1343 2259 voluptatibus.
1396 2165 1490 2238 Cum
1509 2179 1625 2237 autem
1649 2163 1705 2238 his
1722 2167 1837 2239 modis
1851 2179 1885 2236 et
1901 2167 2078 2239 similibus
2111 2185 2118 2199 ·

1091 2263 1255 2339 homines
1278 2268 1380 2360 impii
1398 2290 1461 2340 sua
1477 2281 1620 2360 sponte,
1648 2284 1682 2342 et
1695 2268 1854 2340 volentes
1868 2268 2077 2360 inceperunt
2197 2284 2202 2296 ‘
2223 2230 2228 2243 ι

1091 2367 1206 2441 Deum
1229 2383 1473 2454 contemnere,
1505 2393 1545 2440 ac
1566 2371 1699 2441 bellum
1722 2369 1754 2438 ei
1777 2369 1953 2450 inferunt,
1979 2392 2077 2440 acce-

1092 2472 1145 2543 dit
1175 2471 1358 2558 diabolus,
1392 2472 1475 2564 qui,
1508 2485 1549 2543 ut
1576 2472 1620 2540 de
1644 2471 1733 2542 luda
1754 2471 1903 2556 dicitur,
1931 2484 2078 2562 occupat

1092 2574 1199 2643 corda
1228 2596 1370 2657 eorum,
1400 2585 1434 2642 et
1463 2572 1549 2643 odio
1569 2570 1655 2659 Dei,
1688 2586 1727 2643 ut
1756 2571 1887 2642 multos
1915 2567 2078 2643 homines

1093 2676 1235 2766 perdet,
1278 2668 1500 2743 horribiliter
1529 2674 1714 2746 co‘nlirmat
1741 2673 1899 2745 incoatos
1926 2675 2076 2759 furores,

1093 2787 1133 2845 ut
1145 2772 1341 2873 Neronem,
1365 2771 1561 2864 Caligulam
1585 2787 1617 2845 et
1642 2773 1919 2845 innumerabiles
1934 2775 2079 2868 impulit

1093 2877 1137 2947 ad
1160 2875 1310 2962 scelera,
1333 2899 1353 2944 a
1374 2875 1504 2969 quibus
1518 2875 1652 2968 alioqui
1670 2889 1815 2962 natura,
1841 2900 1916 2946 non
1933 2876 2078 2962 incitata

1093 2977 1306 3062 adiabolo‚
1345 3000 1491 3067 prorsus
1517 2972 1702 3063 abhorret,
1733 3000 1800 3046 nec
1825 2977 1924 3047 aliud
1952 2978 2078 3060 maius,

1092 3079 1230 3151 tristius
1251 3092 1313 3149 aut
1330 3079 1484 3149 atrocius
1496 3079 1629 3149 malum
1646 3092 1697 3150 est
1712 3070 1872 3147 omnium
1890 3077 2079 3179 malorum,

1094 3204 1184 3275 quae
1199 3176 1407 3251 hominibus
1421 3180 1580 3251 accidere
1592 3195 1754 3271 possunt.

1197 3278 1318 3370 Quare
1340 3296 1374 3353 et
1393 3281 1432 3350 in
1447 3280 1745 3373 descriptionibus
1760 3274 1974 3373 propheticis
1991 3281 2077 3350 etin

1095 3382 1179 3476 ipsis
1200 3383 1389 3474 exemplis,
1420 3397 1461 3455 ut
1483 3383 1522 3453 in
1545 3382 1654 3469 Iuda,
1685 3381 1826 3454 Nerone
1847 3397 1881 3454 et
1902 3382 2080 3453 similibus

1095 3485 1348 3569 consideranda
1368 3498 1419 3558 est
1434 3484 1642 3575 magnitudo
1658 3479 1764 3556 huius
1778 3485 1883 3568 mali,
1909 3497 1949 3584 ut
1962 3481 2079 3559 Deum

1095 3585 1302 3657 ardentibus
1324 3585 1417 3657 votis
1440 3610 1601 3673 oremus,
1627 3609 1672 3657 ne
1694 3587 1788 3657 sinat
1812 3609 1878 3657 nos
1899 3585 1975 3655 fieri
1998 3608 2078 3655 vasa

1095 3689 1187 3769 irae,
1214 3689 1274 3759 sed
1289 3688 1396 3759 corda
1411 3701 1531 3759 nostra
1547 3701 1691 3779 propter
1699 3686 1844 3772 Filium,
1868 3711 1931 3758 suo
1942 3685 2080 3778 Spiritu

1095 3803 1217 3861 sancto
1238 3803 1356 3880 regat,
1385 3803 1426 3860 ut
1445 3814 1527 3861 vere
1549 3811 1796 3880 agnoscamus,
1821 3801 1856 3859 et
1879 3801 2082 3859 reverenter

1097 3892 1350 3983 amplectamur
1369 3892 1446 3962 eius
1467 3893 1685 3973 doctrinam,
1712 3905 1746 3960 et
1768 3892 1935 3961 accendat
1954 3890 1993 3958 in
2013 3913 2080 3959 no-
2107 3973 2109 3976 Α

1097 3995 1152 4066 bis
1165 3993 1299 4079 lucem,
1322 4005 1356 4063 et
1371 3994 1609 4063 obedientiam
1624 3990 1694 4086 ipsi
1709 3994 1918 4085 placentem.

1199 4093 1375 4166 Voluntas
1392 4096 1496 4166 etiam
1513 4109 1633 4167 nostra
1649 4096 1706 4187 pie
1721 4102 1867 4188 quaerat
1884 4091 2082 4162 doctrinam

1098 4219 1118 4265 a
1140 4191 1217 4267 Deo
1243 4197 1426 4283 traditam,
1457 4211 1492 4268 et
1514 4196 1548 4266 ei
1570 4197 1797 4280 assentiatur,
1828 4207 1862 4264 et
1885 4216 1960 4262 eam
1983 4204 2083 4262 ante-
2212 4216 2215 4223 ·

61 4299 246 4369 cerdotum
268 4309 302 4367 et
323 4291 488 4366 monachi
506 4308 677 4374 eteorum
696 4294 879 4381 satellites,
905 4309 939 4366 et
952 4297 1047 4365 mul·
1098 4297 1187 4368 lerat
1211 4298 1377 4367 omnibus
1397 4299 1504 4368 rebus
1526 4294 1693 4368 humanis
1719 4306 1753 4366 et
1778 4295 1924 4385 privatis
1948 4293 2083 4364 affecti·

61 4414 118 4473 tos
148 4397 390 4469 crudelissime
419 4397 607 4468 trucidant.
675 4394 810 4467 Mirum
839 4409 893 4466 est
919 4411 1049 4482 autem,
1100 4401 1185 4489 bus,
1211 4422 1276 4468 nec
1294 4413 1441 4493 quaerat
1454 4401 1494 4470 in
1508 4400 1581 4491 ipsa
1598 4397 1758 4469 doctrina
1771 4398 1909 4467 fucosas
1923 4418 2083 4465 errorum

62 4526 145 4587 cnr,
167 4523 249 4570 cum
269 4499 454 4570 manifesta
479 4500 524 4570 sit
537 4499 683 4583 veritas,
711 4522 784 4568 non
800 4501 963 4584 credant,
988 4500 1048 4569 sed
1100 4503 1351 4575 excusationes.
1383 4499 1482 4572 'Nam
1507 4503 1544 4571 id
1563 4496 1723 4571 'studium
1747 4511 1798 4568 est
1817 4497 1960 4568 initium
1984 4519 2086 4566 aver-

62 4602 217 4695 superhe
240 4614 273 4671 et
297 4601 524 4694 pertinaciter
544 4601 737 4671 delendant
753 4600 937 4687 manifesta
953 4601 1051 4687 vitia,
1101 4603 1212 4673 sionis
1233 4600 1362 4689 aDe0‚
1385 4603 1473 4675 sicut
1495 4602 1534 4672 in
1548 4598 1648 4673 Heva
1672 4601 1809 4671 curiosa
1833 4599 2025 4691 disputatio
2042 4599 2086 4667 de
2202 4614 2204 4625 ’

61 4718 100 4777 et
111 4702 231 4776 delere
246 4727 367 4773 vocem
376 4700 561 4792 Evangelii
578 4717 768 4773 conentur:
796 4704 892 4772 unde
907 4716 958 4773 est
972 4717 1050 4775 tan·
1102 4719 1286 4797 praecepto
1308 4704 1395 4791 Dei,
1417 4706 1476 4776 cui
1498 4717 1698 4775 reverenter
1722 4716 1916 4773 creaturam
1940 4699 2086 4771 obedire

60 4820 121 4879 tus
136 4804 177 4873 in
191 4798 379 4874 hominnm
396 4805 525 4874 animis
539 4804 663 4875 furor?
1103 4808 1279 4898 oportuit,
1304 4820 1339 4878 et
1356 4804 1527 4898 paulatim
1549 4814 1650 4876 amor
1666 4803 1952 4885 mendaciorum,
1978 4815 2014 4874 et
2028 4823 2086 4871 so·

168 4903 275 4977 lnitia
304 4907 438 4978 sunt'a
467 4907 611 4999 propria
642 4903 823 4995 voluntate
849 4905 1052 4998 impiorum,
1104 4905 1268 5000 phistices
1291 4909 1432 4999 longius
1457 4907 1601 4978 abducit
1619 4919 1755 4977 mentes
1775 4930 1795 4976 a
1813 4902 1911 4989 Deo,
1936 4918 1976 4975 ut
1996 4903 2088 4974 acci-

61 5006 128 5105 qni
143 4996 284 5081 etiamsi
299 5009 490 5079 audierunt
507 5008 705 5079 doctrinam
722 5009 766 5076 de
778 5006 879 5093 Deo,
903 5021 937 5078 et
953 5008 1051 5077 vide-
1103 5011 1157 5081 dit
1176 5008 1279 5080 valde
1301 5011 1424 5081 multis
1440 5023 1562 5081 nostro
1579 5022 1758 5103 tempore,
1782 5007 1820 5076 in
1837 5006 1965 5099 quibus
1979 5004 2090 5075 crevit

60 5110 151 5185 runt
179 5108 363 5180 manifesta
395 5098 616 5195 testimonia,
653 5122 773 5179 tamen
803 5121 865 5179 aut
894 5110 1052 5182 volentes
1104 5106 1278 5183 horribile
1301 5111 1424 5183 odium
1449 5111 1626 5196 veritatis,
1652 5133 1732 5181 curn
1751 5108 1855 5179 initio
1874 5103 2089 5199 sophismata

61 5224 252 5295 assumunt
280 5206 496 5302 Epicureum
527 5225 743 5282 contemtum
771 5208 858 5296 Ilei,
887 5224 927 5281 ut
951 5209 1053 5293 Cain,
1106 5215 1321 5303 quaesierint
1343 5214 1386 5284 ad
1412 5214 1628 5285 excusandos
1650 5211 1791 5309 aliquos
1813 5223 1922 5281 tetros
1944 5229 2092 5290 errores,

60 5312 204 5387 Pilatus
231 5327 268 5384 et
294 5312 448 5398 similes,
481 5327 541 5384 aut
564 5314 646 5406 quia
669 5313 869 5383 existimant
890 5309 1055 5402 Evange-
1104 5328 1146 5386 ut
1166 5316 1436 5401 consuetudini,
1466 5338 1557 5411 quae
1579 5315 1665 5406 ipsis
1687 5333 1898 5408 quacunque
1924 5312 1967 5379 de
1989 5330 2090 5378 causa

59 5411 155 5490 berit
185 5436 261 5484 non
287 5436 480 5505 congruere
503 5418 546 5484 ad
571 5415 792 5484 retinendam
818 5417 1053 5497 autoritatem,
1104 5418 1201 5506 grata
1219 5431 1286 5507 est,
1309 5418 1628 5512 patrocinarentur.

117 5520 299 5587 Mrcsrrn.
328 5521 432 5588 Orsa.
461 5521 543 5584 Vos..
563 5519 659 5587 ΧΙΠ.
1576 5517 1637 5592 ‘l2
