4538 5754
85 272 270 376 goos
551 240 557 244 ’
754 267 934 351 nnn.
961 265 1079 345 nen
1103 269 1314 353 semera
1339 255 1744 357 sandaraca*
1881 322 1886 329 -
2105 283 2233 365 ‘aa

198 409 358 530 clesiam,
391 456 427 515 et
459 441 652 518 restituerit
684 440 868 543 politiam,
905 444 1051 535 quando
1080 444 1190 518 suerit
1243 452 1499 543 promissiones
1531 455 1575 525 ad
1608 452 1772 525 omnium
1804 469 2007 550 temporum
2040 451 2259 529 Ecclesiam'

199 552 280 622 finis
300 549 397 619 illius
414 545 568 636 politiae·
1244 554 1434 646 pertinent,

276 680 471 754 Promissio
482 692 570 750 erat:
588 677 667 750 Non
678 678 857 749 auferetur
870 692 1046 776 sceptrum
1060 680 1190 761 eluda,
1319 685 1596 762 Observandum
1613 703 1666 761 est
1682 689 1795 781 igitur
1806 686 1910 764 ethic
1922 694 1960 765 in
1971 691 2160 782 Zacharia,
2173 697 2230 770 nbi

199 792 313 861 donet
336 782 472 855 venerii
495 774 619 865 Siluia,
654 793 687 850 el
710 797 828 853 iflmtss
852 805 965 850 dssn⁰⁸
989 781 1039 850 70
1069 781 1191 853 ludaei
1243 793 1286 862 de
1302 814 1364 862 sua
1382 792 1505 878 politia
1521 793 1711 887 loquatur,
1738 819 1803 863 nec
1820 819 1961 868 necesse
1982 811 2034 868 est
2056 799 2180 870 omnia
2195 799 2228 870 in

200 889 334 962 suntin
351 885 467 955 exilio.
502 882 627 954 Postea
639 880 736 953 Deus
752 884 905 953 restituit
922 883 1110 974 politiam·
1138 882 1189 954 lta
1241 894 1429 986 allegorias
1446 895 1707 965 transformari.
1758 890 1941 985 Eligamus
1957 912 2076 973 autern
2102 901 2229 992 praeci·

200 1003 354 1087 praestat
377 985 474 1058 Deus
498 987 690 1078 promissa,
723 998 756 1053 et
782 1006 899 1054 tamen
922 986 1037 1076 punit·
1098 985 1191 1054 Pau·
1243 1020 1311 1086 pue
1328 1019 1368 1065 ea
1385 994 1613 1091 dicta,.quae
1636 998 1780 1088 proprie
1805 1000 1850 1067 de
1865 997 1994 1069 Messia
2019 1001 2229 1072 concionan-

107 1152 117 1163 ,
200 1092 330 1167 cissisni
352 1102 468 1161 autem
495 1100 574 1178 post
596 1102 666 1156 tam
692 1087 836 1175 longum
854 1086 996 1156 exilium
1013 1088 1192 1158 existima·
1242 1111 1320 1182 tut,
1353 1112 1386 1167 et
1408 1099 1453 1167 de
1473 1098 1651 1168 beneficii,
1673 1099 1843 1191 aeterni„
1878 1103 1995 1194 quali,
2025 1116 2113 1174 ,ung
2136 1099 2228 1175 hm,

200 1200 289 1269 bant
303 1207 455 1262 velerem
475 1188 634 1281 Pollllam
650 1190 786 1259 restitui
802 1212 913 1279 9⁰⁵⁸ss
967 1188 1068 1278 Quat!
1094 1191 1188 1259 enlm
1242 1196 1332 1270 Cum
1349 1200 1523 1289 sanguine
1538 1200 1756 1272 Testamenti
1773 1201 1827 1272 tui
1842 1205 1979 1274 emittes
1996 1204 2140 1277 vinctos
2155 1218 2227 1294 tuot

200 1295 416 1390 Respublica
433 1304 513 1383 post
529 1304 601 1361 tam
619 1291 764 1380 longum
784 1292 1012 1361 intervallum
1031 1292 1077 1361 ita
1089 1292 1191 1361 resti·
1242 1302 1285 1369 de
1309 1301 1400 1372 lacu,
1461 1296 1565 1372 [sem-2
1599 1299 1793 1372 Effundam
1818 1327 1924 1391 super
1947 1308 2096 1377 domum
2118 1301 2227 1378 Md

201 1416 277 1474 tuta
295 1411 365 1483 est,
391 1407 429 1465 ut
444 1393 551 1464 simul
570 1398 704 1462 ueteres
719 1392 810 1481 leges
828 1408 863 1464 et
879 1393 994 1462 forma
1009 1397 1191 1482 guberna-
1241 1401 1418 1494 Spiritum
1434 1404 1565 1493 gratiae
1583 1419 1617 1474 et
1637 1428 1790 1494 precum.
1844 1403 2021 1477 Historias
2047 1432 2134 1478 vem
2156 1423 2227 1480 tsn-

201 1501 310 1575 tionis
328 1495 598 1569 restitueretur?
650 1493 824 1583 Magnum
849 1495 958 1585 igitur
979 1497 1190 1566 miraculum
1242 1529 1348 1598 quam
1370 1507 1527 1596 exempla
1551 1505 1761 1597 patientiae,
1795 1507 1896 1588 fidei,
1930 1509 2138 1581 atalia-um
2160 1510 2227 1580 vif.

200 1606 269 1675 fuit
298 1598 383 1671 haec
415 1597 574 1667 reductio
607 1621 647 1665 ex
675 1595 882 1690 Babylone,
914 1611 948 1666 et
969 1596 1191 1667 conservatio
1243 1620 1380 1692 tutum,
1405 1606 1619 1681 intueamur,

200 1703 381 1778 Ecclesiae
411 1701 504 1768 inter
535 1711 652 1769 tantos
679 1700 824 1783 fluctus,
863 1713 914 1769 est
949 1700 1190 1774 testimonium

201 1805 418 1901 praesentiae
443 1799 509 1870 Dei
536 1801 573 1869 in
594 1797 766 1882 Ecclesia,
800 1824 839 1870 ac
859 1800 992 1871 talibus
1023 1800 1191 1892 exemplis
1567 1797 1572 1806 ’
1634 1773 1771 1884 capul
1801 1779 1835 1865 l.

200 1911 279 1981 vult
303 1930 368 1976 1108
393 1902 489 1973 Deus
514 1902 735 2020 ΰθΰῆῐῐῐξὸῐῑ,
760 1915 792 1972 ²¹
819 1921 935 1995 petere
961 1917 994 1974 ⁰¹
1009 1916 1190 1997 expedire
1344 1919 1453 1992 Initio
1474 1923 1641 2014 proponit
1655 1924 1863 1996 concionem
1880 1928 2141 2017 poenitentiae,
2166 1928 2228 1999 sic·

205 2007 510 2083 conservationem
527 2001 716 2074 Ecclffiffl‘·
1243 2036 1283 2093 ut
1308 2020 1488 2116 prophetis
1514 2027 1683 2095 usitatum
1710 2040 1776 2095 est:
1810 2025 2074 2100 Convertimini
2100 2035 2228 2109 adme,

934 2173 937 2178 -
1145 2205 1153 2223 .
1243 2138 1277 2196 et
1297 2147 1360 2214 ego
1378 2128 1625 2198 convertar-ad
1640 2123 1727 2198 vos.'
1765 2125 1890 2200 Postea
1912 2134 2111 2204 recitantur
2126 2130 2229 2201 visio-

304 2212 374 2284 Hic
390 2224 424 2281 et
440 2209 629 2280 discrimen
646 2208 942 2278 ⁰⁰ss⁸lder³¹¹d⁰m
966 2218 1016 2317 ‘Sl
1039 2228 1191 2296 Pmmn·
1243 2251 1322 2312 nes,
1339 2251 1429 2320 qsrae
1448 2229 1631 2300 minantur
1645 2230 1833 2318 gentibus,
1849 2247 1883 2305 et
1900 2233 2080 2304 affirmant
2096 2234 2228 2305 insnu-

201 2317 312 2390 sionis
332 2313 463 2404 gratiae
487 2326 519 2380 et
541 2310 787 2402 promissionis
814 2308 1052 2401 corporalium
1078 2310 1191 2426 bono:
1242 2331 1417 2400 ragonem
1449 2327 1718 2424 ijmolymge
1746 2322 1988 2424 procegsurgm
2020 2358 2112 2407 egge,
2171 2331 2228 2402 ln.

201 2445 293 2492 rum·
344 2413 538 2497 Pmel⁵⁵l⁰
553 2412 684 2500 &milae
699 2435 837 2502 ieml'ffl'
860 2425 934 2482 fala
959 2422 1010 2478 ‘⁵¹
1033 2411 1189 2528 (ῑθάἦῃξῑ
1242 2431 1341 2521 signe
1363 2443 1413 2500 est
1436 2444 1572 2516 autem,
1598 2434 1694 2526 qtsod
1719 2433 1839 2527 inquit
1851 2434 2028 2524 Angelum
2050 2431 2226 2527 deprecari

126 2535 133 2554 “
202 2525 241 2606 in
261 2517 511 2593 conversione,
545 2514 640 2583 iuxta
665 2513 816 2581 dictum:
871 2510 963 2581 Vivo
989 2533 1071 2600 ego,
1105 2515 1192 2580 dscrt
1243 2556 1307 2623 pm
1331 2533 1474 2624 populo,
1527 2531 1615 2603 hem
1625 2583 1635 2616 ‚
1662 2537 1757 2629 quod
1784 2537 1834 2606 ,ig
1855 2531 1950 2606 hunc
1975 2534 2157 2629 Angelum
2177 2535 2226 2605 10.

201 2621 396 2702 Dominus,
431 2614 516 2683 ⁰⁰¹⁰
538 2631 688 2684 m⁰f10¹¹¹
715 2613 924 2733 Pessifllffrlss
960 2616 1023 2731 “til
1044 2625 1085 2684 1¹¹
1105 2637 1191 2682 ⁶⁰¹¹·
1242 2634 1302 2727 qui
1328 2635 1366 2702 in
1389 2635 1464 2723 ipso
1487 2636 1531 2704 ad
1556 2635 1685 2726 ipsum.
1737 2636 1845 2707 Hunc
1869 2637 2047 2729 Angelum
2069 2636 2224 2726 intelligo
2259 2651 2261 2660 '

198 2718 531 2795 ‚vertaturetvivat
584 2713 770 2786 Summum
788 2730 821 2786 et
837 2714 1059 2784 immutabile
1089 2738 1190 2783 man·
1242 2758 1316 2804 ωε
1335 2735 1466 2806 pinum
1487 2734 1553 2805 θεῖ
1575 2731 1708 2836 λόγον,
1734 2740 1970 2811 ,ficutnaniel
1992 2741 2129 2836 inquit,
2156 2737 2223 2812 sm

202 2829 326 2897 datum
343 2835 411 2901 est,
438 2831 478 2890 nt
501 2820 683 2887 credamus
704 2818 742 2887 in
765 2816 896 2889 Filium
916 2815 1003 2901 Dei,
1027 2817 1117 2887 sicut
1134 2817 1192 2886 in·
1242 2832 1399 2912 michas]
1415 2838 1581 2930 princeps
1598 2863 1744 2934 “ugnus
1762 2865 1827 2933 pm
1847 2841 1929 2911 5155,
1945 2842 2072 2934 populi
2086 2840 2155 2914 mi·

202 2927 281 3023 quit
302 2922 496 2995 Dominus:
530 2919 685 3011 Spiritus
711 2936 850 2990 sanctus
871 2934 994 3008 arguet
1014 2921 1189 2989 mundum

203 3035 248 3101 de
263 3039 421 3122 peccato,
448 3024 544 3117 quod
564 3045 635 3091 non
650 3024 798 3092 credunt
814 3022 853 3091 in
868 3045 935 3095 nte.
1623 3002 1763 3118 Caput
1788 3011 1841 3095 Π.

160 3224 166 3234 .
302 3158 563 3232 Promissiones
574 3181 657 3225 vero
673 3158 849 3226 bonorum
868 3153 1107 3247 corporalium
1126 3152 1188 3222 etsi
1346 3150 1388 3220 ln
1404 3155 1559 3223 secundo
1575 3154 1688 3244 capite
1701 3155 1791 3226 visio
1811 3157 1855 3225 de
1871 3153 2117 3227 aedificatione
2134 3152 2217 3225 urbis

202 3280 287 3340 sunt
316 3277 432 3344 ratae,
466 3274 584 3329 tamen
618 3253 752 3327 habent
777 3260 1017 3348 exceptionem
1042 3255 1190 3343 castiga·
1242 3255 1460 3338 ostenditur,
1487 3267 1522 3326 et
1547 3257 1729 3328 adduntur
1743 3257 2014 3349 promissiones,
2042 3272 2081 3328 ut
2102 3257 2217 3327 confir·

202 3368 312 3444 tionis
327 3379 360 3434 et
383 3362 512 3443 crucis,
540 3373 579 3428 ut
604 3347 805 3451 qn'anqnam
824 3358 953 3427 Davidi
970 3373 1020 3427 est
1037 3359 1188 3446 promis·
1242 3369 1359 3426 metue
1384 3357 1420 3424 in
1443 3351 1649 3426 hominibus
1669 3381 1745 3448 spes
1763 3359 2045 3430 instaurationis.
2102 3355 2215 3429 luterit

204 3495 282 3542 sum
310 3486 477 3554 regnum,
511 3474 627 3531 tamen
658 3473 736 3550 post
765 3459 979 3528 adulterium
1007 3459 1190 3542 excutitur,
1242 3473 1358 3526 antem
1385 3458 1679 3548 promissionibus
1702 3463 1746 3530 de
1776 3462 1865 3530 urbe
1887 3457 2161 3549 significationes
2181 3457 2222 3524 dt·
2258 3443 2261 3536 ⁸1

204 3571 286 3668 quia
304 3566 511 3653 castigatur,
535 3574 567 3629 et
583 3585 782 3653 quanquam
796 3559 921 3630 Daniel
940 3585 1013 3630 non
1028 3559 1188 3653 deliquit,
1242 3573 1381 3629 aeterna
1398 3557 1573 3644 Ecclesia,
1599 3585 1704 3654 quam
1722 3576 1839 3632 tamen
1855 3562 1991 3631 incoari
2007 3552 2213 3653 oportetmi·
2257 3537 2261 3584 ⁴

204 3691 324 3747 tamen
358 3664 547 3736 abducitur
578 3663 616 3731 in
644 3662 810 3743 exilium,
850 3664 933 3752 qnia
956 3656 1113 3732 Ecclesia
1141 3678 1191 3733 est
1242 3660 1388 3731 nisterio
1422 3658 1626 3746 Evangelii,
1653 3666 1748 3755 quod
1783 3663 1821 3732 in
1854 3663 1916 3732 illa
1951 3659 2212 3757 urbesonebit,

206 3774 360 3848 subiecta
397 3764 505 3837 cruci.
558 3758 694 3834 lnterea
729 3778 813 3834 vero
847 3762 945 3834 Deus
977 3765 1045 3834 alia
1078 3762 1190 3851 gloria
1242 3762 1563 3833 sicutdictumest:
1592 3763 1644 3835 De
1662 3761 1750 3835 Sion
1769 3767 1968 3856 egredietur
1991 3765 2046 3833 lex
2064 3776 2130 3838 etc.
2174 3753 2212 3829 Et
2257 3796 2260 3808 ·

205 3900 284 3948 eum
302 3883 424 3952 ornat,
443 3867 523 3960 quia
540 3867 635 3936 inter
649 3890 787 3946 causas,
812 3890 920 3958 quare
936 3862 1089 3934 Ecclesia
1106 3867 1190 3935 sub-
1242 3863 1325 3955 quia
1348 3865 1564 3954 praedictum
1585 3879 1658 3936 erat
1671 3864 1709 3935 in
1726 3861 1884 3937 hocloco
1902 3863 2071 3935 Messiam
2087 3859 2211 3933 concio·

205 3982 292 4052 iecta
309 3987 361 4044 est
377 3969 494 4051 cruci,
522 3967 588 4036 hae
605 3992 745 4062 quoque
759 3982 840 4036 siant
848 4018 860 4052 ,
890 3965 977 4036 Vult
993 3964 1088 4034 Deus
1105 3991 1191 4036 con·
1242 3978 1407 4035 naturum
1434 3982 1526 4046 esse,
1559 3967 1737 4037 editurum
1753 3967 1979 4049 testimonia,
2008 3981 2045 4037 et
2068 3967 2210 4036 futurum

205 4080 294 4172 spici
315 4095 414 4146 suam
439 4070 670 4161 praesentiam
698 4070 737 4137 in
761 4065 937 4151 Ecclesia,
966 4068 1045 4137 ideo
1077 4083 1190 4137 servat
1238 4079 1315 4136 'esse
1331 4067 1508 4137 victimam
1534 4083 1567 4138 et
1582 4060 1798 4140 revicturum
1818 4092 1908 4151 esse,
1933 4069 2059 4138 miscet
2077 4061 2210 4159 promis·
2256 4078 2261 4092 ·

204 4206 280 4255 eam
311 4177 387 4249 sine
411 4171 594 4265 praesidiis
618 4165 804 4249 humanis,
856 4167 942 4239 Vult
966 4183 1001 4239 et
1021 4169 1089 4236 fide
1114 4194 1189 4239 eam
1242 4168 1335 4237 sioni
1351 4185 1512 4239 aeternae
1525 4166 1720 4257 Ecclesiae,
1736 4172 1988 4263 promissiones
2004 4172 2049 4241 de
2067 4165 2136 4240 hoc
2151 4166 2209 4236 tou

205 4284 300 4374 regi,
317 4283 350 4351 et
365 4279 410 4347 ab
425 4276 502 4365 ipso
520 4273 691 4366 pendere,
705 4275 799 4364 quod
817 4295 890 4342 non
907 4272 1022 4350 lieret,
1046 4270 1075 4339 si
1090 4272 1189 4343 nulla
1243 4271 1384 4363 proprie
1398 4272 1593 4365 loquentes.

206 4377 500 4474 essentpericula·
1349 4402 1532 4475 Caeterum
1566 4406 1610 4473 ad
1641 4406 1760 4475 omnia
1790 4420 1947 4500 tempora
1982 4405 2211 4476 accommode·
2258 4380 2261 4492 l

134 4506 136 4515 ’
311 4513 495 4583 Praeterea
526 4509 777 4578 discernendae
810 4522 893 4577 sunt
926 4508 1188 4598 promissiones,
1244 4521 1301 4576 tur
1328 4507 1515 4597 promissio
1538 4507 1771 4578 defensionis:
1799 4504 1872 4579 Ero
1897 4531 2019 4578 murus
2042 4504 2213 4598 igneusin

159 4607 162 4612 ⁵
206 4640 297 4710 quae
320 4612 466 4706 proprie
492 4613 537 4680 ad
561 4608 737 4680 lsrae'litas
760 4609 956 4701 pertinent,
983 4610 1191 4699 agenerali-
1242 4609 1391 4678 circuitu
1410 4632 1552 4691 eorum,
1579 4622 1613 4680 et
1628 4610 1757 4681 deinde
1777 4612 1821 4680 de
1843 4611 2040 4701 praesentia
2059 4610 2147 4680 Filii
2160 4603 2215 4679 Dtl

205 4722 273 4790 bus
288 4712 590 4807 promissionibus
607 4707 793 4780 Ecclesiae.
845 4712 1190 4794 llliseratcertase-
1242 4704 1280 4778 in
1298 4702 1469 4779 Ecclesia:
1496 4706 1588 4780 Ecce
1603 4734 1666 4801 ego
1686 4711 1791 4781 venio
1806 4726 1841 4781 et
1857 4707 2026 4783 habitabo
2049 4713 2088 4782 in
2111 4709 2215 4781 medio

205 4823 267 4890 des
290 4831 325 4887 et
347 4815 471 4909 politia
498 4813 687 4905 promissa,
715 4835 811 4883 nunc
825 4809 982 4882 Ecclesia
1005 4835 1122 4904 sparsa
1140 4825 1191 4881 est
1241 4811 1296 4880 tui
1310 4823 1372 4881 etc.
1416 4811 1457 4881 ln
1476 4807 1542 4881 hoc
1560 4814 1673 4903 capite
1688 4813 1857 4905 particula
1874 4827 1924 4885 est
1939 4815 2108 4885 obscura:
2146 4811 2219 4883 Post

208 4923 302 4990 inter
319 4930 457 5007 gentes,
485 4917 561 4986 sine
584 4929 677 4984 certo
695 4915 864 5004 imperio,
893 4928 927 4984 et
950 4927 1087 4992 tamen,
1108 4915 1190 5005 quia
1242 4911 1390 5001 gloriam
1409 4937 1530 5002 regum
1549 4911 1872 5008 Babylonicorum,
1899 4917 1959 5010 qui
1982 4915 2127 5006 gloriati
2146 4924 2219 4986 sunt

207 5025 246 5092 in
263 5017 329 5090 hac
347 5019 418 5087 vita
437 5015 578 5089 mortali
598 5016 795 5104 colligitur,
817 5013 912 5085 Deus
929 5018 988 5084 dat
1002 5015 1133 5083 victum
1155 5028 1190 5084 et
1242 5013 1391 5083 deletam
1410 5039 1483 5086 esse
1500 5012 1806 5110 Hierosolymam,
1834 5042 1896 5108 ego
1912 5017 2053 5087 veniam
2079 5031 2115 5088 et
2134 5017 2221 5088 reiu-

207 5123 373 5206 nidulos,
397 5120 488 5191 sicut
507 5117 626 5208 inquit
647 5115 839 5187 Dominus:
865 5115 941 5188 Scit
964 5130 1062 5207 pater
1075 5129 1190 5185 vester
1242 5117 1324 5185 tabo
1345 5139 1467 5186 eorum
1494 5117 1759 5206 gloriationem,
1795 5133 1828 5189 et
1852 5120 1997 5211 puniam
2022 5141 2095 5192 eos.
2155 5115 2223 5188 Atii

201 5224 387 5313 eoelestis,
428 5222 524 5314 quod
558 5200 614 5287 his
657 5221 763 5288 rebus
796 5240 886 5309 opus
917 5213 1087 5287 habeatis.
1143 5211 1190 5289 Et
1241 5217 1538 5309 interpretantur,
1556 5220 1867 5309 postgloriam,id
1887 5234 1956 5304 est,
1981 5234 2225 5313 postregnum

207 5326 290 5401 Esa.
305 5325 380 5400 50.:
407 5323 514 5396 Dabit
531 5320 630 5393 vobis
646 5318 823 5389 Dominus
840 5322 1042 5407 doctorem,
1068 5332 1102 5388 et
1128 5341 1190 5408 pa·
1243 5315 1425 5388 ludaicum
1450 5332 1595 5410 apparet
1617 5317 1798 5406 Christus,
1831 5321 1926 5394 iuxta
1958 5321 2114 5392 dictum:
2147 5319 2225 5397 Nou

146 5426 149 5433 “
190 5452 293 5513 nem,
331 5442 368 5499 et
380 5447 511 5520 aquam
527 5442 609 5497 cum
627 5421 870 5497 tribulatione.
920 5418 998 5492 Hae
1014 5420 1190 5513 generales
1242 5421 1421 5492 auferetur
1438 5435 1613 5511 sceptrum
1630 5435 1695 5497 etc.
