4538 5754
107 226 188 305 sos
568 224 616 299 u.
668 217 1327 301 mouunucoumusuan
1353 214 1679 297 ruoouurau.
2050 231 2128 310 ω,

211 391 308 466 llaec
323 393 389 466 etsi
403 379 450 465 de
469 406 629 487 tempore
650 396 923 489 praedicationis
938 394 1096 488 Aposto-
1146 391 1362 464 defensione.
1394 390 1492 462 Deus
1504 405 1555 462 est
1574 393 1664 482 ignis
1676 404 1901 480 consumens,
1922 410 1962 469 ut
1976 398 2127 471 inMose

106 500 227 567 lorum
255 490 316 567 hic
346 496 532 580 dicuntur,
564 509 685 569 tamen
710 498 937 570 liberationes
963 498 1097 568 similes
1146 492 1400 584 scriptumest,
1425 489 1498 563 Nec
1512 492 1601 562 iram
1617 507 1652 565 et
1669 493 1841 566 iudicium
1862 497 1938 568 eius
1956 501 2128 573 sustinere

105 612 211 683 sunt,
235 596 315 690 lpse
339 597 434 668 lilius
457 592 526 666 Dei
546 600 671 669 sedens
692 601 736 669 ad
759 601 937 670 dexteram
960 599 1096 670 aeterni
1144 589 1301 663 Ecclesia
1330 605 1459 685 posset.
1518 591 1602 663 ldeo
1630 597 1726 665 nube
1749 598 1918 686 tegimur,
1952 613 1985 669 et
2012 601 2127 673 Filius

104 697 245 783 Patris,
271 713 388 770 servat
401 698 556 791 aliquam
573 714 708 790 partem
723 702 861 790 generis
874 697 1041 784 humani,
1062 712 1097 769 et
1145 691 1213 764 Dei
1235 694 1481 764 umbraculum
1506 708 1558 765 est
1587 696 1682 765 iuter
1706 696 1822 766 Deum
1853 698 2068 773 iudicantem
2092 719 2127 776 et

104 800 248 891 colligit
270 800 409 894 aliquos
434 812 573 882 coetus,
607 825 672 872 nec
695 802 783 871 sinit
801 801 1095 874 funditusdeleri
1145 818 1222 868 nos.
1254 793 1416 866 Dulciter
1429 795 1602 883 fovemur,
1624 820 1670 866 ne
1684 820 1935 871 consumamur
1949 797 2127 876 horrenda

104 914 225 973 totum
248 922 358 991 genus
373 894 583 973 humanum.
639 901 803 973 Vicissim
827 920 944 975 autern
961 903 999 971 in
1021 925 1095 972 ser·
1145 897 1199 967 ira
1213 894 1291 968 Dei.

103 1003 198 1072 ratis
220 1001 382 1094 reliquiis
411 1015 515 1073 sonat
538 1026 607 1072 vox
629 1002 834 1094 Evangelii,
865 1027 935 1098 qua
962 1004 1094 1074 noticia
1239 994 1378 1067 Deinde
1393 1009 1619 1086 oppugnatur
1632 995 1787 1068 Ecclesia
1804 1002 2009 1085 adiabolis‚
2035 1018 2127 1100 aty-

104 1103 182 1173 eius
197 1116 433 1195 propagatur,
455 1113 490 1172 et
505 1104 538 1172 ei
553 1105 684 1192 gratiae
701 1120 867 1195 aguntur.
1145 1097 1287 1182 cannis,
1314 1110 1349 1168 et
1370 1097 1544 1189 premitur
1566 1097 1660 1168 inter
1683 1124 1888 1172 communes
1913 1105 2127 1177 calamitates

206 1201 336 1292 Qualis
351 1216 403 1274 est
417 1218 534 1274 autem
550 1205 738 1276 liberatio?
762 1205 826 1276 Est
840 1206 998 1277 remissio
1013 1229 1094 1296 pec.
1145 1199 1282 1288 generis
1306 1193 1472 1282 humani,
1506 1212 1539 1267 et
1569 1199 1662 1290 inter
1689 1202 1862 1274 tumultus
1885 1204 2127 1297 imperiorum.

103 1319 286 1388 catorum,
321 1302 570 1391 sanctificatio,
610 1308 840 1401 gubernatio,
875 1323 909 1378 et
935 1307 1093 1376 defensio
1146 1301 1216 1370 Sed
1234 1313 1401 1392 tanquam
1415 1299 1577 1369 flammeo
1594 1325 1695 1370 muro
1712 1302 1824 1374 cincta
1842 1319 1911 1390 est,
1935 1331 1980 1375 ne
2001 1309 2128 1378 diabo-

101 1405 249 1490 dir'ins3
276 1405 358 1475 ideo
378 1404 418 1474 in
440 1417 539 1476 textu
554 1406 655 1477 dicit:
679 1404 857 1478 Dominus
873 1409 993 1479 abluet
1016 1430 1094 1478 sor-
1144 1400 1200 1470 lus
1215 1413 1250 1470 et
1270 1400 1413 1495 tyranni
1428 1398 1562 1471 saevire
1578 1400 1615 1470 iu
1632 1426 1708 1471 earn
1725 1405 1879 1493 possint,
1905 1419 1945 1476 ut
1970 1404 2127 1480 stirentcr

102 1509 168 1576 des
185 1507 343 1577 filiorum
360 1505 467 1580 Zion.
1145 1501 1305 1593 cupiunt.
1357 1501 1404 1570 Et
1426 1514 1499 1570 tota
1518 1497 1602 1570 haec
1619 1505 1776 1574 defensio
1800 1504 2052 1598 comprehensa
2076 1523 2127 1580 est

209 1602 375 1677 Affirmat
391 1603 500 1694 igitur
514 1602 801 1678 annunciandam
818 1630 891 1678 esse
914 1607 1094 1678 remissio-
1146 1602 1184 1670 in
1210 1603 1305 1673 dicto
1327 1596 1485 1697 Christi,¹
1506 1627 1577 1694 quo
1601 1628 1665 1672 nos
1689 1606 2125 1682 dulcissimeconsolatur:
2219 1618 2255 1674 Ἀ

103 1730 191 1778 nem
211 1721 457 1800 peccatorum,
482 1720 517 1777 et
531 1731 609 1778 cum
633 1703 698 1778 hac
722 1708 762 1779 lit
787 1709 1032 1793 sanctificatio,
1056 1709 1095 1778 id
1144 1702 1257 1773 Nemo
1276 1704 1388 1797 rapiet
1402 1726 1486 1773 oves
1501 1726 1595 1772 meas
1609 1729 1649 1773 ex
1664 1707 1828 1777 manibus
1844 1711 1943 1787 meis,

104 1821 178 1894 est,
204 1808 366 1879 conversi
384 1809 430 1877 ad
446 1804 580 1895 Deum,
605 1822 689 1879 sunt
711 1810 782 1879 iam
800 1834 881 1880 vere
904 1824 1044 1880 sanctus
1062 1824 1095 1881 et
1246 1804 1315 1876 Sed
1331 1805 1470 1898 quoties
1486 1799 1548 1873 bas
1565 1803 1815 1896 promissiones
1830 1810 1997 1898 legimus,
2023 1813 2126 1883 audi-

102 1907 183 1981 Deo
200 1911 336 1981 dicatus
353 1908 525 2000 populus,
551 1923 636 1981 sunt
651 1913 813 1981 custodes
834 1910 934 1980 verbi
950 1908 1036 1994 Dei,
1061 1923 1097 1980 et
1145 1929 1245 2000 rous,
1282 1907 1493 1996 cogitamus,
1524 1930 1611 1998 quas
1642 1909 1785 2000 quidem
1813 1924 1957 2002 propter
1986 1915 2126 1984 assidua

108 2033 194 2078 enm
207 2022 412 2101 agnoscunt,
436 2023 470 2079 et
486 2010 646 2081 serviunt
662 2012 693 2078 ei
708 2013 800 2081 veris
815 2012 940 2082 officiis
954 2025 989 2083 et
1002 2011 1096 2080 veris
1143 2007 1301 2097 pericula
1323 2030 1461 2098 semper
1484 2008 1522 2074 in
1543 2023 1731 2098 conspectu
1747 2033 1821 2080 esse
1838 2027 1995 2103 oportet,
2019 2017 2126 2093 simul

104 2109 273 2195 cultibus,
300 2125 334 2182 et
350 2109 496 2205 quidem
510 2111 746 2202 purificantur
759 2113 803 2180 ab
821 2136 873 2196 eo,
900 2136 962 2203 per
976 2111 1094 2202 Spiri-
1143 2108 1341 2178 doctrinam
1357 2110 1402 2176 de
1417 2108 1486 2179 lide
1498 2123 1532 2179 et
1545 2130 1607 2199 spe
1623 2110 1907 2201 complectamur.

101 2225 183 2281 tum
197 2225 378 2296 sanctum,
403 2223 443 2280 ut
457 2212 508 2281 ibi
523 2211 627 2294 dicit,
652 2213 781 2301 spiritu
796 2214 934 2293 ardoris
948 2227 982 2284 et
996 2212 1093 2282 iudi·
1245 2206 1327 2278 Nou
1345 2208 1430 2278 satis
1444 2223 1495 2278 est
1510 2209 1634 2279 audire
1652 2212 1945 2309 promissionem,
1970 2218 2031 2287 sed
2056 2242 2125 2288 no·

102 2311 174 2395 eii,
201 2312 325 2396 idest,
352 2311 492 2406 Spiritu
515 2313 696 2383 iudicante
718 2327 752 2385 et
769 2314 915 2384 tollente
937 2314 1093 2383 carnales
1144 2321 1235 2378 strae
1267 2323 1402 2380 mentes
1433 2310 1562 2379 fiducia
1586 2310 1651 2379 lilii
1674 2312 1741 2383 Dei
1774 2315 1905 2386 faciant
1929 2317 2126 2389 invocatio-

101 2412 296 2505 opiniones
314 2426 349 2484 et
364 2412 586 2503 cupiditates.
1143 2433 1245 2489 nem,
1271 2412 1412 2480 ardenti
1425 2410 1494 2479 fide
1508 2423 1631 2500 petant
1644 2415 1935 2502 gubernationem
1954 2432 1989 2490 et
2004 2420 2126 2492 defen-

209 2512 313 2604 Qnae
335 2526 553 2606 sequnntur,
579 2525 786 2606 perpetuam
802 2515 1043 2585 defensionem
1059 2527 1094 2584 et
1143 2511 1307 2594 sionem,
1329 2524 1363 2583 et
1384 2512 1558 2582 constanti
1578 2534 1638 2603 tpe
1665 2536 1742 2582 eam
1768 2531 1960 2606 expectent.
1998 2519 2046 2590 Et
2069 2521 2126 2589 in-

100 2615 402 2705 gobernationem
418 2613 632 2701 significant,
656 2629 690 2686 et
703 2628 819 2689 sumta
835 2628 887 2685 est
902 2615 1092 2706 descriptio
1142 2623 1279 2682 tuentes
1294 2612 1333 2680 in
1348 2610 1482 2683 Filium
1497 2611 1588 2696 Dei,
1613 2615 1674 2705 qrri
1692 2616 1797 2684 nobis
1812 2620 2059 2690 umbraculum
2074 2637 2126 2692 est
2246 2608 2254 2615 ’

102 2730 256 2809 styps„
272 2737 292 2783 a
306 2714 513 2785 defensione
528 2714 652 2809 populi
668 2716 707 2784 in
722 2718 879 2800 deserto,
905 2719 965 2810 qui
981 2717 1093 2786 inter·
1143 2725 1178 2783 et
1198 2712 1384 2783 flammeus
1406 2736 1546 2798 murus,
1571 2714 1754 2786 vincamus
1769 2718 2027 2806 dubitationes,
2050 2746 2126 2793 me-

104 2816 169 2885 din
189 2815 377 2904 tegebatur
395 2815 513 2900 nube,
539 2829 575 2888 et
594 2828 703 2885 noctu
725 2815 926 2888 lucentibus
939 2818 1093 2888 flammis
1143 2827 1239 2898 tum,
1264 2815 1406 2884 dolores
1432 2827 1590 2894 nostros,
1617 2831 1652 2887 et
1672 2829 1865 2889 statuamus
1889 2844 1955 2890 nos
1978 2825 2024 2892 ab
2048 2824 2124 2915 ipso

102 2917 346 2986 circumdatus
360 2927 444 2984 erat.
1142 2915 1296 3000 servari,
1321 2916 1395 3004 regi
1421 2930 1455 2986 et
1478 2915 1626 3007 protegi.
1674 2915 1721 2986 Et
1739 2913 1804 2997 hac
1820 2920 1888 2989 lide
1905 2936 1938 2992 et
1960 2946 2022 3013 spe
2039 2949 2125 2994 con-

200 3012 298 3087 llaec
312 3016 448 3107 pictura
460 3012 702 3086 dulcissimam
717 3017 994 3088 consolationem
1009 3041 1094 3109 pro·
1142 3027 1272 3085 stantes
1295 3016 1407 3086 simus
1430 3017 1471 3085 in
1499 3017 1718 3087 confessione
1745 3031 1779 3087 ct
1801 3022 1970 3094 omnibus
1998 3025 2124 3097 officiis

103 3117 231 3209 ponit,
263 3131 298 3188 et
331 3117 475 3209 quidem
506 3119 776 3187 commonefacit
811 3141 876 3187 nos
910 3119 1014 3197 simul
1048 3121 1092 3186 de
1143 3117 1337 3187 vocationis
1354 3130 1504 3186 nostrae.
1822 3205 1827 3215 1

101 3217 353 3308 magnitudine
382 3216 606 3286 miseriarum
637 3233 670 3288 ct
695 3219 955 3309 periculorum,
988 3223 1092 3290 etde
1245 3215 1286 3287 ln
1303 3218 1437 3311 reliqua
1452 3214 1576 3308 Capita
1593 3220 1839 3291 desiderantur
1855 3225 2072 3313 argumenta.
