4538 5754
59 259 129 331 ns
786 256 833 342 11.
882 261 1035 338 arnna
1065 260 1134 336 ua
1166 255 1341 338 aurun.
1600 224 1606 235 ’
1829 239 1832 245 ’
2000 268 2072 341 ιιι
2164 215 2169 225 ’

55 426 344 500 dissimilitudine
360 432 460 522 regni
482 433 546 502 lilii
567 448 603 505 et
627 434 726 523 regni
744 434 856 526 patris
876 435 1038 529 loquitur
1091 431 1153 526 qui
1167 431 1375 521 significant,
1397 446 1511 504 totum
1534 453 1643 522 genus
1658 429 1854 506 humanum
1875 463 1974 510 reum
1997 463 2071 511 esse

54 528 194 598 Paulus.
248 529 354 601 Tunc
374 532 459 602 vero'
476 535 647 604 revocatis
672 559 712 604 ex
733 549 847 606 morte
871 537 1039 606 omnibus
1091 534 1214 603 mortis
1228 547 1374 625 propter
1389 547 1539 625 peccata.
1589 531 1750 629 Cumque
1768 537 1861 607 filius
1878 537 1944 609 Dei
1959 554 2072 617 morte

55 633 93 698 ad
114 632 293 700 iudicium
308 633 521 705 abiicientur
545 636 581 703 in
609 630 806 705 horrendos
826 652 858 707 et
875 651 1038 706 aeternos
1091 659 1153 705 sua
1169 634 1357 724 placaverit
1370 649 1551 703 aeternum
1568 650 1722 725 patrem,
1748 660 1829 729 pars
1848 641 1985 726 generis
2000 637 2069 709 hu-

55 733 228 802 cruciatus
257 756 382 804 omnes
403 735 537 806 diaboli
560 751 595 806 et
617 761 740 807 omues
764 732 945 820 homines,
976 736 1039 830 qui
1092 737 1188 803 mani
1204 737 1399 804 contemnit
1416 732 1483 804 lroc
1498 736 1716 820 beneficium,
1738 763 1777 806 ac
1794 739 1939 830 insuper
1956 740 2070 810 filium

54 856 121 902 non
137 832 308 904 conversi
323 848 408 905 sunt
424 837 523 926 prius
537 839 580 904 ad
597 834 724 911 Deum.
1091 836 1160 904 Dei
1189 837 1281 920 odit,
1321 859 1362 904 ac
1391 839 1549 906 furenter
1573 838 1798 908 contumeliis
1827 841 1956 930 adficit.
2008 839 2071 910 ln·

148 932 253 1003 Haec
267 934 428 1005 doctrina
442 937 611 1026 patefacta
627 963 646 1007 a
663 938 740 1007 Deo
758 939 863 1009 certis
878 938 1038 1008 testimo·
1093 950 1260 1007 tueantur
1282 958 1364 1025 ergo
1390 932 1458 1004 hoc
1488 937 1725 1027 spectaculum
1754 941 1917 1032 tyranni,
1951 937 2070 1013 hostes

57 1034 119 1103 niis
142 1035 297 1126 propria
322 1050 374 1105 est
386 1033 582 1121 Ecclesiae,
609 1053 642 1108 et
661 1060 799 1130 semper
820 1039 905 1108 inde
927 1060 1039 1129 usque
1092 1034 1297 1125 Evangelii,
1321 1052 1490 1107 eteorum
1507 1038 1691 1124 satellites,
1715 1052 1749 1109 et
1771 1062 1807 1109 se
1832 1041 1926 1132 ipsos
1947 1043 1987 1111 in
2003 1039 2070 1112 hac

56 1158 73 1203 a
87 1135 216 1225 primis
232 1136 394 1226 patribus
407 1138 444 1205 in
459 1134 615 1206 Ecclesia
633 1153 754 1222 sonat,
776 1152 816 1209 ut
832 1141 955 1208 concio
967 1137 1040 1206 He·
1092 1140 1188 1207 furca
1204 1140 1358 1229 pendere
1380 1139 1450 1206 iam
1463 1137 1636 1225 cogitent,
1661 1140 1718 1209 cui
1733 1140 1876 1212 ‘adfixus
1896 1155 1948 1213 est
1970 1144 2073 1228 latro,

10 1292 13 1337 ἱ
56 1231 141 1304 noch
157 1235 386 1305 recitaturin
400 1234 560 1329 Epistola
583 1236 708 1309 tudae:
734 1234 833 1311 ’Idaei
854 1233 948 1332 ἦλθε
972 1231 1041 1309 κύ·
1093 1238 1154 1330 qui
1172 1238 1349 1307 maledicit
1376 1239 1450 1323 filio
1466 1237 1546 1310 Dei.
1598 1237 1668 1309 Sed
1690 1262 1771 1330 pars
1796 1255 1848 1311 est
1870 1237 2072 1327 hominum,

10 1350 12 1359 '
57 1360 127 1431 proc
146 1335 193 1407 ἐν
219 1330 349 1433 ἁγίαις
373 1335 553 1431 μυριάσιν
577 1337 714 1424 αὐτοῦ,
746 1344 895 1432 ποιῆσαι
918 1334 1041 1432 κρίσιν
1094 1338 1156 1431 qui
1172 1339 1380 1408 beneficium
1394 1337 1460 1406 filii
1472 1337 1540 1408 Dei
1558 1340 1746 1428 accipiunt.
1795 1343 1850 1412 lle
1874 1337 1913 1410 hi
1929 1345 2072 1435 quidem

56 1432 142 1507 mci
164 1433 346 1526 πάντων,
380 1435 443 1509 καὶ
474 1437 649 1536 ἐξελέγξαι
677 1433 820 1520 πάντας
841 1436 930 1529 τοὺς
956 1437 1041 1509 ἀσε-
1094 1452 1310 1528 agnoscunt,
1334 1460 1371 1508 se
1386 1462 1537 1530 poenam
1557 1441 1702 1511 meritos
1727 1464 1819 1528 esse,
1840 1457 1881 1514 ut
1904 1444 1994 1514 alter
2017 1445 2072 1512 la·

55 1536 145 1629 βιῖς,
181 1533 271 1631 περὶ
292 1531 447 1611 πάντων
466 1544 545 1611 τῶν
573 1539 694 1639 ἔργων
715 1535 885 1634 ἀσεβείας
902 1537 1040 1611 αὐτῶν.
1095 1554 1168 1624 tro,
1196 1541 1258 1608 sed
1282 1551 1400 1610 tamen
1423 1539 1632 1630 confugiunt
1659 1541 1703 1610 ad
1732 1543 1848 1612 lilium
1866 1541 1945 1616 Dei.
2003 1542 2073 1613 Per

55 1635 384 1709 EtostenditDeus
408 1641 607 1711 testimonia
632 1657 800 1711 venturae
826 1644 934 1723 vitae,
960 1663 1040 1709 cum
1094 1635 1191 1708 huuc
1213 1641 1330 1710 sciunt
1350 1663 1386 1709 se
1407 1639 1553 1710 liberari
1573 1664 1595 1710 a
1617 1655 1756 1732 peccato
1779 1657 1812 1713 et
1836 1657 2005 1722 amorte,
2030 1659 2072 1716 ut

54 1739 295 1827 spectantibus
319 1740 398 1808 aliis
420 1742 492 1808 vivi
526 1743 564 1811 in
594 1745 731 1812 coelum
764 1743 924 1813 translati
958 1752 1042 1810 sunt
1094 1736 1152 1808 hie
1165 1740 1255 1810 latro
1271 1740 1804 1833 petitliberationemapeccato
1822 1758 1856 1814 et
1870 1744 1916 1813 ab
1931 1757 2072 1814 aeterna

55 1834 205 1908 Henoeh
228 1853 266 1908 et
289 1836 400 1914 Elias.
452 1839 506 1910 Ac
527 1844 565 1911 in
581 1839 840 1934 Prophetarum
859 1842 1041 1912 concioni·
1094 1853 1225 1923 morte,
1250 1842 1407 1929 agnoscit
1426 1837 1541 1925 hunc,
1567 1865 1587 1910 a
1610 1865 1681 1935 quo
1703 1844 1789 1934 petit
1810 1868 1931 1935 opem,
1957 1866 2074 1936 quan·

55 1941 295 2009 bossubinde
309 1942 456 2029 repetita
474 1956 524 2012 est
546 1939 631 2013 lraee
653 1945 834 2024 doctrina,
861 1956 895 2012 et
920 1943 1041 2013 claris·
1094 1964 1200 2033 quam
1227 1941 1454 2023 morientem,
1488 1956 1605 2012 tamen
1630 1964 1706 2012 non
1735 1966 1879 2033 prorsus
1903 1945 2074 2034 extingui,

56 2040 136 2108 sime
150 2063 245 2109 vore
258 2040 324 2108 filii
340 2038 405 2109 Dei
423 2043 620 2132 proposita,
647 2057 681 2114 et
700 2043 810 2135 ipsius
826 2044 1042 2126 testimonio,
1094 2045 1153 2109 sed
1171 2043 1217 2109 ita
1234 2042 1370 2121 vivere,
1394 2055 1433 2113 nt
1451 2041 1555 2110 etiam
1572 2043 1698 2113 reddat
1721 2043 1802 2112 aliis
1823 2046 1932 2114 vitam
1960 2060 2073 2115 aeter-

52 2140 298 2221 contuitu,
323 2142 608 2213 confirmataest.
660 2143 763 2213 Hane
783 2144 892 2232 igitur
909 2143 1040 2213 doctri·
1095 2165 1189 2212 nam.
1222 2140 1334 2211 Audit
1349 2141 1457 2231 igitur
1471 2141 1677 2211 concionem
1693 2143 1867 2214 defutura
1883 2144 1969 2213 vita:
1996 2143 2075 2214 Ho-

52 2264 130 2310 narn
153 2254 345 2310 teneamus
367 2256 401 2313 et
425 2243 524 2312 firma
548 2245 757 2315 adsensione
780 2244 1043 2334 amplectamur,
1094 2242 1152 2311 die
1168 2265 1304 2311 mecum
1328 2243 1397 2310 eris
1419 2241 1458 2309 in
1479 2242 1652 2333 paradiso.
1702 2240 1779 2312 Hac
1794 2267 1885 2324 ¹voce
1908 2244 2075 2332 intelligit

49 2356 81 2411 et
95 2352 174 2410 tota
194 2342 269 2410 vita
284 2355 403 2411 nostra
420 2343 600 2413 intueatur
615 2344 707 2414 illud
719 2366 841 2412 verum
858 2344 1046 2425 iudicium,
1095 2341 1205 2410 deleri
1227 2365 1290 2412 sua
1312 2354 1462 2433 peccata,
1501 2354 1537 2412 et
1564 2342 1633 2411 sibi
1666 2343 1792 2413 donari
1815 2345 1922 2414 vitam
1949 2368 2086 2435 perpeae

49 2445 148 2535 qnod
164 2454 251 2533 post
271 2455 423 2511 mortem
446 2444 597 2513 subituri
619 2467 740 2515 sumus
763 2466 903 2527 omues,
927 2456 962 2513 et
978 2443 1042 2513 ad·
1095 2456 1203 2535 tuam.
1253 2439 1302 2512 Et
1323 2465 1526 2536 quanquam
1549 2436 1608 2511 hic
1630 2444 1760 2533 pendet
1781 2443 1952 2514 laceratus
1972 2457 2005 2514 et
2019 2468 2075 2515 se·
2137 2459 2142 2471 ⁴
2221 2447 2229 2461 '

46 2544 256 2612 sentiamur
269 2542 347 2610 voci
364 2539 570 2633 Evangelii,
595 2545 685 2614 etin
705 2568 786 2614 vera
811 2545 1042 2615 conversione
1095 2542 1266 2625 rnivivus,
1292 2556 1408 2611 tamen
1433 2542 1508 2610 lilio
1520 2540 1590 2614 Dei
1607 2566 1708 2614 veros
1729 2539 1883 2614 honores
1905 2558 1940 2614 et
1959 2559 2075 2635 gratos

48 2648 93 2711 ad
107 2640 232 2712 Deum
250 2643 495 2731 confugiamus
517 2646 562 2713 ad
579 2645 690 2714 filium
706 2644 791 2729 Dei,
816 2670 856 2713 ac
872 2659 1043 2736 petamus,
1095 2643 1208 2712 cultos
1230 2644 1344 2712 cultus
1368 2643 1505 2713 tribuit.
1554 2640 1645 2712 Cum
1669 2645 1893 2715 conticuisset
1916 2657 1987 2715 tota
2005 2641 2075 2715 Ec-

46 2745 227 2815 uteorda
249 2757 371 2814 nostra
397 2746 564 2815 accendat
589 2745 814 2836 Spiritusne
838 2760 978 2827 sancto,
1003 2757 1043 2814 ut
1095 2742 1217 2828 clesia,
1247 2768 1327 2814 cum
1350 2739 1514 2832 Apostoli
1535 2743 1663 2833 dilapsi
1687 2752 1816 2828 essent,
1854 2741 1911 2815 hic
1934 2746 2076 2815 concio-

46 2845 95 2914 ad
112 2843 211 2913 illud
228 2843 401 2913 iudicium
420 2845 522 2916 initia
546 2847 705 2914 iusticias
722 2860 883 2917 aeternae
904 2847 1043 2914 adfera—
1096 2857 1200 2912 natur
1215 2840 1311 2912 hunc
1327 2845 1460 2911 socium
1483 2843 1649 2935 supplicii
1670 2857 1900 2933 regnaturum
1924 2869 2015 2930 esse,
2039 2859 2073 2916 et

45 2967 145 3014 rous.
200 2942 293 3013 Nam
309 2960 349 3014 ut
362 2956 465 3015 antea
480 2946 613 3016 dictum
630 2960 699 3030 est,
725 2970 869 3038 prorsus
885 2969 1042 3015 necessa·
1095 2944 1318 3013 redditurum
1332 2966 1404 3012 esse
1420 2938 1626 3013 hominibus
1642 2945 1749 3016 vitam
1767 2959 1983 3036 perpetuam.
2012 2942 2076 3014 ln·

46 3047 150 3121 rium
175 3056 230 3114 est
262 3044 301 3112 in
331 3039 398 3115 hae
428 3047 572 3117 mortali
606 3047 677 3116 vita
703 3047 970 3115 conversionem
998 3046 1042 3113 ad
1096 3058 1294 3116 vocateum
1311 3056 1477 3135 tanquam
1502 3041 1718 3127 Dominum,
1744 3067 1806 3133 per
1830 3069 1934 3137 quem
1956 3046 2074 3138 placa·

46 3143 173 3216 Deum
196 3145 295 3228 lieri,
323 3145 414 3216 sicut
434 3147 604 3239 scripturn
628 3160 695 3218 est:
722 3146 1044 3239 Superinduemur,
1095 3157 1152 3213 tus
1173 3144 1221 3215 sit
1244 3141 1354 3228 Deus,
1387 3156 1422 3214 et
1443 3144 1535 3212 vitae
1564 3144 1847 3215 instauratorem.
1904 3141 2018 3215 Addit
2041 3159 2075 3215 et

49 3247 84 3315 si
99 3257 231 3318 tamen
249 3269 322 3314 non
337 3246 427 3315 nudi
441 3247 670 3337 reperiemur.
1096 3245 1205 3315 alium
1237 3245 1372 3315 cultum
1401 3244 1552 3314 maxime
1582 3243 1817 3314 necessarium
1842 3245 1890 3314 in.
1905 3241 2075 3342 chlesia,

154 3345 229 3420 Sed
248 3345 317 3414 alia
333 3347 491 3438 quaestio
509 3361 575 3418 est:
603 3348 662 3415 An
680 3343 835 3418 humana
857 3348 976 3416 anima
997 3346 1043 3415 sit
1096 3345 1254 3416 defendit
1283 3344 1433 3435 gloriam
1462 3343 1528 3413 lilii
1557 3342 1626 3417 Dei
1651 3346 1820 3417 adversus
1862 3346 2075 3436 maledicum

48 3446 204 3538 spiritns
229 3447 437 3537 separabilis
459 3471 480 3518 a
503 3470 669 3537 corpore,
701 3461 736 3517 et
756 3462 931 3538 superstes
963 3472 1041 3515 cum
1096 3445 1281 3516 latronem.

50 3546 222 3619 discessit
241 3569 263 3615 a
285 3570 451 3638 corpore,
485 3549 547 3642 qui
576 3548 769 3637 intelligat,
801 3562 836 3617 et
859 3549 1045 3617 adficiatur
1197 3545 1377 3618 Admonet
1402 3544 1510 3636 igitur
1538 3543 1615 3635 pios
1636 3538 1722 3616 haec
1749 3547 1863 3637 imago
1887 3551 1932 3619 de
1956 3549 2077 3620 multis

51 3646 196 3717 laeticia
229 3661 293 3716 aut
318 3648 454 3720 dolore.
512 3647 553 3719 Id
581 3649 792 3718 confirmant
825 3645 909 3718 haec
938 3649 1043 3720 dicto.
1096 3645 1212 3720 rebus.
1262 3644 1354 3715 Nam
1379 3658 1412 3716 et
1434 3646 1484 3737 pii
1508 3665 1631 3715 omnes
1657 3668 1693 3716 se
1716 3648 1810 3739 ipsos
1832 3650 1869 3717 in
1890 3645 1956 3719 hac
1976 3650 2077 3722 furca

53 3742 215 3819 Marmei
237 3746 296 3816 10.
328 3744 492 3818 Christus
516 3749 646 3818 diserte
671 3751 803 3842 inquit:
830 3746 969 3840 Corpus
983 3772 1044 3816 or·
1097 3748 1248 3834 pendere
1264 3748 1474 3816 existiment.
1524 3742 1676 3836 Propter
1691 3759 1830 3839 peccata
1851 3773 1973 3820 sumus
1990 3773 2076 3819 cou-

54 3848 202 3926 ddunt,
226 3848 383 3917 animam
402 3871 487 3918 vero
501 3849 660 3918 occidere
674 3875 749 3919 nou
775 3862 933 3940 possunt.
983 3846 1042 3916 Ad
1096 3846 1177 3917 iecti
1194 3847 1231 3914 in
1253 3859 1400 3916 mortem
1423 3860 1457 3917 et
1474 3844 1589 3913 varias
1612 3846 1838 3923 calamitates.
1888 3846 1962 3920 Nec
1983 3851 2075 3920 libe-

56 3950 237 4019 latronem
259 3946 389 4040 inquit:
424 3945 541 4017 Hodie
569 3950 640 4017 eris
661 3948 1042 4041 mecuminparadiso.
1096 3947 1167 4014 rari
1189 3947 1294 4015 aliter
1323 3967 1526 4036 possumus,
1557 3945 1627 4043 nisi
1658 3968 1722 4036 per
1743 3942 1841 4018 hunc
1860 3949 1974 4020 filium
1991 3950 2075 4025 Dei.

56 4047 96 4119 Si
120 4043 295 4119 exhalans
314 4048 432 4117 anima
457 4048 706 4138 dissiparetur,
739 4064 831 4118 certe
856 4074 928 4118 noo
955 4061 1043 4118 esset
1095 4044 1202 4116 Hunc
1221 4045 1289 4116 fide
1305 4048 1528 4127 invocemus,
1554 4047 1743 4118 doceamus
1757 4048 1845 4119 alios
1860 4051 1904 4119 de
1918 4050 1993 4119 eius
2010 4050 2074 4120 be-

56 4173 129 4220 nna
155 4173 242 4219 cum
265 4144 419 4222 Christo.
476 4147 542 4219 Est
564 4150 673 4236 igitur
690 4150 835 4241 spiritus
858 4162 1043 4240 superstes.
1096 4147 1250 4232 neliciis,
1277 4167 1538 4239 propugnemus
1553 4145 1628 4215 eius
1649 4147 1800 4240 gloriam
1816 4150 1982 4219 adversus
1997 4172 2075 4219 ma·
2163 4178 2171 4193 .

56 4245 206 4320 Etcum
230 4249 280 4321 sit
305 4250 470 4338 spiritus,
497 4274 568 4318 noo
593 4263 644 4319 est
665 4250 815 4320 ociosus.
866 4249 919 4318 Ac
941 4273 1042 4341 para·
1095 4247 1236 4317 ledicos.
1287 4246 1492 4318 Hoscultus
1511 4247 1673 4339 quamvis
1694 4249 1852 4318 semivivi
1869 4272 1908 4317 ac
1931 4248 2076 4320 lacerati
2188 4262 2190 4268 '

58 4352 156 4423 disus
173 4350 350 4443 significat
373 4375 446 4418 non
472 4346 744 4442 Epirnenideum
771 4374 958 4434 somnum,
982 4353 1042 4418 sed
1075 4349 1328 4436 praestemus,
1352 4359 1392 4421 ut
1407 4347 1557 4434 singulis
1574 4359 1609 4416 et
1631 4347 1705 4439 ipse
1719 4349 1837 4417 dicatz'
1853 4344 1972 4417 Hodie
1996 4372 2074 4419 me·

57 4452 167 4523 vitam
183 4452 344 4533 beatam,
371 4451 409 4518 in
425 4473 494 4543 qua
510 4451 636 4541 sparsit
651 4450 748 4522 Deus
767 4452 805 4521 in
828 4465 1041 4520 mentesno-
1095 4471 1175 4516 cum
1196 4447 1317 4516 crisin
1332 4447 1505 4538 paradiso.
1556 4445 1692 4517 Tantae
1705 4470 1759 4517 res
1773 4469 1852 4516 cum
1867 4447 1906 4532 iu
1923 4449 1987 4520 illo
2000 4451 2076 4521 col·

61 4574 137 4621 vam
152 4552 292 4636 lucem,
317 4564 351 4620 et
366 4547 501 4621 habitat
518 4552 555 4621 in
572 4553 783 4640 pectoribus,
807 4565 848 4623 ιιι
863 4552 934 4621 sint
950 4553 1041 4620 iusta
1096 4548 1218 4639 loquio
1247 4561 1396 4637 agantur
1425 4561 1459 4618 et
1489 4547 1747 4637 significentur,
1787 4547 1972 4639 infigamus
2005 4547 2074 4622 hoc

61 4665 93 4721 et
107 4654 215 4744 plena
230 4650 409 4736 laeticiae,
436 4653 598 4723 videlicet
613 4654 841 4743 congruentia
856 4676 937 4723 curn
952 4653 1042 4742 ipso.
1094 4649 1229 4717 dictum
1252 4648 1397 4730 animis,
1423 4661 1457 4719 et
1480 4647 1707 4719 autoritatem
1730 4646 1806 4717 eius
1830 4651 2072 4739 gravissimam

59 4748 103 4825 Et
120 4750 220 4824 ltanc
237 4750 475 4822 dulcissimam
497 4777 618 4822 vocem
643 4753 774 4841 singuli
795 4755 839 4822 ad
853 4777 919 4822 nos
932 4752 1042 4843 perti·
1095 4771 1168 4818 esse
1183 4751 1371 4833 ducamus,
1390 4749 1484 4840 quod
1508 4746 1652 4840 quidem
1674 4746 1757 4818 satis
1771 4750 1954 4840 perspicue
1969 4764 2074 4823 testa·

57 4877 139 4924 nere
152 4867 361 4941 statuamus.
398 4851 505 4924 Hunc
522 4855 809 4924 enimdoctorem
826 4877 938 4943 prope
954 4875 1042 4944 pen·
1095 4861 1170 4935 tur,
1203 4850 1356 4920 animam
1381 4843 1537 4918 bominis
1560 4868 1633 4917 esse
1660 4847 1824 4940 spiritum
1844 4852 2072 4942 separabilem

57 4956 199 5026 dentem
229 4954 271 5022 in
295 4977 398 5023 cruce
418 4955 511 5023 lilius
532 4952 600 5025 Dei
632 4956 735 5023 nobis
761 4955 945 5046 proponit,
980 4953 1041 5045 qni
1094 4972 1133 5019 ac
1146 4952 1381 5040 superstitem.
1433 4947 1516 5018 Non
1537 4948 1631 5017 enim
1644 4972 1716 5019 una
1731 4951 1933 5022 conversari
1945 4967 2073 5043 posset,

58 5077 133 5125 oum
151 5053 323 5144 Apostoli
338 5057 549 5124 consternati
574 5056 843 5138 conticuissent,
864 5056 958 5125 unus
982 5055 1041 5120 in·
1094 5051 1123 5117 si
1146 5051 1265 5121 anima
1290 5063 1426 5122 tantum
1448 5061 1538 5120 esset
1556 5053 1703 5145 κρᾶσις,
1729 5065 1791 5123 aut
1815 5047 1947 5124 halitus
1968 5052 2073 5124 dissi-

58 5157 140 5247 eipit
171 5155 278 5247 fungi
303 5156 498 5246 apostolico
523 5180 670 5224 munere
692 5170 727 5226 et
749 5156 981 5224 concionatur
996 5154 1040 5219 de
1093 5163 1205 5240 patus.

58 5258 216 5331 sublimi.
268 5253 343 5324 Nec
364 5257 458 5325 enim
481 5256 516 5324 id
536 5258 772 5347 spectaculum
798 5252 946 5349 ἄσημον
967 5275 1041 5323 esse
1192 5247 1297 5340 Apud
1315 5246 1448 5318 Lucam
1464 5252 1633 5322 recitator
1654 5248 1801 5324 historia
1822 5257 1868 5323 do
1884 5253 2015 5325 Lasaro
2032 5253 2070 5320 in

57 5372 233 5447 putemus.
273 5351 356 5427 Duo
370 5357 422 5427 ibi
434 5358 589 5428 latrones
606 5357 861 5464 adiunctihsunt
874 5357 946 5425 lilio
962 5351 1040 5438 Dei,
1090 5351 1172 5421 sinu
1187 5344 1375 5436 Abrahae,
1408 5351 1540 5446 inqua
1564 5355 1630 5424 etsi
1662 5355 1808 5445 figurate
1840 5353 2071 5426 nominantur
