4538 5754
72 244 148 322 15⁷
447 296 451 303 ,
821 238 868 315 11.
900 231 1052 311 LIBER
1076 229 1144 309 DE
1168 232 1344 310 ANIMA.
2029 242 2103 319 153

169 411 251 485 lam
272 413 421 505 igitura
445 407 575 483 scholis
595 406 853 504 philosophicis
876 410 1062 481 disceden-
1110 410 1202 479 secto
1220 408 1309 477 scire
1326 429 1464 476 necesse
1482 422 1544 478 est.
1593 406 1698 480 Nunc
1717 423 1852 481 tantum
1877 407 1944 485 hoc
1968 413 2094 504 dicam,

72 533 136 597 tes,
170 517 327 586 sciamus
355 515 460 586 nobis
488 516 531 584 ad
562 514 676 584 lucem
704 510 894 603 Evangelii
918 513 1061 590 vocatis,
1110 510 1308 580 libertatem
1329 508 1512 579 in'divina
1529 509 1725 596 voluntate,
1751 526 1785 583 et
1800 513 1837 580 in
1853 516 2021 587 creaturis
2035 543 2093 587 ra-

71 618 249 690 obiectum
281 639 356 688 esse
385 616 601 705 voluntatis,
639 616 775 685 bonum
814 615 993 685 infinitum
1026 625 1061 682 et
1109 612 1318 695 tionalibus,
1342 611 1476 699 angelis
1497 625 1531 682 et
1554 606 1774 700 hominihus,
1802 635 1874 683 esse
1890 615 2090 691 facultatem

70 733 205 790 coetera
236 718 335 788 bona
364 741 428 789 suo
454 719 581 788 ordine
610 717 818 807 adpetenda.
878 714 1061 785 Vocamur
1109 712 1321 796 voluntatis,
1348 737 1438 804 quae
1461 713 1568 803 possit
1594 738 1714 803 agere,
1740 739 1869 786 acuon
1891 740 2003 808 agere,
2029 735 2090 793 aut

70 821 160 890 enim
184 819 235 888 ad
260 819 554 889 instaurationem
586 830 753 903 naturae,
788 832 823 890 et
845 816 1060 910 proponitur
1109 814 1177 898 sic,
1207 829 1268 884 aut
1291 813 1395 883 aliter
1420 837 1533 903 agere.
1603 815 1697 886 Sunt
1734 830 1850 887 autem
1882 820 2090 893 discrimina

70 920 169 991 nohis
192 919 295 991 lilius
317 919 386 991 Ilei
417 921 597 992 Dominus
621 933 741 990 noster
763 921 859 990 Iesus
879 914 1056 994 Christus,
1108 937 1232 1004 magna
1254 916 1292 984 in
1308 914 1401 998 Deo,
1428 917 1559 1000 beatis,
1583 913 1839 990 ethominibus
1862 921 1900 988 in
1916 915 1983 991 hac
2002 923 2090 1010 vita,

70 1022 256 1092 crucifixus
272 1045 338 1113 pro
363 1022 466 1092 nohis
483 1036 517 1094 et
535 1021 780 1106 resuscitatus,
806 1020 868 1115 qui
886 1018 1058 1102 adfirmat,
1108 1040 1197 1108 quae
1211 1017 1297 1086 alibi
1313 1017 1487 1106 copiosius
1513 1017 1741 1108 explicantur.
1800 1017 1865 1092 Est
1885 1022 1992 1110 igitur
2014 1025 2088 1094 dis·

70 1124 183 1194 Deum
206 1146 289 1193 non
312 1144 387 1192 esse
407 1124 586 1208 ociosum,
610 1125 672 1192 sed
689 1148 771 1194 vere
788 1137 821 1193 et
836 1117 1058 1192 horribiliter
1108 1117 1234 1187 similis
1255 1120 1382 1188 modus
1403 1120 1549 1207 agendi,
1575 1144 1681 1211 quam
1707 1123 1779 1210 agit
1803 1123 1912 1212 ignis,
1939 1126 2001 1217 qui
2023 1149 2088 1195 ne·

70 1223 164 1294 irasci
186 1223 366 1316 pcccatis,
400 1226 554 1317 recipere
575 1237 692 1295 autem
716 1226 754 1294 in
770 1225 916 1315 gratiam
932 1220 1058 1291 conlu-
1108 1219 1256 1289 cessario
1276 1220 1433 1289 ealefacit
1448 1223 1589 1291 admota
1605 1245 1770 1314 corpora,
1793 1248 1857 1295 nec
1878 1239 1994 1314 potest
2010 1248 2085 1298 sus-

69 1327 201 1415 gieutes
230 1326 280 1394 ad
305 1325 440 1412 lilium,
474 1339 507 1397 et
531 1326 696 1396 exaudire
720 1350 797 1413 eos,
831 1350 871 1395 ac
892 1325 1056 1394 liberare.
1107 1323 1263 1410 pendere
1279 1322 1472 1405 actionem,
1497 1346 1561 1392 nec
1576 1337 1688 1413 potest
1703 1325 1805 1395 aliter
1821 1348 1935 1415 agere.

67 1425 162 1496 llane
174 1423 373 1516 Evangelii
389 1450 511 1497 vocem
534 1452 616 1497 cum
638 1429 820 1513 audimus,
847 1440 879 1496 et
894 1426 962 1495 lide
979 1449 1056 1493 am·
1207 1420 1367 1493 Primum
1398 1436 1515 1493 autem
1543 1426 1830 1496 constituendum
1853 1440 1903 1497 est
1934 1431 2086 1500 certissi-

67 1527 272 1619 plectimur,
304 1528 381 1620 ipse
409 1529 505 1598 filius
534 1526 623 1618 Dei,
673 1522 781 1628 λόγος
803 1529 917 1601 aterni
945 1524 1055 1617 patris
1106 1546 1204 1592 mum
1233 1546 1326 1610 esse,
1359 1520 1474 1594 Deum
1499 1524 1564 1594 etsi
1594 1527 1782 1599 bonusest
1805 1530 2086 1619 immutabiliter,

67 1628 224 1701 accendit
241 1630 360 1699 lucem
374 1629 413 1698 in
426 1629 605 1701 mentibus
620 1633 761 1712 nostris,
788 1645 823 1702 et
837 1629 973 1720 Spiritu
989 1650 1053 1696 suo
1106 1638 1222 1694 tamen
1239 1649 1312 1695 esse
1328 1649 1432 1716 agens
1449 1627 1684 1713 liberrimum,
1709 1641 1745 1699 et
1759 1633 1878 1701 omnia
1893 1656 1982 1724 quae
1998 1659 2086 1704 con-

68 1743 184 1801 sancto
201 1731 313 1802 corda
330 1730 545 1814 inflammat,
571 1745 609 1800 ut
634 1731 672 1799 in
689 1729 765 1802 Deo
782 1731 1005 1824 acquiescant
1020 1740 1055 1799 et
1105 1726 1216 1810 didit,
1242 1740 1277 1798 et
1293 1752 1383 1822 quae
1397 1727 1470 1817 agit
1490 1742 1586 1798 extra
1606 1752 1658 1814 se,
1696 1730 1877 1803 liberrima
1900 1735 2084 1806 voluntate

66 1832 262 1918 laetentur,
289 1832 442 1921 diligant
456 1856 557 1916 eum,
585 1846 618 1903 et
641 1834 788 1903 obedire
813 1835 847 1902 ei
869 1832 1053 1923 incipiant,
1105 1829 1323 1914 condidisse,
1348 1842 1381 1899 et
1396 1851 1516 1919 agere,
1539 1829 1634 1900 iusta
1657 1831 1793 1903 dictum
1811 1831 1962 1903 Psalmi:
1989 1831 2082 1905 Om-

67 1945 182 2024 petant
207 1956 247 2001 se
272 1933 319 2003 ab
343 1933 535 2023 ipso-regi,
569 1947 603 2006 et
627 1958 750 2005 rursus
771 1936 857 2006 fiant
879 1933 1050 2025 templum
1103 1931 1163 1998 nia
1186 1953 1415 2023 quaecuuque
1436 1930 1570 2015 voluit,
1596 1932 1690 2004 lecit.
1742 1931 1794 2005 Ac
1815 1936 1939 2026 procul
1963 1939 2084 2028 explo-

66 2031 138 2107 uei.
193 2030 277 2103 Nee
298 2056 421 2104 sumus
435 2033 566 2122 Stoici,
590 2036 742 2107 dicimus
763 2037 868 2106 etiam
886 2058 941 2105 res
964 2057 1051 2104 con·
1103 2033 1234 2101 dantur
1263 2032 1366 2122 impii
1401 2033 1539 2101 furores
1568 2030 1789 2117 Stoicorum,
1838 2037 1899 2130 qui
1931 2039 2082 2128 tingunt,

68 2135 148 2203 ditas
169 2158 194 2204 a
217 2134 301 2205 Deo
323 2136 435 2204 bonas
463 2159 554 2216 esse,
588 2137 714 2222 vitam,
746 2139 884 2222 cibum,
917 2149 1051 2227 potum,
1102 2132 1226 2204 Deum¹
1243 2133 1424 2222 alligatum
1455 2155 1529 2203 esse
1557 2134 1600 2202 ad
1632 2158 1752 2205 causas
1782 2139 1968 2225 secundas,
2017 2164 2083 2211 nec
2186 2164 2189 2169 ·

70 2234 286 2324 mniogium,
313 2237 493 2327 politicam
501 2239 722 2333 societatem,
749 2240 808 2308 sed
824 2237 950 2307 ordine
967 2233 1050 2305 haec
1103 2256 1203 2325 posse
1220 2235 1323 2304 aliter
1337 2256 1455 2322 agere,
1481 2259 1587 2327 quarn
1603 2236 1693 2306 sicut
1707 2238 1802 2307 cient
1817 2262 1941 2309 causae
1955 2264 2081 2310 seeun-

68 2338 263 2427 erpetenda
289 2359 384 2419 esse,
410 2351 446 2408 et
468 2362 690 2432 nequaquam
715 2341 961 2431 anteponenda
983 2336 1052 2408 Dei
1101 2336 1188 2418 dae,
1220 2349 1254 2406 et
1282 2335 1478 2405 necessario
1508 2360 1588 2408 eum
1618 2339 1708 2406 velle
1734 2352 1769 2409 et
1798 2362 1898 2429 agere
1931 2342 2024 2411 bona
2048 2356 2082 2413 et

66 2438 249 2509 volontati.
305 2435 576 2533 Babylassenex
592 2436 789 2532 Episcopus
805 2435 1051 2520 Antiochenus
1100 2437 1213 2520 mela,
1238 2432 1386 2507 honesta
1409 2437 1589 2531 etturpia.
1632 2437 1807 2510 Horresco
1824 2442 1993 2528 reserens,
2020 2446 2081 2513 sed

63 2540 302 2622 matritum,
327 2540 532 2630 coniugem,
556 2541 660 2614 filios.
711 2540 855 2613 Etiam
877 2541 1050 2631 octogesi-
1099 2539 1279 2609 interdum
1295 2533 1380 2608 haec
1396 2542 1663 2610 commemorari
1679 2564 1819 2612 necesse
1841 2556 1909 2628 est,
1933 2559 1974 2615 ut
1995 2547 2084 2614 ado·
2183 2562 2187 2570 “

62 2663 150 2711 mum
167 2663 318 2709 annum
337 2663 494 2731 egressus
517 2657 610 2731 erat,
637 2666 685 2712 ne
706 2643 788 2736 quis
811 2643 962 2713 iuvenili
985 2664 1050 2712 au-
1099 2640 1267 2709 lescentes
1280 2639 1409 2710 moniti
1425 2640 1563 2728 fugiant
1579 2655 1613 2711 et
1626 2657 1833 2714 execrentur
1848 2639 1935 2716 haec
1952 2646 2080 2717 diabo—

62 2740 150 2813 dacia
167 2766 262 2812 eum
280 2741 350 2812 sibi
366 2741 562 2832 periculum
580 2745 761 2815 attraxisse
786 2745 970 2819 existimet.
1001 2739 1050 2814 Et
1098 2741 1165 2810 lica
1182 2741 1382 2827 mendacia,
1407 2756 1596 2834 quaesunt
1620 2744 1874 2816 contumeliosa
1900 2747 1940 2815 in
1956 2745 2084 2833 Deum,

63 2856 174 2912 tamen
212 2844 478 2914 confessionem
504 2840 691 2934 Evangelii
720 2849 870 2917 antefert
897 2868 980 2916 suae
1016 2860 1051 2915 et
1099 2855 1133 2912 et
1153 2841 1350 2933 perniciosa
1381 2842 1559 2931 moribus,
1590 2846 1652 2914 sed
1680 2846 1772 2937 stibi,
1786 2841 1873 2918 haec
1904 2850 2081 2942 copiosius

60 2943 215 3016 tiliorum
232 2944 343 3015 vitae.
370 2943 474 3016 Stant
485 2947 675 3036 grandaevi
692 2962 862 3037 parentes,
889 2970 954 3016 nec
969 2959 1050 3018 tan·
1099 2956 1306 3014 tractantur.

61 3058 133 3114 tum
155 3057 382 3137 spectatores
409 3060 494 3117 sunt
525 3048 621 3117 necis
649 3048 823 3132 filiorum,
854 3049 914 3117 sed
943 3048 1048 3118 etiam
1197 3043 1271 3115 Iam
1291 3045 1481 3115 constituta
1507 3045 1769 3137 propositione,
1794 3049 1890 3142 quod
1915 3047 2010 3118 Deus
2034 3050 2081 3120 sit

54 3146 348 3216 confirmantem
367 3148 405 3216 in
432 3169 556 3237 agone.
607 3147 746 3219 Deinde
777 3150 893 3220 trihus
928 3150 1049 3219 adole·
1098 3166 1206 3234 agens
1228 3145 1400 3231 liberum,
1425 3147 1576 3216 sciamus
1598 3170 1678 3217 eum
1695 3161 1729 3219 et
1753 3151 1897 3240 angelos
1914 3163 1946 3220 et
1962 3144 2080 3218 homi-

55 3248 242 3319 soentibus
265 3247 351 3316 liliis
375 3249 568 3320 intersectis
589 3250 626 3317 in
651 3264 840 3341 conspectu
862 3264 1049 3343 parentum
1096 3270 1160 3316 nes
1182 3249 1221 3316 in
1242 3247 1419 3318 creatione
1441 3271 1584 3318 ornasse
1606 3243 1662 3318 his
1683 3250 1798 3320 tribus
1828 3251 1954 3336 bonis,
1986 3275 2078 3344 quae

52 3361 287 3442 παρείη
299 3350 510 3423 trucidatur.
561 3349 680 3421 Mater
693 3364 867 3442 superstes
880 3352 1000 3421 mariti
1016 3365 1050 3422 et
1097 3348 1237 3419 suntin
1259 3348 1338 3441 ipso
1357 3349 1511 3441 optima,
1535 3349 1705 3441 sapientia
1734 3352 1921 3441 videlicet,
1946 3354 2079 3424 noticia

51 3450 216 3519 lilionrm
232 3472 385 3542 corpora
399 3451 549 3521 collocat
565 3451 603 3519 in
616 3453 789 3542 sepulcra.
816 3451 920 3524 Talia
933 3476 1049 3525 exem-
1097 3471 1182 3521 suae
1199 3450 1304 3539 legis,
1328 3451 1489 3537 iusticia,
1515 3464 1551 3522 et
1566 3451 1729 3523 libertate
1745 3454 1950 3525 voluntatis.

49 3551 112 3643 pla
124 3550 238 3622 nohis
254 3551 478 3623 obiectorum
497 3555 627 3642 gradus
641 3556 847 3629 ostendunt.
1198 3545 1303 3621 Alius
1326 3566 1442 3623 autem
1473 3553 1602 3622 modus
1623 3555 1752 3643 agendi
1780 3556 1945 3626 conditus
1966 3567 2018 3624 est
2039 3555 2080 3624 in

154 3684 231 3758 Sed
256 3688 356 3756 unde
379 3686 494 3757 oritur
521 3698 619 3759 tanta
643 3711 782 3758 morum
813 3702 918 3784 atque
938 3689 1050 3762 actio-
1097 3649 1199 3737 ⁸⁰¹⁶2
1224 3651 1263 3720 5¹¹
1278 3652 1376 3742 53⁰⁰,
1400 3654 1439 3770 l?
1454 3677 1565 3747 ³¹1⁰&
1588 3667 1622 3723 ‘²¹
1637 3656 1783 3774 ⁶⁰{lefl}
1800 3657 1917 3743 “bun
1943 3679 2081 3746 Semper

48 3808 147 3856 num
176 3786 374 3859 confusio?
411 3784 528 3858 David
555 3788 649 3881 rapit
673 3788 821 3860 alterius
850 3791 1049 3882 coniugem,
1096 3755 1292 3872 ⁰⁰⁰⁰}0fl0
1314 3755 1511 3872 ³8⁰¹¹J¹b¹¹⁵3
1536 3751 1639 3872 ‘11⁰⁰
1662 3758 1853 3878 {immet}
1875 3759 1953 3878 vult
1981 3753 2078 3829 Deus

50 3910 264 3983 quanquam
291 3888 388 3958 videt
418 3901 453 3959 et
482 3889 650 3979 intelligit
670 3891 754 3961 lacti
775 3893 1048 3985 turpitudinem.
1095 3876 1272 3945 ⁰⁰⁰⁸P¹⁰2
1295 3856 1373 3926 ”¹¹¹
1393 3855 1565 3973 ¹¹¹lfll¹3¹2
1592 3877 1761 3975 ⁸035?st
1782 3882 1888 3978 {8⁸⁰⁸
1906 3861 2079 3979 hbllum·

50 3984 137 4059 Boe
155 3988 210 4062 ita
232 3987 298 4074 fit,
324 3987 509 4060 dissimilia
533 3992 670 4063 obiecta
693 3994 793 4062 cordi
813 4006 848 4066 et
870 3993 1049 4066 voluntati
1096 3956 1174 4027 ΝΠ
1189 3969 1375 4077 ⁸⁸⁰⁰⁸lffl⁸
1385 3971 1545 4078 ftl¹⁰¹¹⁰³
1560 3957 1712 4079 ‘⁰¹¹³{l'l}
1732 3983 1820 4051 ηδ’·
1868 3957 2080 4054 D¹⁸l³¹111¹l¹¹l

52 4088 277 4163 offeruntur,
327 4087 436 4162 Ratio
457 4105 631 4164 monstrat
654 4094 829 4165 voluntati
852 4096 1047 4190 turpitudi·
1095 4078 1198 4148 ergo,
1223 4062 1467 4151 ansrtaquua
1486 4059 1735 4130 voluntatum
1752 4056 1898 4132 homine
1921 4064 2079 4146 libertas,

54 4214 150 4263 nem,
203 4191 1046 4289 Sedcorincensumamore,quiute⁸tv10.
1095 4159 1261 4252 etqualis
1282 4160 1339 4233 sit.
1389 4155 1454 4230 Est
1477 4174 1594 4232 autem
1615 4184 1690 4231 non
1714 4164 1869 4234 difficilis
1891 4163 2077 4255 explicatio

53 4292 192 4376 lentus,
219 4292 318 4386 rapit
331 4314 448 4364 secum
467 4293 705 4379 voluntatem,
730 4319 776 4364 ne
792 4310 887 4369 recto
911 4298 1045 4370 iudicio
1095 4260 1296 4380 'fmmlbu‘
1312 4260 1518 4345 ‘malem’
1541 4286 1616 4332 ⁰⁰¹¹
1630 4264 1911 4356 di’l‘ullllffllllm
1927 4263 2077 4354 Pffl‘ll·

56 4394 292 4488 obtemperet·
342 4390 434 4464 Nam
458 4395 622 4468 voluntas
645 4397 709 4467 etsi
731 4399 852 4492 aliquo
877 4400 1047 4471 modoli·
1094 4385 1186 4452 gras,
1208 4385 1249 4432 ae
1265 4363 1448 4453 diligentia
1463 4364 1656 4435 necessaria
1675 4379 1727 4437 est
1740 4366 1827 4456 piis,
1852 4366 2079 4434 considerare

58 4494 136 4569 hera
158 4510 236 4582 est,
269 4508 304 4568 et
331 4508 424 4567 certe
454 4511 571 4587 posset
596 4499 829 4570 locomotivae
859 4501 1045 4595 imperare,

56 4618 98 4668 ne
117 4598 316 4689 attingeret
336 4596 509 4683 alienam,
544 4612 682 4686 mmeu,
716 4613 757 4671 ut
773 4602 908 4689 fomes,
928 4604 1045 4683 ‚lacile

58 4697 178 4793 accipit
193 4696 319 4770 cordis
332 4697 511 4771 incendia.
560 4697 665 4774 Nunc
679 4702 790 4793 igitur
803 4704 920 4798 qualis
937 4705 984 4777 sit
999 4704 1046 4775 li-

57 4798 182 4892 ltttes,
211 4801 410 4873 dicendum
434 4813 497 4876 est.

1094 4462 1514 4536 discrimen'stoicarum
1551 4466 1785 4556 opinionum,
1829 4478 1865 4537 et
1893 4466 2078 4538 doctrinae

1094 4564 1364 4652 ecclesiasticae,
1399 4567 1567 4660 inquam
1596 4567 1703 4661 stoica
1731 4565 1961 4640 deliramenta
1990 4565 2076 4637 Ma-

1094 4661 1234 4737 nichaei
1254 4679 1288 4737 et
1305 4665 1407 4738 Valla
1424 4669 1532 4759 impie
1553 4668 1832 4741 transfuderunt.

1195 4766 1388 4839 Sciendum
1413 4783 1467 4840 est
1495 4769 1620 4857 igitur,
1652 4769 1840 4861 dupliciter
1867 4765 2006 4841 detrahi
2027 4768 2078 4838 li·

1094 4870 1264 4939 bertatem
1282 4865 1461 4942 humanae
1472 4868 1661 4941 voluntati.
1709 4868 1785 4942 Aut
1807 4872 1904 4941 enim
1927 4870 1967 4940 in
1988 4869 2073 4951 uni-

1094 4993 1235 5040 versum
1259 4971 1399 5041 tollitur
1419 4970 1660 5058 contingentia
1684 4973 1846 5045 omnium
1869 4986 2077 5059 eventuum,

1094 5095 1168 5141 non
1186 5084 1324 5142 tantum
1347 5068 1606 5158 humanorum,
1631 5073 1692 5143 sed
1716 5074 2007 5161 etiamaliorum,
2030 5089 2072 5147 ut

147 5168 198 5241 ln
210 5168 411 5242 dialecticis
434 5174 606 5244 vocabula
628 5165 866 5266 necessitatis,
901 5172 1046 5246 eontin-
1092 5171 1205 5244 Stoici
1236 5174 1476 5246 delendebant
1512 5173 1653 5245 letalem
1684 5175 1937 5247 necessitatem.
1997 5171 2074 5247 Aut

58 5272 209 5359 metae,
234 5284 275 5342 et
294 5272 476 5345 libertatis
494 5275 732 5354 declarantur.
783 5276 874 5349 lude
895 5300 1045 5349 suman-
1092 5275 1388 5351 uondeleuditur
1404 5274 1467 5344 illa
1490 5274 1600 5347 stoice
1622 5277 1826 5362 aeremitae,
1851 5279 1913 5345 sed
1934 5290 2073 5347 tantum

59 5373 373 5448 memmsiones
385 5369 517 5447 torum
539 5379 821 5466 vocabulorum,
844 5402 932 5475 quas
955 5401 1044 5472 pro·
1090 5388 1311 5451 moraretur
1332 5374 1522 5450 infirmitas
1545 5371 1783 5449 humanarum
1806 5377 1962 5461 virium,
1987 5394 2081 5466 quae

341 5017 405 5090 De
430 5015 549 5091 liltore
575 5017 745 5118 arbitrio.
