4538 5754
54 217 130 297 tlt

55 387 171 467 ritate,
184 385 405 482 accipiantur
427 408 487 469 ea,
516 407 608 482 quse
633 385 845 469 traduntur,
874 408 963 476 opus
986 395 1068 459 esti

56 480 226 565 hsc'srte.

70 709 72 711 ,
155 637 247 711 Cum
261 651 376 711 sutem
397 651 432 710 ιι
443 634 578 706 ΡιιιΙιιι
601 636 640 706 in
668 636 841 708 electione
856 631 1038 727 Episcopi,

54 762 145 833 quae
169 741 289 811 iubeat
311 740 482 809 idoneum
505 739 550 806 ad
567 740 789 819 docendum,
813 738 933 809 iubeat
952 736 1037 805 item

54 843 216 911 doctores
240 853 333 911 reete
356 859 472 908 secare
495 838 643 909 verbum
667 837 762 922 Dei,
783 862 866 918 seu,
897 851 939 908 ut
962 837 1045 916 ipse

53 939 233 1033 loquitur,
264 936 507 1034 episcopatu,
547 935 909 1006 ceuanietecucen.
945 948 1037 1018 quae

53 1052 103 1109 est
132 1041 192 1109 via
223 1032 374 1108 doccrsdi
401 1047 437 1096 et
455 1023 771 1112 mwpartiendi,
801 1025 905 1093 nobis
938 1047 1034 1093 com·

53 1142 209 1206 mandat.
259 1129 351 1201 Nam
368 1123 534 1218 inprimis
551 1123 589 1189 iu
603 1117 760 1190 Ecclesia
776 1139 867 1210 opus
881 1132 933 1187 est
950 1138 1035 1206 pru-

52 1237 178 1305 denter
207 1253 350 1312 cavere,
381 1250 427 1296 ιιι
456 1223 614 1293 diversae
643 1243 700 1291 res
729 1219 1036 1288 commisceantur.

53 1333 218 1405 Discerni
237 1341 377 1424 oportet
391 1316 524 1415 Legem
546 1336 584 1394 et
597 1317 856 1410 Evangelium,
881 1315 1033 1387 discerni

54 1447 240 1529 praecepta
254 1446 290 1503 et
303 1428 576 1520 promissionem
590 1419 890 1493 reconciliationis
901 1431 1037 1510 gratur-

55 1551 146 1615 tsm,
179 1531 332 1604 discerni
355 1540 495 1619 oportet
516 1523 741 1615 disciplinam
763 1534 943 1592 externam
973 1539 1036 1588 scu

56 1635 259 1727 politicam,
289 1656 309 1702 ι
335 1630 475 1700 iusticia
496 1626 668 1697 interiore
688 1622 870 1704 cordium,
901 1622 1036 1712 deque

57 1737 218 1828 loquitur
241 1730 487 1820 Evangelium.
536 1725 607 1796 Hic
631 1725 715 1796 satis
735 1735 900 1815 apparet,
933 1721 1037 1788 valde

58 1835 289 1909 necessariam
304 1854 378 1902 esse
391 1828 611 1918 diligentiam
626 1839 719 1898 reete
733 1821 919 1893 dividendi
929 1833 963 1892 et
974 1822 1038 1888 de·

57 1936 228 2015 liniendi,
252 1957 342 2028 quae
357 1945 440 2004 sunt
454 1953 560 2021 opera
574 1925 794 2003 Dialectices.
836 1923 904 1995 Sed
920 1922 1039 1992 sobrie

57 2039 302 2119 traditiosam,
317 2048 351 2104 et
365 2032 523 2102 assuebat
537 2027 772 2100 adolescentia
788 2026 831 2095 ad
842 2023 1038 2116 simplicem

57 2137 218 2210 veritatis
244 2134 532 2228 explicationem,
572 2153 647 2199 nou
674 2131 719 2198 ad
749 2126 907 2196 studium
930 2123 1040 2194 cavil-

57 2239 177 2320 landi,
211 2248 274 2306 aut
295 2237 339 2303 ad
359 2228 656 2328 sycophanticam.
707 2226 888 2296 Hactenus
911 2228 1036 2319 apole-

56 2333 204 2435 γόμινὰ
225 2336 367 2405 ιιιίιιιι
392 2346 487 2404 ιιιιιι.
546 2333 667 2414 Nunc,
693 2325 769 2398 Deo
791 2327 958 2412 iuvante,
983 2349 1042 2396 ar·

56 2455 129 2510 tem
144 2439 257 2538 ipsam
272 2430 531 2506 inchoabimus.

172 2665 278 2748 Quae
292 2664 348 2732 est
359 2660 488 2750 primu
501 2652 636 2725 divisio
652 2645 942 2746 quaestionum?

144 2825 272 2898 Prima
291 2824 419 2896 divisio
435 2819 522 2892 haec
536 2832 604 2891 est:
632 2817 890 2909 Quaestionum
906 2806 1044 2886 aliasscst

57 2930 232 3022 simplex,
257 2949 348 3022 quae
360 2924 503 3016 proprie
522 2919 752 3008 interrogatio
767 2921 915 2997 dicitur,
942 2917 1042 2984 vide-

61 3037 162 3110 licet,
194 3040 357 3122 quaeest
384 3027 428 3094 de
451 3047 525 3093 ιιιιο
549 3021 741 3103 vocabulo,
777 3031 831 3089 ut:
863 3018 963 3106 Quid
997 3016 1044 3086 sit

61 3133 201 3202 virtus?
227 3128 323 3218 Quid
342 3121 583 3219 poenitentia?
618 3120 700 3190 Alia
716 3133 768 3190 est
782 3120 940 3215 quaestio
956 3129 1055 3188 con·'

61 3237 204 3314 iuncta,
228 3227 449 3299 videlicetde
464 3225 624 3294 oratioue
638 3220 777 3310 aliqua,
802 3244 864 3290 seu
887 3232 926 3290 ut
952 3215 1041 3288 Dia·

63 3332 178 3406 lectici
202 3332 416 3422 loquuntur,
432 3328 492 3394 'de
514 3323 775 3416 propositione,
808 3335 866 3391 ut:
899 3318 958 3390 An
981 3343 1041 3388 co-

62 3449 157 3506 meta
173 3432 222 3509 sit
235 3431 360 3500 stella?
385 3451 431 3498 an
446 3449 531 3495 vero
546 3420 678 3495 balitus
697 3424 735 3490 in
755 3429 834 3493 aiire
852 3420 1041 3492 accensus?

64 3536 123 3607 An
131 3529 336 3617 Christiano
351 3549 554 3599 concessum
568 3525 613 3597 sit
623 3524 799 3594 militare?
825 3521 908 3592 ldeo
922 3534 1039 3592 autem

63 3663 83 3707 a
105 3634 353 3730 quaestionum
375 3628 551 3707 divisione
570 3625 793 3708 exordimur,
809 3614 901 3717 ‘quia
918 3622 1040 3692 Diale-

65 3737 175 3809 cticus
198 3734 290 3802 circa
311 3729 494 3801 materiam
517 3726 672 3817 aliquam
696 3737 873 3804 versatur,
904 3725 948 3792 de
971 3747 1039 3816 qua

65 3840 224 3907 dicturus
237 3844 309 3916 est,
332 3843 374 3900 ut
389 3829 578 3900 statuarius
597 3827 689 3897 circa
709 3827 846 3915 lignum
866 3838 928 3895 aut
948 3824 1039 3916 lapi·

65 3942 157 4009 dem.
207 3930 257 4006 Et
275 3931 440 4013 materias
461 3925 529 3999 hoc
549 3930 656 3997 modo
680 3927 833 4019 primum
859 3926 1041 4017 partimur,

68 4040 105 4108 in
120 4034 433 4124 interrogationem
446 4029 661 4120 simplicem,
683 4040 720 4098 ιι
733 4027 973 4119 quaestionem
996 4029 1041 4096 de

69 4136 310 4230 propositione
324 4133 454 4226 aliqua.

23 4351 28 4362 ’
116 4353 304 4445 munatio
324 4361 516 4426 tractatur
535 4350 781 4445 iuterroqutio
804 4345 994 4442 simplas?

88 4625 97 4642 ι
168 4519 390 4613 Explicanda
422 4531 474 4590 est
506 4539 570 4609 per
600 4516 843 4588 definitionem
886 4531 923 4588 ἰι
952 4518 1047 4588 (livi-

69 4648 218 4696 sionem

144 4837 333 4929 Quomodo
350 4846 545 4911 tractatur
563 4840 733 4932 quaestio
750 4833 974 4908 coniuncto?

172 5007 404 5101 Argumentis
425 5006 517 5075 veris
537 5006 776 5076 confirmanda
797 5017 864 5088 est,
890 5018 924 5073 et
948 5026 1052 5073 mon-

74 5115 215 5183 stranda
234 5122 288 5179 est
301 5107 435 5178 falsitas
450 5107 487 5174 in
505 5107 704 5190 contrariis,
729 5130 819 5200 quae
837 5106 957 5176 fucosa
971 5127 1052 5196 spe·

73 5218 123 5286 cie
138 5209 284 5282 veritati
302 5221 546 5299 opponuntur.

666 211 713 288 V.
770 207 1095 291 momulus
1128 210 1488 297 brandonem..
1608 231 1612 239 ‘
1728 236 1733 244 “

2010 196 2155 356 nis

1282 386 1360 470 ue
1402 385 1772 478 praestosum
1901 334 2014 395 '²'
2185 409 2191 419 ·

1090 551 1215 634 Qum
1239 554 1348 623 initio
1379 554 1421 624 in
1447 390 2074 705 maimundo

1376 647 1547 826 ff
1567 621 1747 697 obsidum?

1452 755 1653 825 nitionilms
1672 753 1712 825 in
1734 753 1942 832 universum
1966 765 2075 835 voca.

1190 776 1358 868 Quies»

1070 875 1172 957 bul,
1185 854 1398 948 ..angustiora
1420 856 1649 928 declarantur
1671 880 1735 951 per
1749 858 1882 954 ,aliqua
1909 885 2070 936 commu.

1071 956 1198 1033 ’diora
1251 952 1299 1030 Ut
1314 955 1430 1047 enim,
1455 980 1535 1027 cum
1553 961 1677 1050 procul
1692 957 1847 1054 aliquem
1863 963 1907 1032 ad
1925 987 1991 1034 nos
2011 989 2072 1034 ac-

1085 1064 1208 1131 cedere
1226 1058 1404 1140 videmus,
1428 1057 1532 1128 initio
1548 1053 1730 1128 hominem
1746 1084 1821 1130 esse
1837 1066 2071 1152 agnoscimus,

1088 1175 1205 1252 postea
1222 1182 1305 1229 cum
1321 1158 1464 1228 accessit
1474 1161 1632 1251 propius,
1647 1174 1768 1232 utrum
1782 1175 1889 1233 notus
1902 1188 1947 1233 an
1964 1170 2071 1254 igno-

1086 1273 1143 1330 tus
1163 1260 1228 1344 sit,
1252 1258 1500 1330 discernimus:
1527 1261 1574 1330 ita
1596 1261 1636 1329 in
1651 1262 1853 1333 deliniendo
1872 1285 1893 1333 a
1910 1287 2071 1337 commu-

1006 1415 1016 1433 .
1087 1360 1249 1431 nioribus
1270 1359 1453 1429 vocabulis
1476 1361 1649 1432 ordimur.
1707 1359 1793 1432 ldeo
1819 1363 1974 1454 primum
2003 1361 2084 1443 bos.

1087 1484 1215 1532 vocum
1232 1460 1361 1549 gradus
1382 1461 1477 1530 tradi
1501 1474 1660 1552 oportet,
1685 1462 1749 1555 qui
1773 1477 1946 1536 vocantur
1968 1491 2072 1560 prae·

1087 1561 1275 1644 dicabilia,
1299 1570 1335 1629 et
1349 1562 1543 1633 ostendunt
1556 1563 1684 1652 gradtu
1701 1577 1736 1635 et
1757 1566 1984 1655 cognationes
2004 1592 2071 1640 vn-

1087 1662 1307 1735 cabalorum.

1311 1869 1405 1951 Quot
1430 1873 1521 1937 suat
1545 1866 1852 1946 medicabilia?

1193 2015 1283 2088 Cum
1306 2016 1473 2087 dicimus:
1509 2014 1679 2111 Quinque
1698 2032 1784 2089 sunt
1809 2022 2073 2113 praedicabilia,

1091 2116 1340 2208 intelliguntur
1354 2117 1511 2210 quinque
1531 2119 1627 2189 tituli
1651 2122 1894 2193 communium
1915 2127 2072 2203 vocabu-
2101 2155 2107 2173 ·

1092 2221 1231 2302 lorum,
1257 2219 1318 2311 qui
1339 2221 1551 2303 ostendunt,
1585 2243 1675 2311 quae
1697 2222 1867 2292 vocabula
1886 2227 2074 2317 quomodo

1093 2322 1137 2390 de
1163 2321 1243 2399 aliis
1264 2320 1528 2411 praedicentur,
1553 2320 1686 2406 idest,
1710 2323 1993 2415 quomodoaliis
2013 2338 2070 2396 at·

1093 2420 1308 2493 tribuantur.
1365 2418 1458 2490 Sunt
1479 2434 1596 2490 autem
1620 2416 1661 2490 bi
1684 2423 1843 2516 quinque
1863 2416 1979 2508 tituli,
2004 2449 2071 2496 seu

1094 2523 1238 2612 gradm:
1264 2519 1422 2612 Species,
1440 2519 1590 2606 Genus,
1611 2521 1841 2611 Differentia,
1866 2523 2070 2617 Proprium,

1094 2625 1280 2695 Accidens.
1339 2616 1559 2716 Porphyrius
1586 2624 1750 2694 nominat
1772 2627 1931 2718 quinque
1956 2647 2070 2713 voces,

1094 2725 1209 2806 idest,
1234 2745 1360 2792 roccam
1376 2725 1516 2810 gradus.
1549 2722 1605 2794 Sit
1624 2737 1740 2794 autem
1758 2720 1844 2795 baec
1861 2727 2069 2819 descriptio:

1094 2822 1346 2892 praedicabilia
1358 2837 1439 2894 sunt
1450 2823 1544 2893 tituli
1553 2823 2072 2914 vocabulorumcommunium,

1093 2926 1156 3017 qui
1172 2926 1382 3005 ostendunt,
1407 2947 1497 3015 quae
1518 2925 1688 2994 uocabula
1708 2929 1888 3018 quomodo
1913 2928 1992 2996 aliis
2015 2943 2071 2999 at-

1092 3027 1307 3097 tribuantur.
1357 3021 1445 3092 Nam
1464 3024 1501 3091 in
1519 3019 1672 3094 bactota
1695 3049 1813 3095 rerum
1840 3027 2070 3098 universitate
2164 3054 2168 3062 ’

1092 3126 1212 3196 omnia
1226 3124 1416 3204 vocabula,
1441 3149 1531 3218 quoe
1545 3126 1742 3215 iunguntur
1756 3127 1948 3197 secundum
1972 3152 2070 3197 com-

1092 3249 1236 3297 munem
1262 3239 1408 3311 naturae
1432 3227 1613 3310 ordinem,
1646 3228 1694 3296 ita
1719 3227 1819 3317 iungi
1840 3248 1979 3297 necesse
2005 3244 2070 3313 est,

1091 3343 1132 3401 ut
1147 3332 1191 3397 de
1204 3327 1392 3395 individuo
1408 3327 1554 3419 aliquod
1571 3327 1782 3397 vocabulum
1793 3352 1833 3398 en
1844 3324 1901 3398 his
1912 3329 2071 3424 quinque

1091 3430 1259 3520 gradibus
1274 3428 1430 3508 dicatur,
1455 3440 1516 3498 aut
1530 3429 1574 3497 de
1598 3429 1714 3519 specie
1737 3441 1870 3498 caetera
1893 3431 2070 3516 dicantur,

1092 3545 1132 3602 ut
1154 3530 1266 3614 inira,
1297 3552 1378 3599 cum
1403 3529 1539 3598 utilitas
1560 3535 1776 3621 exponetur,
1800 3529 1929 3601 clarius
1952 3545 2072 3602 osten·

1090 3634 1227 3707 demus.
1605 3627 1608 3632 ⁴

1144 3835 1249 3910 Unde
1269 3835 1338 3908 ltoc
1360 3856 1495 3909 anuum
1516 3856 1648 3934 nomen
1662 3843 1720 3908 est
1734 3836 2021 3930 praedicabile?

1193 3983 1272 4059 Etsi
1292 3982 1506 4085 κατηγορὲω
1521 3984 1649 4058 usitate
1662 3985 1836 4077 siguificat
1848 4012 1993 4076 accuso,
2015 4004 2070 4062 ta-

1093 4113 1176 4159 men
1199 4090 1305 4159 etiam
1329 4086 1542 4178 generaliter
1563 4086 1737 4177 significat
1767 4089 1902 4183 aliquid
1932 4094 1976 4160 de
1998 4092 2069 4161 alio
2097 4095 2100 4108 ”

1094 4213 1343 4262 commemoro.
1386 4186 1470 4260 ldeo
1488 4186 1637 4259 Boiitius
1652 4185 1977 4287 κατηγορούμενον
1992 4215 2071 4260 ver·
2136 4226 2140 4233 »

1095 4292 1141 4363 tit
1154 4293 1403 4384 praedicatum.
1455 4283 1503 4361 Et
1517 4289 1675 4360 fortassis
1697 4285 1782 4359 baec
1805 4291 1974 4359 vocabula
1996 4293 2077 4383 pri-·

1096 4415 1251 4489 mumlex
1265 4392 1465 4461 forensibus
1488 4389 1773 4461 contentionibus
1794 4391 1838 4460 acl
1854 4387 2072 4463 Dialecticen

1096 4492 1265 4564 translata
1279 4507 1379 4577 sunt,
1404 4505 1445 4562 ut
1459 4516 1539 4562 cum
1555 4492 1651 4561 dico:
1677 4487 1805 4558 Verres
1826 4504 1879 4561 est
1899 4493 1979 4578 sur,
2003 4519 2072 4564 no-

1098 4619 1180 4663 men
1203 4594 1292 4664 luris
1315 4619 1355 4664 eo
1379 4594 1457 4664 loco
1480 4594 1633 4685 positum
1654 4589 1691 4659 in
1718 4590 1977 4683 propositione,
2018 4611 2071 4669 est
2177 4657 2179 4661 a

1099 4697 1269 4791 quiddam
1288 4692 1458 4765 de.Verre
1479 4705 1801 4766 commemoratum.
1852 4693 1911 4765 Sic
1934 4696 2071 4768 intelli·
2169 4756 2172 4763 Δ

1100 4811 1227 4888 gantur
1252 4791 1320 4871 boc
1343 4797 1419 4865 loco
1441 4792 1708 4887 praedicabilia,
1738 4817 1828 4887 quae
1846 4797 1891 4864 de
1911 4797 1991 4866 aliis
2012 4795 2080 4869 di-

1100 4913 1230 4971 cuntur
1251 4921 1312 4967 seu
1335 4889 1671 4980 commemorantur,
1700 4906 1742 4965 ιιι
1762 4896 1806 4965 de
1830 4893 1962 4968 lsatide
1983 4899 2074 4970 dici·

1101 5024 1197 5070 mus:
1224 4997 1324 5069 lsatis
1338 5013 1388 5068 est
1403 4993 1513 5066 berba
1530 4998 1576 5065 ad
1591 4997 1690 5065 lanas
1712 4990 2076 5087 tingendasnecessa'.

1102 5101 1177 5183 ria,
1214 5116 1254 5171 ut
1285 5100 1458 5190 recipiant
1491 5099 1644 5180 colores,
1684 5099 1785 5190 cuius
1818 5100 1904 5169 lolia
1929 5101 2078 5190 figuram
2186 5087 2190 5093 ⁵

1104 5203 1272 5273 loliorum
1287 5199 1501 5291 plantaginis
1515 5200 1690 5283 referunt,
1715 5223 1756 5269 ac
1777 5217 1898 5272 nostra
1921 5197 2088 5295 appella··
2200 5196 2202 5201 ’

1104 5305 1201 5374 ιὶοιιι
1218 5303 1348 5374 dicitur
1362 5301 1480 5377 tseitt.
1532 5298 1760 5372 Haecomnia
1782 5303 1951 5374 dicuntur
1970 5327 2083 5397 ausq-

1603 5400 1681 5471 88*
2068 5422 2122 5453 α
2175 5384 2220 5465 s
