4538 5754
124 239 218 320 stat
443 164 448 173 ι
711 234 839 311 PHIL.
865 233 983 313 MEL.
1010 236 1222 316 SCRIPTA
1246 239 1547 324 EXEGETICA.
2049 259 2140 339 ttss

120 418 261 492 assidua
290 411 515 483 invocatione
539 430 630 503 opus
653 421 727 491 111,
759 423 800 482 11
822 405 936 482 Filius
957 407 1025 484 Dei
1046 411 1105 482 in·
1156 437 1222 486 nos
1243 441 1386 512 quoque
1406 420 1529 491 eodem
1552 422 1677 509 modo,
1703 425 1825 496 eadem
1845 425 1938 513 lide,
1971 432 2138 506 auxilium

121 519 214 617 quq„
241 512 390 611 Sempe,-
405 517 518 585 orate,
1158 529 1319 609 petamus
1349 534 1384 592 et
1405 537 1636 612 expectemus.
1698 523 1796 598 llaec
1825 529 2042 604 discrimina
2063 550 2138 608 nota
2176 606 2178 611 .

1156 618 1245 705 sint,
1270 635 1311 693 ut
1325 616 1411 693 haec
1426 624 1628 696 dulcissima
1644 629 1800 700 carmina
1821 633 1867 702 sd
1884 655 1993 704 usum
2008 659 2140 708 socom·
2174 614 2178 740 l

1155 722 1295 791 modari
1314 725 1469 816 possint,
1493 739 1529 797 et
1549 742 1590 800 ut
1611 728 1760 800 sciamus
1775 731 1838 824 qui
1851 733 2005 807 affectus
2022 737 2136 810 lectio·

1155 845 1238 893 nem
1256 826 1355 918 sequi
1370 827 1540 914 debeant,
1566 827 1694 900 Timor
1705 830 1793 916 Dei,
1817 834 1926 923 fides,
1953 837 2137 926 invocatio,

470 910 631 1000 Psalmi
657 906 752 998 CX·
1156 925 1342 997 tolerantia
1365 928 1405 997 in
1430 929 1702 1017 afflictionibus,
1733 954 1812 1027 spes
1836 938 1987 1026 auxilii,
2018 942 2137 1030 gratis·

261 788 600 884 Argumentum
625 800 681 852 11
705 777 962 876 dispositio

1156 1050 1236 1097 rum
1251 1029 1361 1114 actio,
1385 1033 1553 1121 gaudium
1569 1032 1608 1102 in
1623 1028 1711 1105 Deo.
1762 1034 1869 1106 Tales
1882 1053 2008 1111 autem
2018 1040 2136 1113 Psalmi

1156 1129 1230 1200 iere
1243 1131 1420 1221 pertinent
1435 1135 1480 1203 ad
1496 1155 1607 1223 genus
1621 1134 1837 1219 suasorium,
1864 1152 1900 1210 et
1922 1155 2048 1213 111111
2069 1168 2137 1238 pss-

1156 1231 1223 1300 sim
1241 1233 1396 1305 admixta
1417 1248 1469 1306 est
1483 1237 1656 1312 doctrina.
1708 1236 1787 1308 Hoc
1803 1239 2019 1314 discrimine
2034 1259 2068 1318 et
2079 1268 2135 1317 usn

1156 1332 1378 1408 considerato
1405 1337 1558 1409 multum
1585 1339 1674 1409 lucis
1705 1340 1838 1412 accedit
1861 1342 2025 1418 lectioni.
2072 1343 2135 1418 Nec

223 1440 336 1531 Saepe
366 1436 593 1519 dictumest,
626 1430 858 1503 discernenda
879 1453 953 1503 esse
974 1455 1102 1523 genera
1154 1437 1350 1507 ludendum
1371 1452 1425 1510 est
1446 1438 1554 1510 variis
1577 1440 1951 1534 interpretationibus,
1987 1449 2134 1521 1111111

119 1532 363 1619 Psalmorum‘,
388 1549 429 1608 ut
450 1535 489 1605 in
504 1533 665 1630 quolibet
687 1535 798 1624 magis
820 1533 972 1625 intelligi
994 1534 1105 1626 possit
1154 1537 1303 1630 simplex
1317 1539 1436 1611 nativa
1452 1540 1645 1628 sententis,
1658 1566 1764 1638 quam
1778 1543 1884 1616 efficit
1900 1551 2135 1637 grammatica,

121 1647 206 1742 quid
224 1643 275 1713 ibi
289 1654 432 1731 agatur,
456 1649 490 1708 et
511 1635 644 1727 singuli
661 1636 706 1705 ad
722 1659 826 1706 usum
850 1648 943 1706 recte
963 1659 1104 1707 accom·
1153 1635 1313 1710 adbibita
1338 1639 1463 1714 iudicii
1485 1642 1709 1730 dexteritate,
1734 1645 1922 1720 retinenda
1950 1664 2027 1737 est,
2050 1656 2133 1748 qood

121 1747 259 1820 modari
292 1740 446 1835 possint:
480 1750 521 1808 et
539 1737 578 1806 in
607 1732 674 1807 hac
707 1737 995 1809 consideratione.
1015 1737 1103 1810 sciat
1153 1763 1234 1810 cum
1255 1738 1296 1812 fit
1317 1765 1480 1833 magnam
1505 1741 1731 1817 dulcedinem
1762 1760 1797 1819 et
1828 1749 2075 1845 eloquentiam
2103 1755 2134 1824 in

120 1873 220 1920 mens
235 1843 384 1939 quaesit
399 1839 543 1933 propria
558 1834 737 1909 Ecclesiae
753 1840 933 1912 doctrina.
962 1853 997 1911 et
1013 1862 1101 1930 pru·
1152 1835 1209 1912 his
1225 1842 1444 1932 carminibus
1458 1864 1532 1916 esse
1546 1840 1795 1938 intelligemus.

121 1956 246 2023 denter
261 1947 438 2016 discernat
452 1940 639 2034 praecipua
657 1941 781 2031 capita.
821 1939 962 2012 Scimus
983 1954 1101 2012 autem
1377 2008 1383 2015 .
1632 1984 1639 1994 ·

119 2056 192 2124 duo
211 2071 284 2121 esse
301 2044 488 2140 praecipua
503 2042 636 2134 capita,
659 2039 788 2132 Legem
811 2056 845 2114 et
865 2039 1101 2132 Evangelium
1262 2044 1377 2119 Totus
1405 2046 1585 2130 Psalmus,
1616 2045 1716 2123 Dixit
1747 2047 1947 2140 Dominus,
1988 2059 2135 2128 narratio

119 2158 163 2226 de
186 2153 398 2224 redemtore:
430 2158 466 2215 et
494 2140 680 2237 promissio
703 2144 748 2213 de
770 2137 840 2214 boc
861 2143 938 2236 ipso
962 2144 1101 2214 redcm-
1151 2159 1221 2233 est,
1245 2144 1412 2220 'videlicet
1434 2149 1643 2220 vaticinium
1669 2164 1702 2221 et
1717 2152 1911 2225 declaratio
1935 2158 2135 2248 promissio·

120 2273 196 2330 tore
223 2252 339 2323 statim
363 2248 565 2318 initiorum
587 2245 718 2337 recepti
733 2258 816 2316 sunt
828 2239 945 2315 Adam
963 2259 998 2316 11
1012 2235 1104 2330 Eva,
1152 2248 1209 2322 nis
1230 2251 1449 2323 deventura
1465 2248 1616 2337 Messio,
1643 2253 1723 2346 quis
1739 2255 1805 2338 sit,
1829 2257 1895 2327 ubi
1917 2273 2136 2346 111111111-

119 2357 248 2432 tradita
274 2365 344 2436 est,
380 2362 415 2419 et
444 2347 636 2418 discrimen
665 2343 845 2416 Ecclesiae
874 2347 1040 2439 deinceps
1068 2360 1103 2417 et
1152 2374 1214 2421 rus
1227 2351 1273 2423 sit
1288 2351 1408 2442 generi
1422 2348 1600 2441 humano,
1626 2357 1724 2426 unde
1748 2379 1849 2427 suam
1875 2360 2133 2432 doctrinsmin

119 2461 270 2532 aliarum
290 2450 445 2542 gentium
469 2449 549 2523 fuit.
600 2444 704 2517 Hanc
723 2447 995 2539 promissionem
1017 2448 1102 2518 snb-
1152 2474 1276 2525 omnes
1296 2467 1416 2544 gentes
1430 2475 1617 2547 sparsurus
1636 2455 1698 2541 sit,
1724 2458 1829 2552 quale
1844 2457 1891 2530 sit
1907 2483 2078 2554 regnum,
2102 2477 2131 2534 et

119 2563 203 2632 inde
219 2553 405 2628 renovavit
417 2549 514 2624 Deus
520 2600 533 2635 ‚
554 2561 589 2620 et
603 2548 719 2619 voluit
733 2572 810 2620 eam
827 2574 891 2642 per
906 2545 1102 2642 Prophetas
1153 2555 1256 2649 quale
1273 2555 1519 2630 sacerdotium.
1572 2555 1667 2647 Quia
1682 2553 1750 2629 bae
1765 2561 1929 2631 dusares
1947 2562 1991 2632 in
2014 2565 2132 2654 guber-

119 2660 232 2754 repeti
248 2671 283 2729 et
299 2652 477 2727 renovari.
527 2649 612 2721 Ideo
628 2665 662 2721 et
676 2646 807 2721 Psalmi
828 2651 965 2746 aliquot
979 2651 1103 2722 vatici-
1152 2655 1298 2727 natione
1313 2669 1397 2728 sunt
1410 2678 1587 2750 summae,
1620 2683 1710 2753 qnae
1724 2660 1869 2754 quidem
1889 2662 1928 2731 in
1954 2658 2027 2735 hoc
2043 2662 2130 2735 Mes·

120 2765 192 2842 nia,
220 2761 333 2842 idest,
348 2753 588 2826 enarrationes
605 2748 1101 2845 promissionisdeFilioDei,
1152 2756 1203 2828 sia
1234 2771 1441 2856 competunt
1460 2760 1526 2830 uni
1560 2782 1747 2852 personae,
1780 2775 1815 2832 et
1849 2765 1948 2856 quod
1975 2765 2128 2836 mirando

120 2880 159 2938 ut
175 2861 338 2934 Psalmus
352 2859 403 2928 2:
439 2854 559 2945 Quare
580 2855 802 2927 fremuerunt
824 2869 890 2932 etc.
941 2852 990 2928 Et
1002 2852 1104 2925 Psal·
1152 2859 1304 2930 consilio
1323 2857 1393 2929 Dei
1416 2860 1515 2953 prius
1541 2862 1586 2932 sit
1606 2884 1790 2953 passurus,
1815 2876 1850 2933 et
1877 2879 2003 2956 postea
2029 2869 2128 2938 victor

119 2962 290 3039 1111441
316 2955 513 3031 Eructavit.
547 2953 596 3028 Et
608 2955 788 3032 Psal.7l.:
816 2959 916 3030 Deus
930 2955 1102 3028 iudicium
1153 2974 1381 3052 regnaturus,
1405 2976 1440 3034 et
1464 2962 1675 3035 collecturus
1697 2959 1912 3049 Ecclesiam,
1954 2991 2059 3062 qnam
2077 2991 2127 3038 rs-

118 3085 219 3143 tuum
246 3065 319 3154 regi
345 3063 390 3132 da
414 3074 479 3133 etc.
525 3055 575 3130 Et
600 3058 696 3133 110.:
721 3059 819 3131 Dixit
841 3057 1019 3135 Dominus
1040 3071 1104 3129 111.
1152 3061 1333 3135 suscitabit
1362 3087 1403 3133 ex
1434 3079 1565 3150 morte,
1606 3077 1641 3164 et
1662 3066 1812 3136 donabit
1832 3079 1980 3138 aeterna
2004 3070 2072 3142 vita
2099 3081 2127 3138 11

119 3171 194 3262 Qui
210 3171 254 3238 de
273 3158 675 3236 soloMessiaFilioDei
693 3161 952 3254 loquuntur,et
969 3161 1105 3235 nonde
1152 3178 1294 3236 aeterna
1324 3163 1473 3236 iusticia.
1532 3162 1629 3236 Haec
1658 3181 1711 3238 est
1742 3190 1878 3238 summa
1910 3171 2125 3253 narrationis,

118 3273 308 3346 Salomone
324 3279 385 3337 aut
400 3263 480 3335 aliis
493 3262 649 3355 regibus,
674 3277 708 3334 et
724 3257 763 3333 hi
777 3262 909 3336 Psalmi
924 3277 1006 3335 sunt
1020 3285 1104 3332 nar·
1152 3267 1223 3337 iam
1243 3279 1285 3337 ut
1305 3289 1411 3360 supra
1432 3267 1557 3337 monui
1579 3268 1769 3361 applicatio
1790 3268 2050 3342 consideranda
2069 3285 2121 3343 est.

117 3375 274 3445 rationes
288 3372 333 3440 de
350 3367 443 3438 Filio
456 3363 536 3440 Dei.
1151 3364 1250 3441 Haec
1271 3367 1459 3461 promissio
1480 3368 1551 3443 tide
1572 3369 1783 3461 accipiatur,
1813 3370 1911 3441 iuxta
1935 3372 2069 3474 dicium
2091 3373 2123 3441 in

220 3472 271 3544 Ut
284 3483 401 3542 autem
418 3467 605 3560 promissio
622 3468 779 3559 postulat
798 3469 922 3554 fidem,
948 3468 998 3540 111
1014 3465 1104 3539 scia·
1152 3471 1308 3542 secundo
1340 3468 1498 3556 Psalmo,
1539 3468 1639 3540 cuins
1667 3471 1761 3541 idem
1793 3485 1845 3542 est
1877 3490 2123 3562 argumentum,

171 1085 484 1161 DiaitDomiosss
497 1080 773 1152 Dmnioossseo:
799 1075 900 1151 Sede
917 1100 942 1150 1
956 1077 1106 1152 1111111

170 1193 286 1276 11111,
310 1184 585 1276 (1111111111
604 1183 776 1254 inimicos
796 1187 881 1253 istos
904 1179 1106 1256 1111111111

168 1292 309 1387 pedum
322 1295 473 1360 tuorum
497 1291 572 1356 ete.

121 3599 200 3647 mus
213 3576 318 3643 finem
337 3593 411 3641 esse
426 3565 555 3640 borum
572 3565 817 3655 Psalmorum,
842 3585 884 3643 ut
902 3594 1026 3643 eorum
1049 3583 1103 3641 te·
1151 3571 1252 3642 Beati
1269 3571 1464 3666 omnesqui
1479 3572 1664 3645 confidunt
1682 3573 1721 3641 in
1738 3596 1792 3658 eo,
1816 3573 1873 3643 vel
1886 3575 1986 3646 iuxta
2002 3577 2123 3649 dictum
2148 3622 2151 3627 -

121 3676 298 3750 stimoniis
315 3674 553 3744 accendantur
575 3673 614 3741 in
637 3673 765 3759 nobis,
790 3687 825 3745 et
849 3675 1105 3745 confirmentur
1153 3672 1313 3745 loannis:
1340 3672 1415 3764 Qui
1431 3674 1545 3745 credit
1558 3674 1596 3742 in
1606 3670 1891 3781 huncMessiam,
1906 3671 2119 3750 habetvitam

120 3780 254 3871 agnitio
272 3775 356 3846 Filii
370 3772 458 3861 Dei,
484 3775 612 3845 fiducia
626 3775 848 3869 acquiescens
862 3777 901 3845 in
916 3771 1103 3858 FilioDci,
1151 3789 1342 3849 aeternam.
1399 3774 1604 3846 Statuamus
1626 3776 1818 3846 certissime
1836 3780 2047 3853 mandatum
2067 3776 2122 3850 Dei

120 3905 202 3951 vera
225 3878 418 3961 invocatio,
444 3876 769 3966 gratiarumactio,
793 3878 931 3949 laeticia
955 3877 993 3946 in
1015 3874 1105 3962 Deo,
1151 3878 1340 3950 immotum
1369 3891 1404 3948 et
1425 3877 1650 3948 immutabile
1681 3899 1772 3961 esse,
1805 3890 1845 3947 nt
1869 3893 2019 3971 propter
2039 3876 2121 3950 bunc

121 4000 157 4056 et
171 3979 325 4052 incoatio
345 3980 436 4048 vitae
451 3991 635 4062 aeternae,
662 3979 752 4050 sicut
766 3992 802 4050 st
815 3980 989 4049 secundus
1002 3976 1103 4047 Psal-
1152 3976 1319 4049 Messiam
1341 3978 1452 4071 recipi
1470 4001 1538 4050 nos
1564 3975 1690 4050 s·Deo
1711 3979 1917 4068 credamus,
1951 3995 1988 4054 et
2008 3981 2122 4053 donari

121 4109 199 4157 mus
227 4082 327 4154 addit
356 4078 600 4149 dulcissimum
631 4078 766 4152 dictum
798 4082 843 4150 de
868 4078 1103 4173 applicatione
1152 4077 1209 4152 his
1230 4080 1355 4166 bonis,
1380 4104 1472 4172 quae
1496 4080 1535 4149 in
1557 4075 1625 4151 boc
1644 4079 1787 4150 Psalmo
1812 4093 1847 4150 et
1869 4082 1959 4153 alibi
1981 4105 2122 4154 comme·

10 4204 12 4206 ’
120 4203 288 4280 tanquam
307 4176 558 4275 epiphonema:
585 4177 688 4252 Beati
704 4203 827 4252 omnes
843 4183 905 4277 qui
920 4182 1104 4254 confidunt
1151 4195 1350 4254 morantur.
1401 4179 1478 4253 Hac
1499 4182 1569 4252 fide
1590 4183 1635 4252 ad
1652 4178 1768 4252 Deum
1783 4184 2010 4270 accedamus,
2032 4185 2122 4255 invo-

122 4290 161 4360 in
178 4314 231 4360 eo.
281 4285 434 4357 Possunt
458 4297 573 4355 autem
599 4283 725 4354 referri
746 4285 791 4354 ad
822 4307 932 4375 genus
955 4286 1103 4355 demon·
1152 4306 1271 4355 cemus
1301 4308 1405 4366 eum,
1443 4297 1479 4355 et
1507 4278 1599 4353 banc
1629 4283 1908 4355 consolationem
1942 4299 2123 4368 teneamus,

120 4392 307 4465 strativum
331 4387 387 4456 vel
407 4379 674 4458 διδασκαλικὸν
703 4399 738 4457 11
765 4387 811 4456 ad
840 4401 967 4458 statum
992 4385 1104 4457 liniti-
1151 4409 1217 4456 nos
1231 4400 1377 4484 propter
1390 4381 1486 4457 hunc
1500 4383 1693 4457 Dominum
1702 4439 1722 4504 ,θ
1738 4398 1774 4456 et
1796 4409 1859 4478 per
1882 4410 1986 4507 eum,
2010 4403 2123 4488 poten·

121 4518 224 4582 vum,
250 4504 290 4561 ut
304 4485 363 4558 hic
377 4488 562 4582 quaeritur
575 4487 656 4582 quis
672 4486 719 4558 sit
733 4484 898 4576 Messias,
923 4487 1027 4583 quale
1047 4509 1103 4558 sa·
1151 4488 1203 4560 tia
1220 4488 1347 4561 divina
1367 4485 1500 4558 servani
1521 4500 1555 4559 et
1580 4487 1724 4557 defends
1745 4502 1867 4559 contra
1885 4490 2070 4577 diabolos,
2091 4503 2122 4610 11

121 4593 317 4668 cerdotium
340 4604 373 4660 et
386 4613 534 4681 regnum
548 4591 709 4662 futurum
729 4588 785 4662 sit.
1151 4588 1297 4660 liberari
1318 4614 1341 4661 1
1359 4602 1518 4682 peccato,
1544 4602 1620 4659 eta
1642 4602 1758 4695 morte
1770 4601 1932 4676 aeterna,
1957 4605 1995 4664 11
2010 4595 2123 4701 donau

224 4693 298 4766 Atii
312 4689 444 4762 Psalmi
467 4705 550 4763 sunt
574 4692 701 4782 legales
723 4691 906 4762 doctrinae
922 4693 967 4761 de
981 4688 1104 4783 provi·
1151 4690 1290 4765 iusticia
1314 4706 1350 4765 et
1370 4690 1443 4761 1111
1464 4703 1626 4797 aeterna,
1647 4691 1739 4762 sicut
1763 4691 1838 4782 ipse
1860 4692 1999 4786 inquit:
2023 4694 2146 4773 Nemo,

122 4797 243 4872 dentis
251 4846 263 4881 ,
290 4793 451 4865 debonis
473 4793 658 4885 operibus,
685 4795 729 4864 de
750 4792 874 4892 poenis
897 4792 1103 4884 impiorum.
1150 4793 1264 4886 rapiet
1285 4816 1368 4864 oves
1390 4814 1486 4863 meas
1503 4816 1545 4863 ox
1568 4794 1734 4863 manibus
1759 4794 1858 4863 meisi
1919 4796 2033 4865 Item:
2057 4792 2122 4902 Ego

123 4899 197 4972 Alii
212 4911 296 4970 sunt
311 4894 595 4985 obiurgationes,
613 4893 673 4966 alii
688 4909 771 4966 sunt
787 4894 1022 4986 precationes,
1041 4893 1103 4962 alii
1151 4895 1259 4967 vitam
1283 4909 1463 4966 aeternam
1489 4896 1537 4965 do
1555 4894 1616 4964 eis.
1667 4892 1774 4964 Tales
1795 4895 2059 4968 consolationes
2076 4900 2124 4967 in·

122 5000 392 5075 consolationes.
425 4995 536 5088 Saepe
551 4997 743 5068 miscentur
759 4997 994 5089 precationes,
1017 5019 1103 5065 con·
1151 5015 1315 5071 tueamur
1346 4996 1507 5092 quotidie
1536 4997 1576 5065 in
1600 4994 1844 5081 invocatione,
1876 4997 1916 5066 in
1943 5003 2123 5072 nostriset

121 5106 311 5177 solationes
337 5114 372 5171 et
399 5099 591 5190 gratiarum
622 5101 787 5172 actiones.
836 5095 976 5170 Horum
999 5097 1103 5168 multi
1150 5098 1399 5171 communibus
1418 5097 1601 5192 periculis,
1635 5110 1670 5168 et
1690 5097 1843 5168 sciamus
1867 5122 1952 5170 vere
1974 5124 2043 5174 nos
2062 5124 2124 5174 ser·

122 5234 195 5280 non
212 5209 255 5277 de
272 5204 346 5274 solo
355 5200 488 5272 Messio
498 5200 716 5294 loquuntur,
731 5201 789 5269 sed
808 5213 892 5271 sunt
904 5199 1103 5271 communis
1151 5200 1229 5272 vari
1242 5202 1287 5272 ab
1301 5195 1371 5271 ltoc
1384 5195 1562 5286 Domino,
1587 5199 1678 5270 sicut
1695 5197 1872 5271 1111111111
1885 5219 2075 5277 servantur
2093 5205 2124 5273 in

122 5337 189 5383 vox
205 5305 366 5377 omnium
396 5303 636 5374 membrorum
660 5301 853 5386 Ecclesiae,
887 5318 920 5374 et
946 5303 1102 5392 exempla
1151 5302 1383 5383 marirubro,
1410 5315 1468 5372 aut
1489 5299 1593 5372 lonas
1616 5303 1654 5370 in
1672 5303 1894 5405 ventrefceti:
1923 5318 1958 5375 et
1981 5300 2049 5379 bac
2067 5308 2123 5412 tide

58 5424 61 5430 ’
121 5408 208 5484 haec
237 5406 420 5502 proposita
448 5417 531 5475 sunt
561 5418 728 5500 tanquam
761 5403 1029 5495 promissiones,
1064 5419 1103 5476 ut
1152 5405 1365 5477 accendatur
1394 5402 1601 5491 invocatio„
1624 5417 1659 5474 et
1688 5403 1951 5499 acquiescamus
1986 5408 2027 5479 in
2051 5407 2125 5492 Deo,
