4538 5754
12 3965 25 3972 -
130 3907 321 3983 hominum
343 3896 488 3987 verbum
509 3887 577 3958 Dei
600 3909 674 3955 non
698 3898 750 3955 est
772 3885 888 3952 bonus
909 3880 1121 3962 intellectos,

124 235 224 312 ssu
451 288 454 295 .
535 321 537 325 ἢ
721 216 847 291 enta
874 213 990 291 nan
1019 210 1229 291 sontem
1256 211 1555 291 axaosrtca.
2057 219 2147 292 rau

127 422 287 503 petamus
307 398 513 481 consilium,
541 391 687 463 Initium
704 389 895 482 sapientiae
911 389 1018 460 timor
1033 389 1112 460 Do·
1263 387 1296 458 Τ
1298 403 1421 461 autum
1435 389 1544 479 igitur
1557 403 1609 459 est
1621 402 1718 479 grata
1731 414 1798 460 vox
1814 404 1849 462 et
1864 390 1983 460 dulcis
1995 391 2145 461 doctrina

127 510 229 582 mini.
282 502 378 574 llaec
407 495 579 589 sapientia
608 492 683 564 sola
712 492 1033 581 estgubernatrir,
1065 491 1112 561 ti·
1160 491 1447 572 iacientibusid
1463 504 1526 576 est,
1551 491 1815 577 obedientibus,
1840 493 1934 563 sicot
1948 494 2039 564 alias
2054 517 2148 580 saepe

128 635 225 684 mere
246 607 383 688 Deum,
415 623 490 671 non
511 597 673 668 recedere
696 596 741 663 ab
763 595 838 664 eius
865 596 993 678 verbo,
1026 616 1113 664 con·
1161 594 1281 687 inquit
1290 594 1489 685 Scriptura:
1516 588 1753 683 Evangelium
1768 609 1820 665 est
1834 598 1929 665 odor
1939 595 2054 679 vitae,
2077 596 2149 664 aliis

129 716 244 787 solere
260 704 512 786 eiusverbum,
535 699 700 767 invocare
716 695 854 786 ipsum,
881 695 1034 766 etabeo
1051 717 1113 786 pe-
1162 695 1338 767 advitam
1362 709 1427 769 etc.
1490 693 1653 767 Secunda
1676 692 1842 771 Corinth.
1859 698 1913 766 2:
1948 695 2000 766 Hi
2025 693 2150 767 habene

129 836 203 895 tere
232 827 266 884 et
293 820 472 899 expectare
504 797 807 892 gubernationem.
866 795 956 866 Nam
988 798 1113 868 timere
1162 797 1440 869 consolationem
1469 819 1511 867 ex
1541 799 1650 868 verbo
1671 793 1758 882 Dei,
1791 813 1826 867 ει
1846 813 2037 887 expectant
2057 800 2148 869 auri-

127 921 244 992 Deurn
269 914 397 985 usitato
421 928 518 975 more
539 904 578 971 in
593 898 965 990 scripturissiguificat
981 899 1113 968 servire
1163 900 1250 969 lium
1266 896 1334 968 Dei
1357 912 1390 970 et
1412 899 1521 972 vitam
1544 913 1739 969 aeternam:
1768 913 1802 969 et
1823 896 1888 969 hac
1912 901 2149 972 consolatione

56 1080 60 1089 ,
127 1021 226 1104 Deo,
259 1040 318 1086 seu
341 1011 455 1083 colere
477 1003 612 1087 Deum,
642 1003 703 1069 sed
728 1014 844 1071 tamen
867 994 1043 1091 emphasis
1063 1012 1113 1070 est
1163 1013 1332 1093 superant
1355 1025 1479 1071 omnes
1503 1022 1707 1085 aerumnas,
1733 1000 1824 1072 sicut
1843 998 2016 1073 Christus
2041 1003 2149 1094 inquit

128 1126 168 1195 in
188 1117 361 1192 vocabulo
384 1133 446 1182 seu
467 1107 576 1175 verbo
604 1101 778 1172 Timoris:
814 1115 935 1173 mouet
956 1102 1051 1171 enim
1074 1102 1113 1170 in
1162 1102 1278 1174 Lucae
1300 1105 1378 1174 12.:
1405 1101 1488 1172 Noli
1505 1102 1629 1173 timere
1646 1101 1775 1195 pusille
1790 1125 1884 1193 grex.
1918 1102 2011 1173 Item
2029 1099 2150 1173 lohan-

92 1263 96 1273 ·
127 1248 212 1297 vero
234 1221 332 1291 cultu
353 1237 426 1287 esse
443 1231 564 1279 verum
583 1204 766 1285 timorem,
792 1227 910 1272 veram
926 1204 1114 1296 poeniten·
1163 1201 1306 1278 nis14.:
1334 1204 1416 1274 Non
1431 1204 1630 1297 relinquam
1641 1228 1703 1274 vos
1712 1201 1905 1296 orphanos.
1931 1201 2149 1277 licitene:

127 1329 233 1411 tiam,
257 1324 382 1415 inqua
400 1338 436 1386 se
453 1313 538 1380 fides
554 1321 589 1379 et
603 1307 781 1378 invocatio
799 1320 956 1378 exercuit.
1166 1306 1206 1375 ln
1229 1301 1285 1376 his
1298 1306 1466 1376 omnibus
1483 1307 1693 1377 excellenter
1710 1307 2052 1399 vincimus'propter
2066 1332 2150 1389 eum,

1165 1410 1228 1502 qui
1242 1408 1367 1479 dilexit
1385 1431 1460 1479 nos.

177 1573 390 1652 Intellectus
405 1567 522 1640 bonus
538 1559 707 1634 omnibus
715 1557 945 1659 facientibus
961 1581 1014 1632 eo.
1268 1541 1372 1614 Hanc
1392 1544 1598 1616 concionem
1621 1558 1654 1614 et
1676 1545 1809 1614 similes
1833 1544 2086 1635 complectitur
2102 1541 2150 1613 hic

1166 1643 1345 1726 Psalmus,
1380 1671 1459 1716 cum
1483 1649 1552 1732 ait,
1589 1643 1747 1717 Verbum
1768 1645 1838 1717 Dei
1858 1670 1935 1716 esse
1961 1648 2148 1718 doctrinam

230 1759 375 1836 Phrasis
406 1771 456 1826 est
476 1751 626 1824 Ebraica
659 1747 843 1819 dissimilis
865 1758 1006 1815 nostrae
1028 1769 1115 1816 con·
1165 1761 1299 1837 gratam
1315 1762 1348 1818 ει
1364 1749 1564 1822 salutarem.
1619 1747 1788 1818 Continet
1805 1749 1917 1837 igitur
1932 1764 2148 1840 praeceptum

128 1867 326 1948 suetudini:
368 1883 442 1929 non
473 1856 567 1925 enim
599 1854 643 1920 de
672 1848 913 1919 intellectione
943 1848 1117 1940 loquitur,
1165 1861 1200 1919 et
1221 1849 1512 1940 promissionem:
1539 1847 1642 1920 lubet
1665 1850 1838 1942 populum
1860 1849 1930 1920 Dei
1956 1865 2149 1922 constanter

126 1978 189 2051 sed
212 1975 255 2042 de
272 1965 434 2037 doctrina
454 1983 515 2028 teu
532 1948 735 2025 verbonei·
788 1949 898 2020 Fiunt
916 1942 1116 2019 aulcmhac
1166 1951 1317 2022 retinere
1340 1953 1488 2021 verbum
1506 1949 1594 2021 Dei:
1620 1965 1714 2022 vetat
1736 1973 1795 2021 eos
1818 1952 1994 2021 deterreri
2020 1951 2148 2023 iudiciis

127 2072 321 2152 sentcntiae
334 2068 383 2137 ita
397 2061 509 2151 magis
521 2060 686 2136 illustres,
710 2055 739 2123 si
755 2053 814 2122 fiat
829 2051 981 2124 collatio.
1022 2050 1115 2120 lllud
1165 2053 1378 2145 impiorum,
1405 2053 1598 2138 scandalis,
1623 2065 1686 2123 aot
1707 2051 1853 2123 saevitia
1878 2055 2023 2123 mundi.
2082 2051 2147 2123 Ad-

126 2194 179 2254 est
202 2174 421 2247 intellectus,
456 2164 493 2232 id
519 2175 590 2244 est,
616 2156 777 2226 doctrina
801 2154 915 2233 bona,
941 2152 1116 2236 salutaris,
1165 2156 1269 2227 ditet
1286 2154 1578 2247 promissionem,
1605 2178 1685 2225 cum
1702 2167 1851 2224 testatur
1869 2177 1945 2225 esse
1962 2155 2144 2225 doctrinam

126 2282 246 2363 utilis,
272 2274 392 2344 efficax
417 2279 481 2336 etc.
532 2258 696 2352 Opponit
720 2257 813 2326 enim
838 2252 1000 2324 Psalmus
1023 2249 1116 2323 hanc
1167 2281 1241 2327 non
1269 2281 1418 2337 vanam,
1451 2280 1526 2327 non
1548 2256 1733 2341 inutilem,
1766 2258 1868 2349 quasi
1895 2257 2012 2341 dicat,
2041 2257 2080 2327 ln
2099 2251 2143 2322 his

127 2381 338 2458 seutentiam
363 2368 481 2459 impiis
506 2362 648 2435 iudiciis
663 2355 923 2451 Epicureorum
948 2369 983 2426 et
999 2352 1115 2450 hypo·
1166 2359 1433 2429 adflictionibus
1465 2359 1570 2429 etiam
1602 2370 1779 2448 expectate
1808 2358 2086 2429 consolationem
2117 2375 2142 2422 et

128 2485 310 2559 critarum.
379 2471 468 2541 Nam
494 2463 662 2557 Epicurei
689 2459 853 2531 derident
877 2460 1024 2527 verbum
1048 2456 1115 2528 Dei
1165 2460 1433 2541 liberationem,
1458 2484 1550 2553 quae
1575 2460 1678 2529 vobis
1702 2460 1740 2527 in
1763 2454 1830 2528 hoc
1852 2461 1965 2529 verbo
1983 2459 2141 2552 promitti-

128 2605 298 2681 tanquam
315 2574 445 2646 anilem
463 2568 640 2648 fabulam,
666 2575 804 2633 tantum
822 2561 937 2643 abest.
965 2573 1004 2628 111
1021 2559 1117 2629 iudi·
1166 2577 1243 2634 tur:
1269 2560 1367 2632 Haec
1384 2584 1463 2653 spes
1478 2585 1552 2632 non
1568 2564 1634 2632 erit
1650 2561 1762 2630 irrita.
1795 2558 1888 2629 Nam
1907 2556 1977 2629 hae
1996 2561 2139 2630 coelestes

128 2703 209 2765 cent
224 2705 296 2754 esse
311 2678 463 2748 salutare
478 2683 512 2740 et
528 2668 659 2737 efficax.
698 2662 831 2732 Vident
846 2661 974 2753 impios
989 2661 1117 2731 llorere
1167 2663 1418 2755 promissiones
1443 2677 1527 2734 sunt
1548 2665 1671 2733 firmae
1691 2675 1725 2732 et
1746 2675 1860 2747 ratae,
1889 2664 2000 2732 modo
2023 2683 2082 2730 vos
2098 2681 2139 2727 eas

128 2791 277 2884 opibus,
302 2777 413 2871 gloria
436 2787 469 2843 ει
490 2768 659 2840 omnibus
682 2768 774 2837 vitae
796 2763 1009 2832 commodis:
1036 2762 1115 2831 ideo
1165 2766 1234 2835 lide
1252 2764 1412 2836 retinete.

129 2892 277 2964 verbum
293 2881 363 2952 Dei
384 2880 429 2947 ‘³⁰
451 2872 574 2993 P⁰⁰J¹l⁸
591 2869 784 2987 imPl⁰f¹¹¹J¹
799 2866 1000 2955 dammum
1016 2887 1117 2984 3⁰⁰⁰·
1271 2894 1331 2968 Sic
1347 2897 1456 2986 igitur
1471 2894 1664 2987 accipiatur
1679 2892 1739 2966 hic
1756 2895 1976 2985 versiculus,
2000 2862 2040 2966 ht
2054 2894 2138 2962 intel-

128 2993 287 3073 rissime.
319 2999 489 3099 ²³¹¹qu
513 2996 636 3042 ΨΜ
659 2989 814 3039 ”lenm
881 2966 970 3086 llfm
994 2969 1117 3084 ”flfflfl
1166 2999 1318 3088 ligamus
1334 3021 1400 3067 nos
1414 2998 1617 3067 confirmari
1631 2998 1670 3067 in
1687 2998 1779 3066 veris
1794 2996 2062 3069 certaminibus.
2108 2991 2136 3060 lu

129 3093 320 3191 P⁰P¹¹¹¹¹m2
363 3107 437 3201 qm,
456 3077 643 3197 ⁰⁰¹¹‚fitffmr
675 3073 822 3190 vf‘hum
855 3068 1117 3187 D⁸¹‚m³¹¹!⁰¹⁸
1166 3096 1224 3170 his
1240 3099 1457 3192 experimur,
1484 3102 1633 3193 quaesit
1648 3099 1701 3167 vis
1718 3095 1845 3167 harum
1860 3098 2136 3169 consolationum.

59 3251 70 3266 s
128 3192 308 3270 aerumnis
331 3184 542 3261 conflictare,
568 3199 641 3243 1mo
662 3188 766 3242 etiam
783 3164 1117 3271 haberernhrmrta·
1168 3225 1249 3272 cum
1280 3224 1338 3271 m
1368 3203 1410 3270 ad
1442 3223 1546 3271 mum
1570 3200 1825 3270 transferimus·
1896 3197 1945 3268 Et
1970 3201 2008 3268 in
2032 3197 2135 3271 „libus

129 3317 181 3374 tes
205 3313 238 3367 ct
262 3286 444 3362 scand³l³²
480 3280 600 3368 Qum
625 3287 754 3363 ”mm
777 3272 856 3340 D⁶⁰
880 3272 991 3361 ΜΨ*
1013 3293 1117 3339 ‘um‘
1168 3302 1343 3373 exercitiis
1372 3297 1439 3371 hae
1470 3302 1663 3375 sententiae
1685 3303 1796 3391 magis
1820 3301 2084 3391 intelliguntur,
2111 3311 2133 3361 et

130 3425 204 3476 essa
235 3392 331 3467 hunc
356 3386 550 3479 populum,
585 3402 690 3471 quam
714 3375 819 3443 alios:
855 3385 890 3442 et
910 3371 1119 3456 doctrinam,
1169 3404 1259 3476 fiunt
1275 3404 1463 3478 dulciores·

131 3525 221 3600 quae
253 3494 486 3567 concionatur
513 3484 557 3551 de
583 3477 777 3571 praesentia
802 3475 894 3558 Dei,
928 3475 971 3543 de
993 3472 1120 3542 remis,

131 3608 232 3680 sione
263 3606 507 3688 peccatorum,
541 3585 585 3652 de
609 3579 742 3651 arixilio
765 3575 854 3661 Dei,
888 3576 933 3644 dc
957 3575 1119 3645 consola-

131 3710 228 3780 tione
244 3693 440 3789 spirituali,
468 3689 511 3757 de
526 3685 597 3756 vita
613 3698 773 3760 aeterna,
800 3692 968 3771 tauquam
984 3676 1118 3747 stultis-

131 3821 236 3882 simas
249 3797 398 3888 ineptias
413 3801 646 3862 contemnunt
659 3783 840 3853 exibilant.
889 3777 985 3848 llnic
999 3776 1120 3868 generi
1226 3771 1331 3849 Laus
1348 3776 1618 3849 eiusmunetc'n
1634 3786 1833 3850 oeternum.

1271 3538 1456 3611 Postremo
1470 3540 1592 3611 adiicit
1606 3539 1704 3610 aliud
1719 3534 1970 3631 epiphonema.

1273 3947 1369 4019 Haec
1390 3948 1573 4045 conclusio
1589 3948 1748 4019 continet
1763 3949 1869 4017 etiam
1887 3960 2102 4038 praeceptum
2115 3958 2135 4012 et
2173 3943 2183 4025 ⁸.

1173 4051 1456 4151 promissionem.
1515 4047 1619 4122 lubet
1639 4049 1736 4120 enim
1757 4072 1987 4140 perseverare
2010 4052 2049 4119 iu
2069 4048 2137 4117 cele·
2173 4044 2184 4129 ξ

1172 4155 1308 4224 branda
1330 4153 1434 4222 laude
1450 4148 1536 4231 Dei,
1563 4153 1599 4221 id
1623 4164 1691 4236 est,
1718 4151 1757 4219 in
1778 4173 1861 4219 vera
1883 4151 2100 4222 confessione
2117 4162 2138 4214 et

238 4276 358 4350 Multo
379 4271 499 4340 minus
524 4274 622 4353 grata
642 4272 694 4330 est
715 4252 802 4325 haec
827 4254 986 4327 doctrina
1006 4247 1122 4347 hypo·
1173 4256 1211 4324 in
1227 4277 1311 4324 vero
1326 4254 1434 4326 cultu.
1466 4248 1515 4323 Et
1527 4275 1731 4346 quanquam
1744 4253 1903 4322 mundus
1916 4251 2139 4323 delereErso-
2176 4252 2185 4344 ’π

135 4385 252 4467 critis,
278 4377 399 4472 quales
414 4381 497 4441 sunt
512 4360 693 4434 Pharisaei
707 4370 767 4428 aut
782 4357 934 4441 similes,
959 4354 1023 4447 qui
1036 4356 1121 4423 ode·
1173 4356 1304 4448 galium
1328 4368 1692 4448 constur‚.tanquam
1716 4346 1977 4443 blasphemiam
2001 4354 2081 4426 Dei:
2102 4366 2142 4422 ta
2176 4391 2185 4458 t

135 4500 222 4560 runt
252 4503 371 4551 veram
399 4468 599 4543 doctrinam
633 4479 802 4556 tanquam
823 4451 1066 4549 blasphemam
1090 4468 1123 4527 ct
1172 4482 1255 4529 men
1277 4453 1364 4527 haec
1385 4455 1572 4547 promissio
1594 4469 1760 4538 testatur,
1787 4477 1862 4525 nou
1879 4477 1985 4544 posse
2002 4454 2143 4548 Evange-
2177 4521 2185 4558 r

135 4588 355 4662 seditiosam:
381 4577 472 4645 sicut
491 4593 605 4651 nunc,
630 4564 714 4659 qnia
729 4555 1040 4652 reprehenduntur
1054 4557 1123 4625 im·
1172 4561 1261 4630 lium
1285 4558 1451 4650 opprimi.
1502 4552 1551 4627 Et
1568 4556 1968 4651 quidem'concionatur
1981 4561 2027 4627 de
2041 4579 2143 4648 perpe
2178 4553 2185 4631 ι’

136 4692 189 4785 'pii
213 4676 611 4777 cultusnvocilerantur
628 4663 839 4745 adversarii,
865 4660 957 4730 laedi
974 4658 1122 4748 gloriam
1174 4675 1232 4733 tua
1253 4661 1380 4752 gloria.
1430 4657 1498 4730 His
1518 4659 1712 4750 praeceptis
1725 4670 1761 4729 et
1775 4659 2081 4730 consolationibus
2095 4678 2143 4726 uos
2179 4655 2185 4663 '

137 4793 224 4874 Dei,
247 4785 328 4858 tolli
351 4779 466 4851 cultus
489 4771 576 4856 Dei,
600 4764 786 4840 dilacerari
807 4759 1020 4845 Ecclesiam,
1044 4784 1123 4828 mo·
1173 4785 1316 4859 quoque
1338 4763 1560 4846 erudiamus,
1592 4761 1824 4831 exrrscitemus
1846 4774 1881 4828 et
1903 4762 2143 4835 confirmemus,
2180 4825 2185 4849 ἶ

138 4894 215 4965 veri
238 4885 441 4960 seditiones.
491 4873 577 4957 His,
600 4867 795 4941 ut·Paulus
817 4866 885 4950 ait,
909 4858 1124 4933 habentibus
1173 4880 1214 4936 ut
1237 4877 1272 4934 et
1289 4887 1355 4933 uos
1370 4887 1453 4932 vere
1468 4885 1611 4953 agamus
1626 4862 1702 4932 Deo
1719 4861 1867 4951 gratias,
1895 4875 1929 4932 et
1952 4877 2141 4961 praestemus

132 4015 171 4083 id
195 4021 265 4090 est,
290 4023 365 4071 non
389 3994 569 4066 iudicatur
591 4011 662 4057 esse
685 4000 779 4075 grata
796 3982 956 4052 doctrina
975 3997 1008 4052 et
1025 3981 1120 4050 salu-

133 4114 234 4187 taris:
261 4103 398 4175 nullam
416 4096 466 4168 eis
481 4092 594 4163 adfert
611 4086 900 4159 consolationem.

139 4994 303 5092 spiritum
329 4973 632 5073 compunctionis,
662 4970 792 5052 idest,
826 4963 1039 5036 exacerbatis
1057 4963 1138 5056 ads
1174 4968 1206 5038 ei
1223 4989 1325 5037 veros
1341 4964 1468 5038 culpus,

139 5118 262 5169 versus
295 5088 500 5165 veritatem,
548 5068 784 5162 Evangelium
815 5089 1040 5163 nequaquam
1073 5077 1125 5134 ρει
1531 5080 1535 5087 .

138 5205 256 5274 honus
278 5187 488 5273 intellectus.
552 5177 774 5246 Execrantur
794 5169 889 5240 euim
913 5181 948 5240 ct
972 5168 1124 5237 oderunt

140 5305 198 5389 id,
238 5311 409 5386 tanquam
442 5277 771 5376 perniciosissimam
802 5284 950 5362 pestem:
992 5284 1026 5338 et
1056 5265 1123 5338 hoc

134 5406 264 5476 udiom
279 5387 484 5467 incenditur
499 5407 540 5455 ac
555 5380 663 5454 alitur
676 5373 852 5449 scandalis
867 5373 992 5444 crucis.
