4538 5754
128 233 237 309 1118

266 410 605 506 Argumentum
630 431 685 480 ce
712 406 985 500 dispositio

492 539 651 624 Psalmi
678 539 756 625 hl.

175 708 359 780 Miserere
371 712 448 778 mei
463 707 588 795 noo,
613 703 824 780 secundum
844 725 1025 804 maguam
1043 705 1115 774 mi-

174 809 426 882 sericordiam
440 817 566 897 suam,
592 816 664 880 etc.

229 959 345 1033 Totus
369 960 531 1032 Psalmus
554 959 708 1052 precatio
739 975 809 1045 est,
841 973 876 1031 et
895 973 936 1031 nt
959 968 1114 1028 caeterae

122 1063 368 1155 precationes,
414 1064 458 1131 ad
500 1084 609 1150 genus
641 1062 912 1134 deliberativum
950 1056 1113 1151 pertinet.

121 1161 330 1256 Propositio
371 1164 559 1254 praecipua
603 1164 721 1231 statim
753 1162 859 1233 initio
893 1171 1112 1230 recensetur:

121 1258 310 1334 Miserere
332 1262 405 1332 mei
422 1259 529 1332 Deus
551 1258 749 1332 secundum
772 1284 951 1357 magnam
969 1257 1112 1329 miseri-

123 1360 295 1436 cordiam
308 1373 433 1449 luam,
458 1366 495 1435 id
512 1378 581 1450 est,
608 1364 748 1439 remitte
767 1360 857 1434 mibi
874 1376 1013 1456 peecata
1029 1383 1111 1452 pro·

124 1483 207 1562 pter
238 1466 446 1537 immensam
477 1465 757 1535 misericordiam
787 1478 902 1551 tuam,
939 1484 1046 1556 quam
1072 1460 1111 1528 in

122 1565 362 1662 promissione
384 1567 490 1636 nobis
515 1564 710 1638 declarasti.
767 1564 892 1637 Postea
917 1561 1003 1636 haec
1026 1585 1111 1653 pro-

122 1669 256 1763 positio
271 1669 460 1759 repetitur,
486 1680 521 1739 et
536 1667 672 1737 vicinae
687 1667 887 1736 adduntur:
914 1653 992 1734 Cor
1003 1685 1111 1732 mun·

125 1764 216 1841 dum
230 1790 311 1839 creo
335 1767 374 1838 in
388 1776 444 1837 me
458 1764 577 1839 Deus.
626 1764 719 1836 Nam
740 1781 775 1836 et
804 1761 842 1834 hi
866 1763 1029 1835 versiculi
1049 1762 1110 1856 qui

123 1871 326 1967 loquuntur
343 1874 388 1941 de
402 1871 526 1956 donis,
549 1891 639 1962 quae
663 1865 829 1936 adiuncta
851 1879 935 1937 sunt
949 1864 1109 1935 reconci-

121 1971 283 2056 liationi,
325 1985 409 2041 sunt
436 1969 709 2061 propositiones.
767 1965 965 2038 Miscentur
993 1977 1108 2036 autem

119 2084 165 2143 ut
178 2072 220 2143 iit
233 2071 274 2141 in
291 2094 420 2161 magno
435 2071 559 2141 dolore
580 2068 696 2140 tristes
717 2069 881 2161 querelae
905 2070 950 2137 de
972 2064 1110 2154 magni-

120 2173 250 2245 tudine
272 2172 424 2262 peccati,
460 2184 494 2242 et
520 2170 775 2253 consessiones,
809 2171 932 2262 quales
953 2163 1110 2238 Ecclesia

120 2288 244 2347 cc'ram
260 2270 336 2345 Deo
357 2273 500 2356 recitat,
533 2286 567 2342 et
589 2271 719 2340 deinde
739 2271 932 2358 gratiarum
953 2268 1109 2338 actiones

120 2388 159 2447 et
182 2374 388 2446 discrimina
415 2374 595 2458 cultuum,
628 2373 673 2441 de
698 2371 829 2467 qqibus
860 2384 895 2442 et
924 2369 1107 2463 proximus

119 2474 285 2548 Psalmus
307 2474 537 2546 concionatus
559 2487 623 2543 est.
679 2470 767 2543 Cum
802 2485 917 2543 autem
951 2469 1108 2539 membra

119 2589 206 2668 apte
226 2576 398 2667 disposita
420 2577 509 2657 sint,
536 2587 570 2646 et
589 2574 725 2664 egregia
741 2573 813 2643 sint
826 2573 963 2643 lumina
979 2569 1109 2639 verbo·

119 2700 206 2749 rum
221 2691 257 2750 et
273 2677 526 2749 sententiarum
543 2691 578 2747 et
594 2676 735 2766 copiosa
753 2673 915 2743 doctrina
930 2673 970 2742 in
984 2670 1107 2758 singu-

119 2778 167 2849 lis
182 2779 373 2863 membris,
399 2779 526 2848 ordine
540 2777 729 2848 recensebo
745 2797 796 2845 ea.

224 2893 426 2985 Propositio
443 2909 509 2965 est:
537 2894 709 2964 Miserere
726 2891 899 2963 meiDeus
912 2889 1105 2961 secundum

121 3018 290 3088 magnam
305 2996 584 3067 misericordiam
603 3009 712 3065 tuam.

224 3111 366 3184 Deinde
399 3104 521 3183 tristis
542 3113 685 3207 querela
721 3111 898 3206 sequitur,
932 3130 1022 3201 qnae
1054 3119 1107 3177 est

122 3215 298 3289 confessio
315 3216 464 3306 peccati,
490 3228 523 3286 et
545 3214 771 3304 amplificatio
789 3224 989 3282 monstrans
1009 3208 1106 3276 radi-

122 3342 199 3389 cem
228 3330 448 3407 peccatorum
477 3330 512 3386 et
540 3316 626 3387 mali
663 3313 960 3404 magnitudinem:
1002 3302 1104 3404 Quo-

122 3416 228 3489 niam
263 3414 495 3513 iniquitatem
525 3439 644 3485 meam
674 3437 739 3508 ego
771 3435 950 3507 agnosco,
982 3410 1105 3492 idest,

117 3540 229 3593 'cerno
252 3542 367 3589 meam
392 3518 652 3588 immunditiem
675 3531 709 3586 et
733 3517 880 3595 delicta,
905 3528 937 3582 et
954 3534 1103 3602 agnosco

120 3634 156 3695 te
173 3621 267 3692 iuste
280 3614 370 3687 mihi
387 3620 509 3704 irasci,
535 3642 661 3712 meque
676 3641 807 3708 poenas
824 3628 858 3685 et
874 3628 1022 3685 mortem
1046 3636 1103 3681 ae-

121 3734 261 3795 ternam
276 3721 441 3791 meritum
458 3744 541 3792 esse.
592 3717 640 3790 Et
655 3715 741 3788 haec
759 3720 833 3811 ipsa
853 3714 1025 3786 consessio
1047 3737 1105 3783 re-

120 3923 349 4017 amplificata:
376 3917 469 3991 Tibi
483 3929 629 3991 tontum
652 3927 935 4017 compressior,
963 3925 994 3986 ct
1014 3939 1104 3984 ma-

120 4020 200 4097 lum
216 4046 336 4094 coram
354 4021 493 4119 testei,
515 4023 615 4117 quasi
628 4023 741 4091 dicat:
762 4023 926 4113 Agnosco
946 4033 980 4090 et
994 4023 1106 4089 fateor

118 4151 178 4199 me
193 4148 279 4196 vere
292 4147 365 4194 esse
385 4148 486 4193 rcum
504 4138 538 4195 et
553 4125 700 4213 dignum
716 4123 780 4196 ira.
835 4121 932 4191 laceo
949 4133 1103 4210 prostra-

83 4232 87 4239 ’
117 4241 177 4301 tus
192 4243 312 4298 coram
336 4237 369 4296 te
393 4227 548 4296 sentiens
569 4226 657 4293 iram
680 4237 775 4295 tuam
801 4223 1026 4293 iustissimam
1041 4222 1104 4289 ad-

117 4352 245 4401 sersus
269 4339 423 4420 peccata,
454 4350 581 4419 meque
602 4326 738 4415 ingenti
762 4326 855 4393 mole
880 4335 1102 4415 peccatorum

117 4442 307 4503 oneratum
326 4451 409 4499 csse.
462 4424 510 4498 Et
526 4423 611 4496 haee
623 4427 728 4517 plane
742 4427 865 4509 iateor,
892 4440 932 4495 ut
946 4437 985 4493 tu
1001 4423 1105 4493 iusti·

115 4532 247 4616 ficetis,
272 4516 402 4613 idest,
420 4529 572 4598 tribuam
591 4529 657 4598 tibi
670 4528 813 4597 laudern
828 4524 1005 4609 iusticiae,
1025 4548 1104 4594 curn

115 4655 261 4707 accusas
284 4645 320 4701 et
342 4631 466 4719 punis,
491 4653 596 4722 quam
616 4651 690 4697 non
705 4624 871 4698 tribuunt
885 4622 1111 4718 hypocritae,

115 4732 206 4809 saul
228 4747 265 4804 et
282 4732 416 4801 similes
438 4729 620 4800 clamitant
640 4751 677 4800 sc
698 4728 828 4799 iniuste
842 4728 949 4798 tantis
962 4725 1106 4796 calami-

115 4836 251 4911 tatibus
275 4833 399 4911 obrui,
425 4855 505 4901 cum
527 4832 600 4902 sint
623 4828 865 4900 benemeriti.
921 4823 999 4917 Ego
1020 4851 1103 4896 vero

108 4926 232 5010 'fateor
252 4957 309 5005 me
328 4933 519 5003 iustissime
547 4932 680 5022 puniri,
738 4928 855 5003 Cerno
880 4929 964 5001 vitia
987 4929 1105 4999 cordis

114 5064 209 5135 quae
238 5035 378 5108 assidue
407 5034 636 5118 circumfero,
669 5033 772 5133 rapui
804 5033 948 5103 alterius
977 5031 1104 5099 coniu-

114 5165 216 5234 gem,
242 5136 355 5210 struxi
374 5135 522 5205 insidias
542 5135 637 5207 vitae
659 5136 745 5218 viri,
779 5134 926 5226 praebui
948 5131 1105 5201 occasio·

112 5264 199 5316 nem
215 5238 421 5331 ingentibus
434 5238 608 5331 scandalis
631 5236 671 5304 in
682 5233 840 5307 Ecclesia
855 5234 942 5318 Dei,
967 5257 1105 5303 meum·

110 5369 184 5442 que
201 5368 244 5413 eo
260 5338 401 5433 gravius
421 5351 473 5409 est
494 5339 682 5425 delictum,
706 5339 801 5431 quod
817 5335 1020 5428 ingentibus
1037 5335 1103 5405 do·

718 231 783 309 ill·
833 221 1197 308 commeminit
1221 221 1273 296 IN
1298 218 1539 300 PSALMOS·

2057 217 2158 306 1114'
2209 214 2247 239 '¹

1167 396 1225 467 nis
1240 409 1277 467 et
1299 396 1456 466 victoriis
1471 419 1490 464 a
1507 411 1540 466 te
1557 410 1702 466 ornatus
1720 399 1773 469 lui
1796 422 1879 491 prae
1899 402 2044 472 caeteris
2062 400 2153 473 Pro-

1166 493 1283 595 phetis
1299 510 1333 567 et
1348 498 1498 567 ducibus
1521 499 1560 565 in
1583 511 1644 568 tuo
1661 504 1802 590 populo.
1854 502 1939 571 'ribi
1964 502 2073 591 igitur
2095 504 2153 595 iu-

1165 599 1301 669 stiriam
1320 598 1458 682 tribuo,
1482 602 1746 690 mequevolens
1762 603 1883 695 aliquo
1899 607 2007 673 modo
2027 605 2152 695 poenis

1164 698 1334 778 sublicio,
1359 701 1422 769 sed
1437 711 1478 768 ut
1490 721 1545 768 eas
1562 700 1699 789 mitiges
1716 726 1791 772 oro.
1832 704 1885 773 Te
1902 704 2034 775 iustum
2052 727 2152 794 prae-

1164 801 1243 870 dico
1265 822 1339 868 non
1361 823 1437 880 me,
1471 822 1536 868 nec
1565 802 1686 870 adiero
1716 805 1760 871 ad
1791 817 1823 873 te
1848 804 2014 875 fiduciam
2039 805 2151 875 ullam

1163 925 1260 970 meae
1281 899 1484 988 dignitatis,
1509 902 1568 969 sed
1587 904 1631 970 ad
1647 902 1922 980 misericordiam
1938 907 2149 998 promissam
2227 957 2240 975 ,

1162 1001 1346 1090 coniugio,
1372 1015 1517 1092 propter
1540 996 1631 1071 hanc
1653 1027 1708 1071 me
1723 1006 1833 1095 recipi
1848 1031 1922 1075 oro.
1972 1007 2033 1078 Sic
2050 1008 2151 1078 addit

1162 1097 1255 1171 hanc
1270 1096 1479 1171 antithesin:
1507 1097 1560 1173 Ut
1578 1109 1617 1171 lu
1633 1099 1861 1197 iustificeris,
1886 1109 1930 1175 ad
1945 1107 2151 1178 discernen-

1161 1205 1226 1272 dos
1242 1197 1445 1296 hypocritas
1461 1203 1523 1295 qui
1537 1203 1694 1273 fremunt
1704 1209 1871 1276 adversus
1888 1206 2149 1292 iudiciumDei,

1160 1309 1205 1374 ab
1222 1304 1264 1372 iis
1281 1305 1344 1397 qui
1361 1327 1442 1372 vere
1460 1317 1569 1393 agunt
1584 1305 1859 1396 poenitentiam,
1879 1323 1913 1379 et
1929 1307 2048 1380 seDeo
2065 1311 2150 1381 sub-

1162 1405 1301 1474 iiciunt.
2058 1482 2061 1488 ,

1166 1492 1172 1503 ’
1265 1503 1363 1573 ldern
1388 1503 1476 1576 dicit
1498 1504 1536 1573 in
1561 1507 1720 1576 membro
1745 1509 1921 1601 sequenti:
1950 1505 2003 1581 Ui
2024 1508 2149 1580 vincas

1161 1628 1241 1674 cum
1264 1597 1457 1676 iudicaris.
1510 1602 1607 1676 Haec
1629 1609 1802 1698 particula
1824 1612 1966 1680 videtur
1999 1614 2149 1683 obscura

1162 1705 1351 1795 imperitis,
1402 1707 1464 1798 qui
1496 1730 1569 1775 uon
1604 1710 1804 1779 existimant
1835 1711 1985 1780 iudicari
2018 1710 2147 1785 Deum.

1159 1805 1283 1878 Sciant
1305 1821 1424 1901 autem
1446 1807 1616 1892 studiosi,
1638 1824 1732 1880 recte
1745 1810 1814 1900 legi
1838 1824 1874 1881 et
1889 1812 2042 1902 intelligi
2066 1837 2147 1904 pas-

1160 1909 1233 1976 sive
1255 1910 1401 1977 verbum
1436 1909 1614 1978 iudicaris.
1673 1907 1721 1981 Et
1745 1907 1928 1980 antithesis
1950 1937 2057 2006 quam
2089 1910 2150 1984 hic

1160 2007 1331 2096 significat
1350 2007 1530 2089 Psalmus‚
1557 2009 1708 2081 illustrat
1732 2014 1954 2082 sententiam.
2005 2014 2092 2085 Saul
2114 2026 2149 2085 et

1159 2109 1220 2177 alii
1244 2103 1448 2201 hypocritae
1472 2109 1631 2181 iudicant
1652 2110 1786 2197 Deum,
1820 2112 1948 2199 idest,
1981 2127 2148 2185 accusant

1160 2233 1259 2293 eum,
1292 2233 1333 2279 ac
1354 2211 1518 2280 tribuunt
1540 2210 1573 2278 ei
1598 2211 1811 2283 iniusticiam
1833 2227 1868 2283 et
1888 2215 2145 2288 crudelitatem.
2226 2220 2231 2227 '

1161 2305 1301 2398 Egone,
1327 2309 1444 2403 inquit
1472 2309 1577 2396 Saul,
1611 2313 1671 2404 qui
1691 2325 1805 2383 tantas
1819 2338 1874 2383 res
1892 2317 1981 2405 gessi
1997 2341 2062 2408 pro
2076 2313 2146 2387 Ec·

1158 2409 1262 2478 clesia
1284 2408 1370 2494 Dei,
1393 2411 1455 2504 qui
1479 2410 1693 2502 praeliorum
1717 2416 1892 2506 pericula,
1927 2416 1990 2510 qui
2014 2418 2145 2487 molem

1158 2526 1193 2581 et
1215 2533 1317 2579 curas
1345 2512 1615 2600 gubernationis
1646 2527 1697 2585 tot
1732 2517 1855 2601 annis,
1887 2533 1982 2590 tanta
2014 2518 2146 2588 virtute

1157 2611 1333 2696 sustineo,
1360 2635 1458 2683 nunc
1473 2613 1639 2683 reiiciar?
1662 2610 1798 2686 mihine
1820 2618 2024 2688 adolescens
2044 2631 2145 2687 ante-

1157 2712 1269 2782 fertur
1284 2711 1372 2781 meis
1386 2726 1532 2784 ornatus
1548 2715 1753 2784 beneficiis?
1790 2715 1888 2787 Haec
1904 2720 2071 2789 videntur
2087 2719 2145 2787 in-

1157 2812 1316 2904 aequalia
1331 2825 1364 2881 ct
1379 2812 1521 2882 iniusta.
1553 2811 1692 2882 Deinde
1711 2816 1882 2889 cudelitas
1900 2834 1952 2891 est
1969 2843 2024 2889 me
2038 2820 2144 2890 etiam

1157 2907 1321 2981 hostibus
1335 2914 1586 2983 trucidandum
1607 2915 1725 2983 obiici.
1991 2929 1993 2933 ‘

1259 3010 1365 3081 Tales
1380 3014 1511 3083 multae
1526 3014 1783 3104 disputationes
1805 3031 1886 3088 sunt
1908 3015 2144 3110 philosopho-

1156 3136 1255 3197 rum,
1288 3136 1369 3181 eum
1394 3127 1568 3205 quaerunt
1590 3139 1699 3206 quare
1723 3118 1811 3187 boni
1834 3120 1902 3187 viri
1929 3120 2041 3208 magis
2069 3120 2145 3189 sint

1155 3214 1355 3284 aerumnosi
1379 3239 1486 3306 quam
1510 3215 1695 3286 scelerati?
1727 3242 1791 3287 cur
1806 3217 1975 3289 Senecam
1995 3233 2030 3289 et
2055 3220 2144 3289 alios

1155 3315 1286 3384 multos
1306 3339 1325 3383 a
1350 3327 1501 3407 tyranno
1523 3318 1727 3406 turpissimo
1755 3318 1906 3389 interfici
1921 3318 2017 3389 Deus
2040 3321 2171 3420 sinat..

1157 3413 1199 3483 ln
1235 3412 1300 3484 hac
1329 3418 1532 3508 quaestione
1562 3419 1759 3503 iudicatur,
1792 3421 1828 3488 id
1850 3413 1919 3504 e'st,
1960 3435 2143 3491 accusatur

1157 3515 1250 3586 Deus
1265 3518 1310 3585 ab
1324 3517 1456 3607 ignaris
1471 3520 1654 3588 doctrinae
1670 3520 1847 3605 coelestis,
1872 3535 1907 3590 et
1924 3521 2052 3605 vincit,
2075 3517 2143 3591 hoc

1155 3631 1223 3699 est,
1249 3620 1438 3687 damnatur
1464 3616 1576 3703 Deus,
1609 3622 1668 3688 sed
1695 3644 1776 3689 vera
1800 3618 1957 3691 Ecclesia
1985 3623 2145 3712 agnoscit

1154 3717 1270 3787 Deum
1292 3718 1575 3804 essemictorem,
1613 3721 1650 3788 id
1675 3733 1744 3800 est,
1783 3722 1912 3793 latetur
1942 3747 2023 3793 enm
2052 3724 2143 3795 iuste

1158 3818 1286 3910 punire
1299 3831 1436 3909 peccata
1454 3833 1584 3894 nostra.

1257 3919 1357 3989 Talis
1382 3920 1429 3991 sit
1452 3921 1624 3991 confessio
1646 3922 1788 4020 piorum
1810 3925 1848 3993 in
1877 3920 1943 3997 hac
1965 3940 2037 3999 tota
2058 3927 2143 4000 vita.

1155 4020 1199 4088 In
1224 4021 1317 4090 veris
1339 4021 1524 4091 doloribus
1550 4025 1704 4095 existunt
1738 4021 1804 4096 hae
1826 4027 2081 4117 disputationes
2103 4029 2141 4095 in

1155 4122 1302 4205 animis,
1332 4145 1377 4190 an
1411 4123 1501 4192 iuste
1532 4125 1740 4212 puniamur,
1773 4129 1832 4196 sed
1862 4129 2019 4217 postulat
2046 4125 2142 4197 Deus

1154 4223 1222 4290 sibi
1242 4221 1352 4292 tribui
1369 4223 1508 4293 laudem
1525 4223 1709 4311 iustitiae,
1724 4240 1758 4296 et
1773 4229 1850 4298 vult
1870 4241 1910 4296 ut
1924 4229 2045 4321 aliquo
2063 4252 2142 4296 mo-

1155 4324 1202 4391 do
1219 4323 1378 4395 volentes
1398 4326 1632 4397 sustineamus
1657 4349 1799 4415 poenas.
1852 4325 1936 4396 ldeo
1957 4341 1991 4397 et
2011 4325 2141 4397 Daniel

1155 4424 1288 4515 inquit:
1316 4421 1403 4494 Tibi
1427 4421 1578 4495 Domine
1598 4427 1757 4505 iusticia,
1784 4427 1888 4496 nobis
1907 4429 2067 4498 confusio
2088 4431 2142 4499 ia-

1155 4524 1222 4593 ciei
1245 4537 1396 4598 nostrae.
1453 4523 1550 4596 Haec
1574 4550 1654 4616 pars
1683 4527 1923 4625 poenitentiae
1947 4531 2141 4600 necessaria

1156 4638 1227 4709 est,
1252 4649 1342 4718 quae
1360 4626 1502 4720 quidem
1519 4643 1569 4698 est
1585 4629 1703 4721 aliqua
1718 4628 1852 4719 agnitio
1877 4631 2142 4701 inobedientiae

1155 4739 1297 4797 nostrae
1324 4729 1452 4796 eticae
1477 4727 1554 4799 Dei.
1607 4728 1678 4799 Sed
1702 4732 1746 4797 ad
1772 4725 1838 4800 hos
1852 4732 2011 4816 dolores,
2038 4733 2140 4801 etad

1155 4823 1248 4898 hanc
1271 4829 1525 4898 confessionem
1554 4850 1693 4900 necesse
1716 4843 1767 4901 est
1790 4834 1956 4903 accedere
1984 4832 2139 4923 agnitio·

1154 4953 1235 4999 nem
1253 4929 1446 5020 promissae
1460 4929 1733 5003 misericordiae.
2032 4946 2066 5009 ο

1256 5025 1351 5099 Ecce
1375 5026 1415 5097 in
1440 5027 1796 5129 iniqm'totegenitus
1810 5056 1912 5118 sum,
1938 5041 1970 5102 et
1997 5029 2036 5102 iri
2059 5055 2139 5127 pec-

1154 5140 1236 5202 cato
1252 5131 1408 5227 corscepsi
1424 5155 1479 5201 me
1495 5140 1613 5202 mater
1628 5156 1722 5206 meo.
1777 5131 1825 5206 Ut
1839 5159 1944 5226 supra
1958 5134 1996 5204 in
2013 5157 2138 5223 genere

1153 5232 1244 5305 dixit
1265 5257 1302 5303 se
1325 5257 1398 5303 esse
1422 5257 1540 5318 reum,
1562 5235 1611 5305 ita
1632 5230 1691 5305 hic
1715 5249 1897 5326 exaggerat
1921 5236 2073 5318 malum,
2098 5255 2139 5302 ac

1153 5335 1314 5428 deplorat
1329 5333 1495 5409 radicem.
1532 5331 1657 5407 Habeo
1674 5360 1750 5407 non
1764 5337 1879 5407 solum
1895 5336 2025 5408 delicta
2040 5349 2137 5409 atro-
