<?xml version="1.0" encoding="UTF-8"?>
<!DOCTYPE html PUBLIC "-//W3C//DTD XHTML 1.0 Transitional//EN"
    "http://www.w3.org/TR/xhtml1/DTD/xhtml1-transitional.dtd">
<html xmlns="http://www.w3.org/1999/xhtml" xml:lang="en" lang="en">
 <head>
  <title>
</title>
<meta http-equiv="Content-Type" content="text/html;charset=utf-8" />
  <meta name='ocr-system' content='tesseract 3.04.00' />
  <meta name='ocr-capabilities' content='ocr_page ocr_carea ocr_par ocr_line ocrx_word'/>
</head>
<body>
  <div class='ocr_page' id='page_1' title='image "./corpusreformato11melagoog_0503.png"; bbox 0 0 4538 5754; ppageno 0'>
   <div class='ocr_carea' id='block_1_1' title="bbox 10 214 2186 5472">
    <p class='ocr_par' dir='ltr' id='par_1_1' title="bbox 53 104 2186 1095">
     <span class='ocr_line' id='line_1_1' title="bbox 53 214 2143 298; baseline 0.004 -10"><span class='ocrx_word' id='word_1_1' title='bbox 53 255 55 258; x_wconf 43' lang='lat'><em>⁴</em></span> <span class='ocrx_word' id='word_1_2' title='bbox 120 215 196 291; x_wconf 75' lang='lat'><strong>9⁸³</strong></span> <span class='ocrx_word' id='word_1_3' title='bbox 714 215 842 297; x_wconf 74' lang='lat' dir='ltr'><strong>Plllls.</strong></span> <span class='ocrx_word' id='word_1_4' title='bbox 867 214 986 298; x_wconf 78' lang='lat' dir='ltr'><strong>MEL.</strong></span> <span class='ocrx_word' id='word_1_5' title='bbox 1011 215 1221 294; x_wconf 81' lang='lat' dir='ltr'><strong>SCRIPTA</strong></span> <span class='ocrx_word' id='word_1_6' title='bbox 1243 214 1545 295; x_wconf 80' lang='lat' dir='ltr'><strong>EXEGETICA.</strong></span> <span class='ocrx_word' id='word_1_7' title='bbox 1992 252 1997 262; x_wconf 90' lang='lat'>·</span> <span class='ocrx_word' id='word_1_8' title='bbox 2074 221 2143 296; x_wconf 75' lang='grc'><strong>084</strong></span> 
     </span>
     <span class='ocr_line' id='line_1_2' title="bbox 135 374 2186 486; baseline 0.001 -28"><span class='ocrx_word' id='word_1_9' title='bbox 135 416 138 423; x_wconf 73' lang='grc'>’</span> <span class='ocrx_word' id='word_1_10' title='bbox 211 383 259 458; x_wconf 90' lang='lat' dir='ltr'><strong>Et</strong></span> <span class='ocrx_word' id='word_1_11' title='bbox 274 386 418 482; x_wconf 89' lang='lat' dir='ltr'><strong>quidem</strong></span> <span class='ocrx_word' id='word_1_12' title='bbox 434 387 495 458; x_wconf 87' lang='lat' dir='ltr'><strong>illa</strong></span> <span class='ocrx_word' id='word_1_13' title='bbox 511 388 585 479; x_wconf 90' lang='lat' dir='ltr'><strong>ipsa</strong></span> <span class='ocrx_word' id='word_1_14' title='bbox 596 387 937 461; x_wconf 90' lang='lat' dir='ltr'><strong>conservatiobuius</strong></span> <span class='ocrx_word' id='word_1_15' title='bbox 950 391 1107 484; x_wconf 88' lang='lat' dir='ltr'><strong>politiae,</strong></span> <span class='ocrx_word' id='word_1_16' title='bbox 1158 391 1439 466; x_wconf 73' lang='lat' dir='ltr'><strong>adversarentur.</strong></span> <span class='ocrx_word' id='word_1_17' title='bbox 1493 386 1542 461; x_wconf 89' lang='lat' dir='ltr'><strong>Et</strong></span> <span class='ocrx_word' id='word_1_18' title='bbox 1566 388 1750 464; x_wconf 87' lang='lat' dir='ltr'><strong>redierunt</strong></span> <span class='ocrx_word' id='word_1_19' title='bbox 1778 390 1977 486; x_wconf 74' lang='lat' dir='ltr'><strong>principer,</strong></span> <span class='ocrx_word' id='word_1_20' title='bbox 2010 389 2141 462; x_wconf 87' lang='lat' dir='ltr'><strong>reddita</strong></span> <span class='ocrx_word' id='word_1_21' title='bbox 2184 374 2186 379; x_wconf 38' lang='lat'>⁵</span> 
     </span>
     <span class='ocr_line' id='line_1_3' title="bbox 122 488 2142 585; baseline 0.004 -29"><span class='ocrx_word' id='word_1_22' title='bbox 122 488 216 560; x_wconf 87' lang='lat' dir='ltr'><strong>inter</strong></span> <span class='ocrx_word' id='word_1_23' title='bbox 228 502 343 562; x_wconf 87' lang='lat' dir='ltr'><strong>tantas</strong></span> <span class='ocrx_word' id='word_1_24' title='bbox 359 489 481 562; x_wconf 88' lang='lat' dir='ltr'><strong>ruinas</strong></span> <span class='ocrx_word' id='word_1_25' title='bbox 497 489 747 581; x_wconf 88' lang='lat' dir='ltr'><strong>imperiorum,</strong></span> <span class='ocrx_word' id='word_1_26' title='bbox 775 507 810 563; x_wconf 92' lang='lat' dir='ltr'><strong>et</strong></span> <span class='ocrx_word' id='word_1_27' title='bbox 824 493 1038 566; x_wconf 88' lang='lat' dir='ltr'><strong>mutationes</strong></span> <span class='ocrx_word' id='word_1_28' title='bbox 1054 494 1106 563; x_wconf 88' lang='lat' dir='ltr'><strong>le·</strong></span> <span class='ocrx_word' id='word_1_29' title='bbox 1159 492 1324 578; x_wconf 90' lang='lat' dir='ltr'><strong>libertas,</strong></span> <span class='ocrx_word' id='word_1_30' title='bbox 1347 507 1383 564; x_wconf 92' lang='lat' dir='ltr'><strong>et</strong></span> <span class='ocrx_word' id='word_1_31' title='bbox 1398 492 1531 585; x_wconf 89' lang='lat' dir='ltr'><strong>patriae</strong></span> <span class='ocrx_word' id='word_1_32' title='bbox 1546 494 1655 584; x_wconf 83' lang='lat' dir='ltr'><strong>leges:</strong></span> <span class='ocrx_word' id='word_1_33' title='bbox 1686 518 1753 565; x_wconf 89' lang='lat' dir='ltr'><strong>nec</strong></span> <span class='ocrx_word' id='word_1_34' title='bbox 1778 507 1914 566; x_wconf 71' lang='lat' dir='ltr'><strong>munta</strong></span> <span class='ocrx_word' id='word_1_35' title='bbox 1936 507 1991 565; x_wconf 88' lang='lat' dir='ltr'><strong>est</strong></span> <span class='ocrx_word' id='word_1_36' title='bbox 2005 516 2091 564; x_wconf 87' lang='lat' dir='ltr'><strong>vera</strong></span> <span class='ocrx_word' id='word_1_37' title='bbox 2103 495 2142 563; x_wconf 88' lang='lat' dir='ltr'><strong>de</strong></span> 
     </span>
     <span class='ocr_line' id='line_1_4' title="bbox 123 592 2142 690; baseline 0.003 -30"><span class='ocrx_word' id='word_1_38' title='bbox 123 613 207 683; x_wconf 91' lang='lat' dir='ltr'><strong>gum</strong></span> <span class='ocrx_word' id='word_1_39' title='bbox 230 606 264 663; x_wconf 89' lang='lat' dir='ltr'><strong>ct</strong></span> <span class='ocrx_word' id='word_1_40' title='bbox 284 592 498 682; x_wconf 80' lang='lat' dir='ltr'><strong>religionum</strong></span> <span class='ocrx_word' id='word_1_41' title='bbox 520 593 615 681; x_wconf 90' lang='lat' dir='ltr'><strong>apud</strong></span> <span class='ocrx_word' id='word_1_42' title='bbox 637 593 747 677; x_wconf 89' lang='lat' dir='ltr'><strong>alios,</strong></span> <span class='ocrx_word' id='word_1_43' title='bbox 775 595 996 666; x_wconf 86' lang='lat' dir='ltr'><strong>confirmatio</strong></span> <span class='ocrx_word' id='word_1_44' title='bbox 1021 595 1107 666; x_wconf 89' lang='lat' dir='ltr'><strong>illu·</strong></span> <span class='ocrx_word' id='word_1_45' title='bbox 1158 592 1235 665; x_wconf 89' lang='lat' dir='ltr'><strong>Deo</strong></span> <span class='ocrx_word' id='word_1_46' title='bbox 1263 594 1447 682; x_wconf 90' lang='lat' dir='ltr'><strong>doctrina,</strong></span> <span class='ocrx_word' id='word_1_47' title='bbox 1480 617 1587 689; x_wconf 89' lang='lat' dir='ltr'><strong>quam</strong></span> <span class='ocrx_word' id='word_1_48' title='bbox 1608 595 1753 690; x_wconf 87' lang='lat' dir='ltr'><strong>quidem</strong></span> <span class='ocrx_word' id='word_1_49' title='bbox 1784 597 1915 689; x_wconf 87' lang='lat' dir='ltr'><strong>etipse</strong></span> <span class='ocrx_word' id='word_1_50' title='bbox 1937 592 2142 666; x_wconf 84' lang='lat' dir='ltr'><strong>victorNa·</strong></span> 
     </span>
     <span class='ocr_line' id='line_1_5' title="bbox 121 690 2141 794; baseline 0.001 -31"><span class='ocrx_word' id='word_1_51' title='bbox 121 694 204 764; x_wconf 89' lang='lat' dir='ltr'><strong>stris</strong></span> <span class='ocrx_word' id='word_1_52' title='bbox 219 708 269 766; x_wconf 90' lang='lat' dir='ltr'><strong>est</strong></span> <span class='ocrx_word' id='word_1_53' title='bbox 284 694 363 784; x_wconf 89' lang='lat' dir='ltr'><strong>piis,</strong></span> <span class='ocrx_word' id='word_1_54' title='bbox 390 694 453 793; x_wconf 92' lang='lat' dir='ltr'><strong>qui</strong></span> <span class='ocrx_word' id='word_1_55' title='bbox 468 708 665 783; x_wconf 89' lang='lat' dir='ltr'><strong>agnoscunt</strong></span> <span class='ocrx_word' id='word_1_56' title='bbox 679 690 747 763; x_wconf 91' lang='lat' dir='ltr'><strong>Dei</strong></span> <span class='ocrx_word' id='word_1_57' title='bbox 760 696 970 766; x_wconf 87' lang='lat' dir='ltr'><strong>beneficium</strong></span> <span class='ocrx_word' id='word_1_58' title='bbox 991 710 1027 767; x_wconf 93' lang='lat' dir='ltr'><strong>et</strong></span> <span class='ocrx_word' id='word_1_59' title='bbox 1041 721 1107 788; x_wconf 91' lang='lat' dir='ltr'><strong>po·</strong></span> <span class='ocrx_word' id='word_1_60' title='bbox 1158 695 1390 786; x_wconf 81' lang='lat' dir='ltr'><strong>bbgdonosor</strong></span> <span class='ocrx_word' id='word_1_61' title='bbox 1415 709 1450 768; x_wconf 91' lang='lat' dir='ltr'><strong>et</strong></span> <span class='ocrx_word' id='word_1_62' title='bbox 1473 696 1549 769; x_wconf 92' lang='lat' dir='ltr'><strong>eius</strong></span> <span class='ocrx_word' id='word_1_63' title='bbox 1579 698 1692 783; x_wconf 89' lang='lat' dir='ltr'><strong>lilius,</strong></span> <span class='ocrx_word' id='word_1_64' title='bbox 1716 722 1757 768; x_wconf 88' lang='lat' dir='ltr'><strong>ac</strong></span> <span class='ocrx_word' id='word_1_65' title='bbox 1780 698 1911 768; x_wconf 93' lang='lat' dir='ltr'><strong>deinde</strong></span> <span class='ocrx_word' id='word_1_66' title='bbox 1929 694 2051 794; x_wconf 87' lang='lat' dir='ltr'><strong>Cyrus</strong></span> <span class='ocrx_word' id='word_1_67' title='bbox 2072 719 2141 766; x_wconf 84' lang='lat' dir='ltr'><strong>arn·</strong></span> 
     </span>
     <span class='ocr_line' id='line_1_6' title="bbox 121 794 2141 893; baseline 0.002 -28"><span class='ocrx_word' id='word_1_68' title='bbox 121 795 235 867; x_wconf 90' lang='lat' dir='ltr'><strong>litiam</strong></span> <span class='ocrx_word' id='word_1_69' title='bbox 261 794 359 865; x_wconf 90' lang='lat' dir='ltr'><strong>illam</strong></span> <span class='ocrx_word' id='word_1_70' title='bbox 383 797 431 866; x_wconf 89' lang='lat' dir='ltr'><strong>ita</strong></span> <span class='ocrx_word' id='word_1_71' title='bbox 457 795 686 865; x_wconf 70' lang='lat' dir='ltr'><strong>constitutam</strong></span> <span class='ocrx_word' id='word_1_72' title='bbox 709 810 743 868; x_wconf 91' lang='lat' dir='ltr'><strong>et</strong></span> <span class='ocrx_word' id='word_1_73' title='bbox 768 813 1009 869; x_wconf 83' lang='lat' dir='ltr'><strong>conservatam</strong></span> <span class='ocrx_word' id='word_1_74' title='bbox 1033 821 1106 868; x_wconf 89' lang='lat' dir='ltr'><strong>esse</strong></span> <span class='ocrx_word' id='word_1_75' title='bbox 1158 796 1251 889; x_wconf 84' lang='lat' dir='ltr'><strong>plexi</strong></span> <span class='ocrx_word' id='word_1_76' title='bbox 1268 811 1362 871; x_wconf 88' lang='lat' dir='ltr'><strong>sunt.</strong></span> <span class='ocrx_word' id='word_1_77' title='bbox 1413 795 1466 868; x_wconf 90' lang='lat' dir='ltr'><strong>lta</strong></span> <span class='ocrx_word' id='word_1_78' title='bbox 1482 798 1575 869; x_wconf 90' lang='lat' dir='ltr'><strong>inter</strong></span> <span class='ocrx_word' id='word_1_79' title='bbox 1591 800 1689 870; x_wconf 89' lang='lat' dir='ltr'><strong>erilii</strong></span> <span class='ocrx_word' id='word_1_80' title='bbox 1704 822 1894 870; x_wconf 89' lang='lat' dir='ltr'><strong>aerumnas</strong></span> <span class='ocrx_word' id='word_1_81' title='bbox 1907 798 2018 869; x_wconf 86' lang='lat' dir='ltr'><strong>latins</strong></span> <span class='ocrx_word' id='word_1_82' title='bbox 2029 819 2141 893; x_wconf 82' lang='lat' dir='ltr'><strong>sparsa</strong></span> 
     </span>
     <span class='ocr_line' id='line_1_7' title="bbox 120 891 2139 998; baseline 0 -30"><span class='ocrx_word' id='word_1_83' title='bbox 120 911 276 984; x_wconf 91' lang='lat' dir='ltr'><strong>norunt,</strong></span> <span class='ocrx_word' id='word_1_84' title='bbox 302 910 341 968; x_wconf 93' lang='lat' dir='ltr'><strong>ut</strong></span> <span class='ocrx_word' id='word_1_85' title='bbox 356 891 562 991; x_wconf 87' lang='lat' dir='ltr'><strong>prophetica</strong></span> <span class='ocrx_word' id='word_1_86' title='bbox 589 897 752 968; x_wconf 88' lang='lat' dir='ltr'><strong>doctrina</strong></span> <span class='ocrx_word' id='word_1_87' title='bbox 776 903 819 970; x_wconf 92' lang='lat' dir='ltr'><strong>ad</strong></span> <span class='ocrx_word' id='word_1_88' title='bbox 843 913 1003 992; x_wconf 89' lang='lat' dir='ltr'><strong>posteros</strong></span> <span class='ocrx_word' id='word_1_89' title='bbox 1022 924 1108 994; x_wconf 91' lang='lat' dir='ltr'><strong>pro·</strong></span> <span class='ocrx_word' id='word_1_90' title='bbox 1158 912 1211 968; x_wconf 92' lang='lat' dir='ltr'><strong>est</strong></span> <span class='ocrx_word' id='word_1_91' title='bbox 1232 897 1293 968; x_wconf 83' lang='lat' dir='ltr'><strong>lux</strong></span> <span class='ocrx_word' id='word_1_92' title='bbox 1316 921 1418 969; x_wconf 91' lang='lat' dir='ltr'><strong>verae</strong></span> <span class='ocrx_word' id='word_1_93' title='bbox 1433 900 1637 987; x_wconf 84' lang='lat' dir='ltr'><strong>doctrinae,</strong></span> <span class='ocrx_word' id='word_1_94' title='bbox 1662 914 1697 973; x_wconf 89' lang='lat' dir='ltr'><strong>et</strong></span> <span class='ocrx_word' id='word_1_95' title='bbox 1722 924 1809 998; x_wconf 87' lang='lat' dir='ltr'><strong>gens</strong></span> <span class='ocrx_word' id='word_1_96' title='bbox 1835 900 1966 974; x_wconf 90' lang='lat' dir='ltr'><strong>ludaea</strong></span> <span class='ocrx_word' id='word_1_97' title='bbox 1989 923 2067 970; x_wconf 88' lang='lat' dir='ltr'><strong>non</strong></span> <span class='ocrx_word' id='word_1_98' title='bbox 2087 901 2139 969; x_wconf 87' lang='lat' dir='ltr'><strong>de·</strong></span> 
     </span>
     <span class='ocr_line' id='line_1_8' title="bbox 119 1000 2139 1095; baseline 0 -25"><span class='ocrx_word' id='word_1_99' title='bbox 119 1015 315 1093; x_wconf 87' lang='lat' dir='ltr'><strong>pagaretur.</strong></span> <span class='ocrx_word' id='word_1_100' title='bbox 1157 1000 1227 1070; x_wconf 90' lang='lat' dir='ltr'><strong>leta</strong></span> <span class='ocrx_word' id='word_1_101' title='bbox 1246 1014 1317 1085; x_wconf 89' lang='lat' dir='ltr'><strong>est,</strong></span> <span class='ocrx_word' id='word_1_102' title='bbox 1348 1024 1552 1095; x_wconf 91' lang='lat' dir='ltr'><strong>quanquam</strong></span> <span class='ocrx_word' id='word_1_103' title='bbox 1580 1026 1727 1095; x_wconf 90' lang='lat' dir='ltr'><strong>magnae</strong></span> <span class='ocrx_word' id='word_1_104' title='bbox 1756 1003 2008 1094; x_wconf 80' lang='lat' dir='ltr'><strong>dissipationes</strong></span> <span class='ocrx_word' id='word_1_105' title='bbox 2039 1002 2139 1072; x_wconf 82' lang='lat' dir='ltr'><strong>factae</strong></span> 
     </span>
    </p>

    <p class='ocr_par' dir='ltr' id='par_1_2' title="bbox 120 1099 2141 1804">
     <span class='ocr_line' id='line_1_9' title="bbox 223 1099 2141 1198; baseline -0.001 -25"><span class='ocrx_word' id='word_1_106' title='bbox 223 1102 308 1173; x_wconf 85' lang='lat' dir='ltr'><strong>Tibi</strong></span> <span class='ocrx_word' id='word_1_107' title='bbox 326 1103 435 1194; x_wconf 89' lang='lat' dir='ltr'><strong>igitur</strong></span> <span class='ocrx_word' id='word_1_108' title='bbox 456 1099 552 1173; x_wconf 89' lang='lat' dir='ltr'><strong>Deos</strong></span> <span class='ocrx_word' id='word_1_109' title='bbox 574 1101 818 1194; x_wconf 90' lang='lat' dir='ltr'><strong>omnipotens,</strong></span> <span class='ocrx_word' id='word_1_110' title='bbox 843 1114 985 1173; x_wconf 86' lang='lat' dir='ltr'><strong>aeterne</strong></span> <span class='ocrx_word' id='word_1_111' title='bbox 1008 1116 1108 1198; x_wconf 72' lang='lat' dir='ltr'><strong>pater</strong></span> <span class='ocrx_word' id='word_1_112' title='bbox 1158 1113 1259 1182; x_wconf 90' lang='lat' dir='ltr'><strong>sunt,</strong></span> <span class='ocrx_word' id='word_1_113' title='bbox 1286 1106 1523 1192; x_wconf 77' lang='lat' dir='ltr'><strong>agnoscebant</strong></span> <span class='ocrx_word' id='word_1_114' title='bbox 1541 1119 1674 1194; x_wconf 85' lang='lat' dir='ltr'><strong>ergoet</strong></span> <span class='ocrx_word' id='word_1_115' title='bbox 1693 1105 1999 1175; x_wconf 89' lang='lat' dir='ltr'><strong>conservationem</strong></span> <span class='ocrx_word' id='word_1_116' title='bbox 2023 1103 2141 1193; x_wconf 82' lang='lat' dir='ltr'><strong>gentis,</strong></span> 
     </span>
     <span class='ocr_line' id='line_1_10' title="bbox 120 1190 2139 1299; baseline -0 -21"><span class='ocrx_word' id='word_1_117' title='bbox 120 1204 268 1278; x_wconf 89' lang='lat' dir='ltr'><strong>Domini</strong></span> <span class='ocrx_word' id='word_1_118' title='bbox 293 1206 404 1275; x_wconf 89' lang='lat' dir='ltr'><strong>nostri</strong></span> <span class='ocrx_word' id='word_1_119' title='bbox 426 1203 508 1285; x_wconf 61' lang='lat' dir='ltr'><strong>,lesu</strong></span> <span class='ocrx_word' id='word_1_120' title='bbox 530 1198 686 1289; x_wconf 87' lang='lat' dir='ltr'><strong>Christi,</strong></span> <span class='ocrx_word' id='word_1_121' title='bbox 711 1204 840 1295; x_wconf 76' lang='lat' dir='ltr'><strong>gratias</strong></span> <span class='ocrx_word' id='word_1_122' title='bbox 860 1228 926 1296; x_wconf 92' lang='lat' dir='ltr'><strong>ago</strong></span> <span class='ocrx_word' id='word_1_123' title='bbox 950 1208 1046 1299; x_wconf 90' lang='lat' dir='ltr'><strong>quod</strong></span> <span class='ocrx_word' id='word_1_124' title='bbox 1072 1218 1107 1277; x_wconf 94' lang='lat' dir='ltr'><strong>et</strong></span> <span class='ocrx_word' id='word_1_125' title='bbox 1158 1217 1192 1274; x_wconf 91' lang='lat' dir='ltr'><strong>et</strong></span> <span class='ocrx_word' id='word_1_126' title='bbox 1205 1205 1467 1293; x_wconf 88' lang='lat' dir='ltr'><strong>reductionem,</strong></span> <span class='ocrx_word' id='word_1_127' title='bbox 1491 1207 1684 1277; x_wconf 78' lang='lat' dir='ltr'><strong>sturbium</strong></span> <span class='ocrx_word' id='word_1_128' title='bbox 1700 1231 1741 1279; x_wconf 92' lang='lat' dir='ltr'><strong>ac</strong></span> <span class='ocrx_word' id='word_1_129' title='bbox 1757 1206 1902 1299; x_wconf 88' lang='lat' dir='ltr'><strong>politiae</strong></span> <span class='ocrx_word' id='word_1_130' title='bbox 1916 1190 2139 1278; x_wconf 76' lang='lat' dir='ltr'><strong>instauratio·</strong></span> 
     </span>
     <span class='ocr_line' id='line_1_11' title="bbox 121 1303 1549 1399; baseline 0.001 -20"><span class='ocrx_word' id='word_1_131' title='bbox 121 1311 221 1380; x_wconf 92' lang='lat' dir='ltr'><strong>illam</strong></span> <span class='ocrx_word' id='word_1_132' title='bbox 237 1303 394 1378; x_wconf 90' lang='lat' dir='ltr'><strong>scholam</strong></span> <span class='ocrx_word' id='word_1_133' title='bbox 411 1305 560 1378; x_wconf 91' lang='lat' dir='ltr'><strong>tamdiu</strong></span> <span class='ocrx_word' id='word_1_134' title='bbox 576 1306 741 1392; x_wconf 85' lang='lat' dir='ltr'><strong>servasti,</strong></span> <span class='ocrx_word' id='word_1_135' title='bbox 765 1318 801 1377; x_wconf 91' lang='lat' dir='ltr'><strong>et</strong></span> <span class='ocrx_word' id='word_1_136' title='bbox 816 1328 883 1377; x_wconf 89' lang='lat' dir='ltr'><strong>nos</strong></span> <span class='ocrx_word' id='word_1_137' title='bbox 897 1309 942 1377; x_wconf 88' lang='lat' dir='ltr'><strong>ad</strong></span> <span class='ocrx_word' id='word_1_138' title='bbox 957 1309 1033 1379; x_wconf 91' lang='lat' dir='ltr'><strong>eius</strong></span> <span class='ocrx_word' id='word_1_139' title='bbox 1048 1330 1106 1377; x_wconf 90' lang='lat' dir='ltr'><strong>so-</strong></span> <span class='ocrx_word' id='word_1_140' title='bbox 1158 1327 1241 1374; x_wconf 89' lang='lat' dir='ltr'><strong>nem</strong></span> <span class='ocrx_word' id='word_1_141' title='bbox 1259 1327 1334 1374; x_wconf 90' lang='lat' dir='ltr'><strong>esse</strong></span> <span class='ocrx_word' id='word_1_142' title='bbox 1347 1304 1417 1375; x_wconf 92' lang='lat' dir='ltr'><strong>Dei</strong></span> <span class='ocrx_word' id='word_1_143' title='bbox 1430 1330 1549 1399; x_wconf 88' lang='lat' dir='ltr'><strong>opera.</strong></span> 
     </span>
     <span class='ocr_line' id='line_1_12' title="bbox 123 1403 2139 1498; baseline -0.002 -16"><span class='ocrx_word' id='word_1_144' title='bbox 123 1412 284 1482; x_wconf 89' lang='lat' dir='ltr'><strong>cietatem</strong></span> <span class='ocrx_word' id='word_1_145' title='bbox 294 1409 439 1494; x_wconf 89' lang='lat' dir='ltr'><strong>vocasti,</strong></span> <span class='ocrx_word' id='word_1_146' title='bbox 454 1421 488 1478; x_wconf 92' lang='lat' dir='ltr'><strong>et</strong></span> <span class='ocrx_word' id='word_1_147' title='bbox 503 1421 576 1479; x_wconf 92' lang='lat' dir='ltr'><strong>toto</strong></span> <span class='ocrx_word' id='word_1_148' title='bbox 602 1422 744 1498; x_wconf 85' lang='lat' dir='ltr'><strong>pectore</strong></span> <span class='ocrx_word' id='word_1_149' title='bbox 760 1422 794 1478; x_wconf 90' lang='lat' dir='ltr'><strong>te</strong></span> <span class='ocrx_word' id='word_1_150' title='bbox 810 1433 893 1493; x_wconf 90' lang='lat' dir='ltr'><strong>oro,</strong></span> <span class='ocrx_word' id='word_1_151' title='bbox 909 1422 997 1480; x_wconf 90' lang='lat' dir='ltr'><strong>utet</strong></span> <span class='ocrx_word' id='word_1_152' title='bbox 1012 1409 1107 1481; x_wconf 83' lang='lat' dir='ltr'><strong>inter</strong></span> <span class='ocrx_word' id='word_1_153' title='bbox 1258 1403 1372 1476; x_wconf 86' lang='lat' dir='ltr'><strong>Porro</strong></span> <span class='ocrx_word' id='word_1_154' title='bbox 1392 1421 1432 1478; x_wconf 89' lang='lat' dir='ltr'><strong>ut</strong></span> <span class='ocrx_word' id='word_1_155' title='bbox 1446 1410 1695 1480; x_wconf 89' lang='lat' dir='ltr'><strong>imbecilliores</strong></span> <span class='ocrx_word' id='word_1_156' title='bbox 1713 1408 2029 1495; x_wconf 89' lang='lat' dir='ltr'><strong>confirmarentur,</strong></span> <span class='ocrx_word' id='word_1_157' title='bbox 2044 1407 2139 1480; x_wconf 87' lang='lat' dir='ltr'><strong>etiam</strong></span> 
     </span>
     <span class='ocr_line' id='line_1_13' title="bbox 123 1505 2140 1606; baseline -0.001 -22"><span class='ocrx_word' id='word_1_158' title='bbox 123 1536 189 1584; x_wconf 94' lang='lat' dir='ltr'><strong>nos</strong></span> <span class='ocrx_word' id='word_1_159' title='bbox 210 1512 374 1603; x_wconf 91' lang='lat' dir='ltr'><strong>deinceps</strong></span> <span class='ocrx_word' id='word_1_160' title='bbox 388 1510 454 1582; x_wconf 91' lang='lat' dir='ltr'><strong>tibi</strong></span> <span class='ocrx_word' id='word_1_161' title='bbox 473 1505 668 1579; x_wconf 80' lang='lat' dir='ltr'><strong>Ecclesiam</strong></span> <span class='ocrx_word' id='word_1_162' title='bbox 684 1509 845 1599; x_wconf 89' lang='lat' dir='ltr'><strong>colligas,</strong></span> <span class='ocrx_word' id='word_1_163' title='bbox 869 1525 904 1582; x_wconf 93' lang='lat' dir='ltr'><strong>et</strong></span> <span class='ocrx_word' id='word_1_164' title='bbox 927 1534 1044 1599; x_wconf 82' lang='lat' dir='ltr'><strong>serves</strong></span> <span class='ocrx_word' id='word_1_165' title='bbox 1065 1512 1103 1580; x_wconf 90' lang='lat' dir='ltr'><strong>in</strong></span> <span class='ocrx_word' id='word_1_166' title='bbox 1159 1522 1238 1596; x_wconf 87' lang='lat' dir='ltr'><strong>post</strong></span> <span class='ocrx_word' id='word_1_167' title='bbox 1258 1510 1411 1580; x_wconf 90' lang='lat' dir='ltr'><strong>reditum</strong></span> <span class='ocrx_word' id='word_1_168' title='bbox 1436 1511 1576 1582; x_wconf 84' lang='lat' dir='ltr'><strong>excitati</strong></span> <span class='ocrx_word' id='word_1_169' title='bbox 1599 1525 1684 1582; x_wconf 88' lang='lat' dir='ltr'><strong>suut</strong></span> <span class='ocrx_word' id='word_1_170' title='bbox 1705 1507 1922 1606; x_wconf 86' lang='lat' dir='ltr'><strong>Prophetae,</strong></span> <span class='ocrx_word' id='word_1_171' title='bbox 1947 1510 2140 1602; x_wconf 86' lang='lat' dir='ltr'><strong>Haggaeus,</strong></span> 
     </span>
     <span class='ocr_line' id='line_1_14' title="bbox 121 1605 2141 1705; baseline -0.002 -21"><span class='ocrx_word' id='word_1_172' title='bbox 121 1608 180 1684; x_wconf 90' lang='lat' dir='ltr'><strong>bis</strong></span> <span class='ocrx_word' id='word_1_173' title='bbox 202 1610 406 1704; x_wconf 85' lang='lat' dir='ltr'><strong>regionibns</strong></span> <span class='ocrx_word' id='word_1_174' title='bbox 429 1627 548 1684; x_wconf 91' lang='lat' dir='ltr'><strong>coetus</strong></span> <span class='ocrx_word' id='word_1_175' title='bbox 570 1624 662 1680; x_wconf 90' lang='lat' dir='ltr'><strong>recte</strong></span> <span class='ocrx_word' id='word_1_176' title='bbox 682 1611 886 1682; x_wconf 88' lang='lat' dir='ltr'><strong>docentium</strong></span> <span class='ocrx_word' id='word_1_177' title='bbox 910 1626 944 1684; x_wconf 91' lang='lat' dir='ltr'><strong>et</strong></span> <span class='ocrx_word' id='word_1_178' title='bbox 967 1613 1104 1684; x_wconf 89' lang='lat' dir='ltr'><strong>discen-</strong></span> <span class='ocrx_word' id='word_1_179' title='bbox 1158 1605 1366 1694; x_wconf 87' lang='lat' dir='ltr'><strong>Zacharias,</strong></span> <span class='ocrx_word' id='word_1_180' title='bbox 1398 1607 1549 1694; x_wconf 77' lang='lat' dir='ltr'><strong>Eadm,</strong></span> <span class='ocrx_word' id='word_1_181' title='bbox 1577 1610 1784 1684; x_wconf 81' lang='lat' dir='ltr'><strong>Nebemias:</strong></span> <span class='ocrx_word' id='word_1_182' title='bbox 1824 1609 1862 1683; x_wconf 90' lang='lat' dir='ltr'><strong>bi</strong></span> <span class='ocrx_word' id='word_1_183' title='bbox 1893 1626 2025 1704; x_wconf 76' lang='lat' dir='ltr'><strong>regum</strong></span> <span class='ocrx_word' id='word_1_184' title='bbox 2050 1612 2141 1705; x_wconf 90' lang='lat' dir='ltr'><strong>prin·</strong></span> 
     </span>
     <span class='ocr_line' id='line_1_15' title="bbox 122 1708 2140 1804; baseline -0.002 -16"><span class='ocrx_word' id='word_1_185' title='bbox 122 1717 233 1801; x_wconf 89' lang='lat' dir='ltr'><strong>tium,</strong></span> <span class='ocrx_word' id='word_1_186' title='bbox 258 1731 294 1787; x_wconf 91' lang='lat' dir='ltr'><strong>et</strong></span> <span class='ocrx_word' id='word_1_187' title='bbox 312 1739 433 1786; x_wconf 90' lang='lat' dir='ltr'><strong>eorum</strong></span> <span class='ocrx_word' id='word_1_188' title='bbox 448 1709 602 1804; x_wconf 89' lang='lat' dir='ltr'><strong>hospitia</strong></span> <span class='ocrx_word' id='word_1_189' title='bbox 619 1726 791 1803; x_wconf 79' lang='lat' dir='ltr'><strong>protegas.</strong></span> <span class='ocrx_word' id='word_1_190' title='bbox 1158 1711 1277 1803; x_wconf 89' lang='lat' dir='ltr'><strong>cipum</strong></span> <span class='ocrx_word' id='word_1_191' title='bbox 1294 1726 1328 1785; x_wconf 91' lang='lat' dir='ltr'><strong>et</strong></span> <span class='ocrx_word' id='word_1_192' title='bbox 1344 1708 1565 1785; x_wconf 83' lang='lat' dir='ltr'><strong>sacerdotuin</strong></span> <span class='ocrx_word' id='word_1_193' title='bbox 1587 1716 1757 1795; x_wconf 71' lang='lat' dir='ltr'><strong>consilia,</strong></span> <span class='ocrx_word' id='word_1_194' title='bbox 1784 1710 1821 1784; x_wconf 94' lang='lat' dir='ltr'><strong>bi</strong></span> <span class='ocrx_word' id='word_1_195' title='bbox 1842 1717 2081 1786; x_wconf 89' lang='lat' dir='ltr'><strong>consolantur</strong></span> <span class='ocrx_word' id='word_1_196' title='bbox 2098 1712 2140 1783; x_wconf 86' lang='lat' dir='ltr'><strong>ci·</strong></span> 
     </span>
    </p>

    <p class='ocr_par' dir='ltr' id='par_1_3' title="bbox 123 1813 2146 3234">
     <span class='ocr_line' id='line_1_16' title="bbox 225 1813 2140 1906; baseline -0.002 -18"><span class='ocrx_word' id='word_1_197' title='bbox 225 1817 280 1888; x_wconf 90' lang='lat' dir='ltr'><strong>Ac</strong></span> <span class='ocrx_word' id='word_1_198' title='bbox 300 1817 480 1887; x_wconf 86' lang='lat' dir='ltr'><strong>beneficiis</strong></span> <span class='ocrx_word' id='word_1_199' title='bbox 493 1814 743 1900; x_wconf 88' lang='lat' dir='ltr'><strong>consideratis,</strong></span> <span class='ocrx_word' id='word_1_200' title='bbox 768 1813 978 1906; x_wconf 88' lang='lat' dir='ltr'><strong>aspiciamus</strong></span> <span class='ocrx_word' id='word_1_201' title='bbox 999 1816 1105 1886; x_wconf 93' lang='lat' dir='ltr'><strong>etiam</strong></span> <span class='ocrx_word' id='word_1_202' title='bbox 1158 1835 1237 1892; x_wconf 90' lang='lat' dir='ltr'><strong>ves,</strong></span> <span class='ocrx_word' id='word_1_203' title='bbox 1263 1836 1304 1883; x_wconf 91' lang='lat' dir='ltr'><strong>ac</strong></span> <span class='ocrx_word' id='word_1_204' title='bbox 1328 1838 1469 1906; x_wconf 89' lang='lat' dir='ltr'><strong>sperare</strong></span> <span class='ocrx_word' id='word_1_205' title='bbox 1491 1819 1619 1887; x_wconf 89' lang='lat' dir='ltr'><strong>iubent</strong></span> <span class='ocrx_word' id='word_1_206' title='bbox 1633 1818 1809 1888; x_wconf 90' lang='lat' dir='ltr'><strong>divinitus</strong></span> <span class='ocrx_word' id='word_1_207' title='bbox 1821 1817 2070 1886; x_wconf 86' lang='lat' dir='ltr'><strong>defensionem</strong></span> <span class='ocrx_word' id='word_1_208' title='bbox 2091 1814 2140 1884; x_wconf 90' lang='lat' dir='ltr'><strong>ni·</strong></span> 
     </span>
     <span class='ocr_line' id='line_1_17' title="bbox 124 1915 2146 2012; baseline -0.002 -21"><span class='ocrx_word' id='word_1_209' title='bbox 124 1920 324 1992; x_wconf 88' lang='lat' dir='ltr'><strong>tristissima</strong></span> <span class='ocrx_word' id='word_1_210' title='bbox 355 1919 513 2009; x_wconf 81' lang='lat' dir='ltr'><strong>exempla</strong></span> <span class='ocrx_word' id='word_1_211' title='bbox 546 1939 767 2008; x_wconf 84' lang='lat' dir='ltr'><strong>poenarum.</strong></span> <span class='ocrx_word' id='word_1_212' title='bbox 816 1916 947 1988; x_wconf 89' lang='lat' dir='ltr'><strong>Decem</strong></span> <span class='ocrx_word' id='word_1_213' title='bbox 972 1916 1108 1987; x_wconf 83' lang='lat' dir='ltr'><strong>Tribus</strong></span> <span class='ocrx_word' id='word_1_214' title='bbox 1158 1915 1324 1985; x_wconf 89' lang='lat' dir='ltr'><strong>dolorum</strong></span> <span class='ocrx_word' id='word_1_215' title='bbox 1360 1939 1506 1987; x_wconf 88' lang='lat' dir='ltr'><strong>suorum</strong></span> <span class='ocrx_word' id='word_1_216' title='bbox 1543 1941 1633 2012; x_wconf 89' lang='lat' dir='ltr'><strong>quos</strong></span> <span class='ocrx_word' id='word_1_217' title='bbox 1667 1920 1892 2004; x_wconf 79' lang='lat' dir='ltr'><strong>astruebant,</strong></span> <span class='ocrx_word' id='word_1_218' title='bbox 1928 1932 1964 1990; x_wconf 90' lang='lat' dir='ltr'><strong>et</strong></span> <span class='ocrx_word' id='word_1_219' title='bbox 1992 1918 2146 1988; x_wconf 83' lang='lat' dir='ltr'><strong>retinent¹</strong></span> 
     </span>
     <span class='ocr_line' id='line_1_18' title="bbox 124 2016 2143 2115; baseline -0.001 -23"><span class='ocrx_word' id='word_1_220' title='bbox 124 2023 279 2115; x_wconf 91' lang='lat' dir='ltr'><strong>primum</strong></span> <span class='ocrx_word' id='word_1_221' title='bbox 302 2020 476 2091; x_wconf 72' lang='lat' dir='ltr'><strong>seditione</strong></span> <span class='ocrx_word' id='word_1_222' title='bbox 498 2034 594 2110; x_wconf 91' lang='lat' dir='ltr'><strong>mota</strong></span> <span class='ocrx_word' id='word_1_223' title='bbox 610 2017 845 2090; x_wconf 88' lang='lat' dir='ltr'><strong>discesserunt</strong></span> <span class='ocrx_word' id='word_1_224' title='bbox 866 2020 911 2089; x_wconf 93' lang='lat' dir='ltr'><strong>ab</strong></span> <span class='ocrx_word' id='word_1_225' title='bbox 929 2042 969 2087; x_wconf 89' lang='lat' dir='ltr'><strong>ea</strong></span> <span class='ocrx_word' id='word_1_226' title='bbox 985 2019 1107 2112; x_wconf 89' lang='lat' dir='ltr'><strong>stirpe,</strong></span> <span class='ocrx_word' id='word_1_227' title='bbox 1158 2031 1387 2108; x_wconf 87' lang='lat' dir='ltr'><strong>congregatos</strong></span> <span class='ocrx_word' id='word_1_228' title='bbox 1401 2032 1521 2089; x_wconf 89' lang='lat' dir='ltr'><strong>coetus</strong></span> <span class='ocrx_word' id='word_1_229' title='bbox 1536 2043 1581 2089; x_wconf 90' lang='lat' dir='ltr'><strong>ne</strong></span> <span class='ocrx_word' id='word_1_230' title='bbox 1596 2021 1946 2092; x_wconf 88' lang='lat' dir='ltr'><strong>mrsusdilabantor.</strong></span> <span class='ocrx_word' id='word_1_231' title='bbox 1999 2016 2053 2090; x_wconf 83' lang='lat' dir='ltr'><strong>Hi</strong></span> <span class='ocrx_word' id='word_1_232' title='bbox 2068 2029 2143 2090; x_wconf 85' lang='lat' dir='ltr'><strong>sunt</strong></span> 
     </span>
     <span class='ocr_line' id='line_1_19' title="bbox 124 2114 2142 2214; baseline -0.002 -20"><span class='ocrx_word' id='word_1_233' title='bbox 124 2125 182 2195; x_wconf 89' lang='lat' dir='ltr'><strong>cui</strong></span> <span class='ocrx_word' id='word_1_234' title='bbox 216 2123 374 2193; x_wconf 87' lang='lat' dir='ltr'><strong>sciebant</strong></span> <span class='ocrx_word' id='word_1_235' title='bbox 404 2145 553 2210; x_wconf 89' lang='lat' dir='ltr'><strong>regnum</strong></span> <span class='ocrx_word' id='word_1_236' title='bbox 582 2119 756 2191; x_wconf 91' lang='lat' dir='ltr'><strong>divinitus</strong></span> <span class='ocrx_word' id='word_1_237' title='bbox 782 2121 996 2214; x_wconf 91' lang='lat' dir='ltr'><strong>promissum</strong></span> <span class='ocrx_word' id='word_1_238' title='bbox 1024 2143 1108 2205; x_wconf 89' lang='lat' dir='ltr'><strong>esse,</strong></span> <span class='ocrx_word' id='word_1_239' title='bbox 1160 2114 1355 2189; x_wconf 87' lang='lat' dir='ltr'><strong>hortatores</strong></span> <span class='ocrx_word' id='word_1_240' title='bbox 1375 2122 1630 2192; x_wconf 84' lang='lat' dir='ltr'><strong>aedificationis</strong></span> <span class='ocrx_word' id='word_1_241' title='bbox 1654 2136 1688 2192; x_wconf 88' lang='lat' dir='ltr'><strong>et</strong></span> <span class='ocrx_word' id='word_1_242' title='bbox 1716 2121 1960 2192; x_wconf 90' lang='lat' dir='ltr'><strong>constituendi</strong></span> <span class='ocrx_word' id='word_1_243' title='bbox 1991 2144 2142 2192; x_wconf 89' lang='lat' dir='ltr'><strong>oeoono·</strong></span> 
     </span>
     <span class='ocr_line' id='line_1_20' title="bbox 124 2216 2141 2321; baseline -0.002 -25"><span class='ocrx_word' id='word_1_244' title='bbox 124 2239 243 2318; x_wconf 90' lang='lat' dir='ltr'><strong>postea</strong></span> <span class='ocrx_word' id='word_1_245' title='bbox 269 2225 416 2294; x_wconf 90' lang='lat' dir='ltr'><strong>omnino</strong></span> <span class='ocrx_word' id='word_1_246' title='bbox 438 2224 625 2313; x_wconf 87' lang='lat' dir='ltr'><strong>dissipatae</strong></span> <span class='ocrx_word' id='word_1_247' title='bbox 646 2237 731 2293; x_wconf 91' lang='lat' dir='ltr'><strong>suut</strong></span> <span class='ocrx_word' id='word_1_248' title='bbox 750 2245 770 2292; x_wconf 88' lang='lat' dir='ltr'><strong>a</strong></span> <span class='ocrx_word' id='word_1_249' title='bbox 792 2223 933 2311; x_wconf 89' lang='lat' dir='ltr'><strong>regibus</strong></span> <span class='ocrx_word' id='word_1_250' title='bbox 952 2217 1108 2317; x_wconf 83' lang='lat' dir='ltr'><strong>Assyriis</strong></span> <span class='ocrx_word' id='word_1_251' title='bbox 1159 2220 1266 2306; x_wconf 91' lang='lat' dir='ltr'><strong>mias,</strong></span> <span class='ocrx_word' id='word_1_252' title='bbox 1290 2233 1326 2291; x_wconf 93' lang='lat' dir='ltr'><strong>et</strong></span> <span class='ocrx_word' id='word_1_253' title='bbox 1340 2234 1423 2292; x_wconf 91' lang='lat' dir='ltr'><strong>suut</strong></span> <span class='ocrx_word' id='word_1_254' title='bbox 1438 2216 1679 2321; x_wconf 77' lang='lat' dir='ltr'><strong>dpyodtuiscras</strong></span> <span class='ocrx_word' id='word_1_255' title='bbox 1695 2224 1734 2292; x_wconf 90' lang='lat' dir='ltr'><strong>in</strong></span> <span class='ocrx_word' id='word_1_256' title='bbox 1751 2224 1997 2294; x_wconf 83' lang='lat' dir='ltr'><strong>aedificatione</strong></span> <span class='ocrx_word' id='word_1_257' title='bbox 2013 2221 2141 2316; x_wconf 82' lang='lat' dir='ltr'><strong>templi,</strong></span> 
     </span>
     <span class='ocr_line' id='line_1_21' title="bbox 124 2322 2141 2419; baseline -0.001 -23"><span class='ocrx_word' id='word_1_258' title='bbox 124 2328 164 2398; x_wconf 94' lang='lat' dir='ltr'><strong>in</strong></span> <span class='ocrx_word' id='word_1_259' title='bbox 197 2327 409 2419; x_wconf 88' lang='lat' dir='ltr'><strong>longinquas</strong></span> <span class='ocrx_word' id='word_1_260' title='bbox 442 2339 572 2409; x_wconf 88' lang='lat' dir='ltr'><strong>terras,</strong></span> <span class='ocrx_word' id='word_1_261' title='bbox 605 2337 641 2394; x_wconf 90' lang='lat' dir='ltr'><strong>et</strong></span> <span class='ocrx_word' id='word_1_262' title='bbox 672 2324 758 2392; x_wconf 91' lang='lat' dir='ltr'><strong>novi</strong></span> <span class='ocrx_word' id='word_1_263' title='bbox 790 2324 910 2394; x_wconf 90' lang='lat' dir='ltr'><strong>coloni</strong></span> <span class='ocrx_word' id='word_1_264' title='bbox 937 2323 976 2392; x_wconf 94' lang='lat' dir='ltr'><strong>in</strong></span> <span class='ocrx_word' id='word_1_265' title='bbox 1007 2325 1106 2394; x_wconf 92' lang='lat' dir='ltr'><strong>illam</strong></span> <span class='ocrx_word' id='word_1_266' title='bbox 1159 2322 1292 2393; x_wconf 87' lang='lat' dir='ltr'><strong>interea</strong></span> <span class='ocrx_word' id='word_1_267' title='bbox 1311 2336 1345 2393; x_wconf 91' lang='lat' dir='ltr'><strong>et</strong></span> <span class='ocrx_word' id='word_1_268' title='bbox 1364 2324 1561 2395; x_wconf 86' lang='lat' dir='ltr'><strong>doctrinam</strong></span> <span class='ocrx_word' id='word_1_269' title='bbox 1578 2326 1777 2410; x_wconf 89' lang='lat' dir='ltr'><strong>illustrant,</strong></span> <span class='ocrx_word' id='word_1_270' title='bbox 1799 2340 1833 2397; x_wconf 90' lang='lat' dir='ltr'><strong>et</strong></span> <span class='ocrx_word' id='word_1_271' title='bbox 1851 2325 2141 2397; x_wconf 87' lang='lat' dir='ltr'><strong>vaticinanturds</strong></span> 
     </span>
     <span class='ocr_line' id='line_1_22' title="bbox 123 2420 2141 2519; baseline -0.003 -18"><span class='ocrx_word' id='word_1_272' title='bbox 123 2430 340 2501; x_wconf 88' lang='lat' dir='ltr'><strong>uberrimam</strong></span> <span class='ocrx_word' id='word_1_273' title='bbox 360 2426 540 2516; x_wconf 88' lang='lat' dir='ltr'><strong>regionem</strong></span> <span class='ocrx_word' id='word_1_274' title='bbox 560 2424 775 2498; x_wconf 90' lang='lat' dir='ltr'><strong>missisunt.</strong></span> <span class='ocrx_word' id='word_1_275' title='bbox 825 2420 955 2496; x_wconf 87' lang='lat' dir='ltr'><strong>Adbuc</strong></span> <span class='ocrx_word' id='word_1_276' title='bbox 971 2427 1108 2519; x_wconf 88' lang='lat' dir='ltr'><strong>reliqua</strong></span> <span class='ocrx_word' id='word_1_277' title='bbox 1158 2437 1309 2494; x_wconf 86' lang='lat' dir='ltr'><strong>venturo</strong></span> <span class='ocrx_word' id='word_1_278' title='bbox 1319 2423 1462 2495; x_wconf 87' lang='lat' dir='ltr'><strong>Messio.</strong></span> <span class='ocrx_word' id='word_1_279' title='bbox 1514 2424 1634 2495; x_wconf 90' lang='lat' dir='ltr'><strong>Vicini</strong></span> <span class='ocrx_word' id='word_1_280' title='bbox 1650 2429 1845 2497; x_wconf 90' lang='lat' dir='ltr'><strong>turbabant</strong></span> <span class='ocrx_word' id='word_1_281' title='bbox 1856 2450 2003 2518; x_wconf 89' lang='lat' dir='ltr'><strong>operas,</strong></span> <span class='ocrx_word' id='word_1_282' title='bbox 2029 2443 2067 2500; x_wconf 90' lang='lat' dir='ltr'><strong>et</strong></span> <span class='ocrx_word' id='word_1_283' title='bbox 2080 2426 2141 2497; x_wconf 83' lang='lat' dir='ltr'><strong>im·</strong></span> 
     </span>
     <span class='ocr_line' id='line_1_23' title="bbox 125 2525 2141 2622; baseline -0.001 -21"><span class='ocrx_word' id='word_1_284' title='bbox 125 2530 255 2601; x_wconf 90' lang='lat' dir='ltr'><strong>mansit</strong></span> <span class='ocrx_word' id='word_1_285' title='bbox 271 2552 352 2619; x_wconf 88' lang='lat' dir='ltr'><strong>pars</strong></span> <span class='ocrx_word' id='word_1_286' title='bbox 366 2527 494 2607; x_wconf 86' lang='lat' dir='ltr'><strong>altera,</strong></span> <span class='ocrx_word' id='word_1_287' title='bbox 519 2527 557 2596; x_wconf 92' lang='lat' dir='ltr'><strong>in</strong></span> <span class='ocrx_word' id='word_1_288' title='bbox 574 2549 644 2622; x_wconf 91' lang='lat' dir='ltr'><strong>qua</strong></span> <span class='ocrx_word' id='word_1_289' title='bbox 661 2527 752 2596; x_wconf 91' lang='lat' dir='ltr'><strong>duae</strong></span> <span class='ocrx_word' id='word_1_290' title='bbox 768 2525 883 2599; x_wconf 91' lang='lat' dir='ltr'><strong>tribus</strong></span> <span class='ocrx_word' id='word_1_291' title='bbox 898 2540 1018 2611; x_wconf 89' lang='lat' dir='ltr'><strong>erant,</strong></span> <span class='ocrx_word' id='word_1_292' title='bbox 1044 2526 1108 2598; x_wconf 91' lang='lat' dir='ltr'><strong>ln·</strong></span> <span class='ocrx_word' id='word_1_293' title='bbox 1161 2536 1281 2616; x_wconf 86' lang='lat' dir='ltr'><strong>p&#39;eturn</strong></span> <span class='ocrx_word' id='word_1_294' title='bbox 1297 2527 1474 2598; x_wconf 81' lang='lat' dir='ltr'><strong>iaciebant</strong></span> <span class='ocrx_word' id='word_1_295' title='bbox 1494 2526 1532 2596; x_wconf 92' lang='lat' dir='ltr'><strong>in</strong></span> <span class='ocrx_word' id='word_1_296' title='bbox 1557 2528 1844 2612; x_wconf 89' lang='lat' dir='ltr'><strong>multitudinem,</strong></span> <span class='ocrx_word' id='word_1_297' title='bbox 1869 2552 1964 2622; x_wconf 87' lang='lat' dir='ltr'><strong>quae</strong></span> <span class='ocrx_word' id='word_1_298' title='bbox 1985 2529 2141 2598; x_wconf 82' lang='lat' dir='ltr'><strong>nondum</strong></span> 
     </span>
     <span class='ocr_line' id='line_1_24' title="bbox 126 2627 2139 2720; baseline -0.001 -18"><span class='ocrx_word' id='word_1_299' title='bbox 126 2634 171 2703; x_wconf 92' lang='lat' dir='ltr'><strong>da</strong></span> <span class='ocrx_word' id='word_1_300' title='bbox 193 2644 227 2702; x_wconf 91' lang='lat' dir='ltr'><strong>et</strong></span> <span class='ocrx_word' id='word_1_301' title='bbox 247 2628 458 2716; x_wconf 88' lang='lat' dir='ltr'><strong>Beniamin,</strong></span> <span class='ocrx_word' id='word_1_302' title='bbox 490 2642 525 2700; x_wconf 89' lang='lat' dir='ltr'><strong>et</strong></span> <span class='ocrx_word' id='word_1_303' title='bbox 547 2627 770 2699; x_wconf 88' lang='lat' dir='ltr'><strong>imbecillitas</strong></span> <span class='ocrx_word' id='word_1_304' title='bbox 790 2629 866 2720; x_wconf 90' lang='lat' dir='ltr'><strong>ipsa</strong></span> <span class='ocrx_word' id='word_1_305' title='bbox 889 2632 1109 2712; x_wconf 87' lang='lat' dir='ltr'><strong>ostendebat,</strong></span> <span class='ocrx_word' id='word_1_306' title='bbox 1160 2641 1257 2718; x_wconf 83' lang='lat' dir='ltr'><strong>septa</strong></span> <span class='ocrx_word' id='word_1_307' title='bbox 1274 2640 1349 2698; x_wconf 92' lang='lat' dir='ltr'><strong>erat</strong></span> <span class='ocrx_word' id='word_1_308' title='bbox 1364 2629 1570 2715; x_wconf 90' lang='lat' dir='ltr'><strong>moenibus,</strong></span> <span class='ocrx_word' id='word_1_309' title='bbox 1591 2642 1627 2701; x_wconf 90' lang='lat' dir='ltr'><strong>et</strong></span> <span class='ocrx_word' id='word_1_310' title='bbox 1641 2653 1766 2720; x_wconf 88' lang='lat' dir='ltr'><strong>magna</strong></span> <span class='ocrx_word' id='word_1_311' title='bbox 1785 2642 1884 2700; x_wconf 88' lang='lat' dir='ltr'><strong>erant</strong></span> <span class='ocrx_word' id='word_1_312' title='bbox 1900 2631 2048 2720; x_wconf 77' lang='lat' dir='ltr'><strong>agmina</strong></span> <span class='ocrx_word' id='word_1_313' title='bbox 2070 2653 2139 2699; x_wconf 90' lang='lat' dir='ltr'><strong>mu·</strong></span> 
     </span>
     <span class='ocr_line' id='line_1_25' title="bbox 126 2728 2140 2824; baseline -0.001 -20"><span class='ocrx_word' id='word_1_314' title='bbox 126 2758 201 2804; x_wconf 92' lang='lat' dir='ltr'><strong>non</strong></span> <span class='ocrx_word' id='word_1_315' title='bbox 224 2752 325 2824; x_wconf 90' lang='lat' dir='ltr'><strong>posse</strong></span> <span class='ocrx_word' id='word_1_316' title='bbox 346 2754 422 2800; x_wconf 88' lang='lat' dir='ltr'><strong>cam</strong></span> <span class='ocrx_word' id='word_1_317' title='bbox 445 2731 595 2811; x_wconf 79' lang='lat' dir='ltr'><strong>servari,</strong></span> <span class='ocrx_word' id='word_1_318' title='bbox 620 2728 730 2800; x_wconf 89' lang='lat' dir='ltr'><strong>nisia</strong></span> <span class='ocrx_word' id='word_1_319' title='bbox 756 2729 834 2801; x_wconf 88' lang='lat' dir='ltr'><strong>Deo</strong></span> <span class='ocrx_word' id='word_1_320' title='bbox 857 2744 1110 2823; x_wconf 86' lang='lat' dir='ltr'><strong>protegeretur,</strong></span> <span class='ocrx_word' id='word_1_321' title='bbox 1161 2729 1308 2810; x_wconf 90' lang='lat' dir='ltr'><strong>lierum,</strong></span> <span class='ocrx_word' id='word_1_322' title='bbox 1343 2740 1554 2821; x_wconf 86' lang='lat' dir='ltr'><strong>puerorum,</strong></span> <span class='ocrx_word' id='word_1_323' title='bbox 1578 2755 1853 2824; x_wconf 86' lang='lat' dir='ltr'><strong>puerperarum.</strong></span> <span class='ocrx_word' id='word_1_324' title='bbox 1907 2729 1951 2800; x_wconf 91' lang='lat' dir='ltr'><strong>ln</strong></span> <span class='ocrx_word' id='word_1_325' title='bbox 1976 2728 2036 2802; x_wconf 87' lang='lat' dir='ltr'><strong>bis</strong></span> <span class='ocrx_word' id='word_1_326' title='bbox 2057 2728 2140 2822; x_wconf 83' lang='lat' dir='ltr'><strong>peri·</strong></span> 
     </span>
     <span class='ocr_line' id='line_1_26' title="bbox 126 2827 2139 2924; baseline -0.001 -18"><span class='ocrx_word' id='word_1_327' title='bbox 126 2837 217 2907; x_wconf 90' lang='lat' dir='ltr'><strong>sicut</strong></span> <span class='ocrx_word' id='word_1_328' title='bbox 231 2846 354 2904; x_wconf 90' lang='lat' dir='ltr'><strong>contra</strong></span> <span class='ocrx_word' id='word_1_329' title='bbox 368 2828 591 2905; x_wconf 88' lang='lat' dir='ltr'><strong>Sennaberib</strong></span> <span class='ocrx_word' id='word_1_330' title='bbox 613 2833 755 2903; x_wconf 87' lang='lat' dir='ltr'><strong>defensa</strong></span> <span class='ocrx_word' id='word_1_331' title='bbox 772 2846 835 2908; x_wconf 90' lang='lat' dir='ltr'><strong>est.</strong></span> <span class='ocrx_word' id='word_1_332' title='bbox 871 2832 1109 2919; x_wconf 51' lang='lat' dir='ltr'><strong>‚Suntautcm</strong></span> <span class='ocrx_word' id='word_1_333' title='bbox 1160 2831 1250 2901; x_wconf 89' lang='lat' dir='ltr'><strong>culis</strong></span> <span class='ocrx_word' id='word_1_334' title='bbox 1267 2854 1351 2900; x_wconf 87' lang='lat' dir='ltr'><strong>voce</strong></span> <span class='ocrx_word' id='word_1_335' title='bbox 1366 2827 1624 2924; x_wconf 86' lang='lat' dir='ltr'><strong>Prophetarum</strong></span> <span class='ocrx_word' id='word_1_336' title='bbox 1641 2831 1738 2904; x_wconf 88' lang='lat' dir='ltr'><strong>Deus</strong></span> <span class='ocrx_word' id='word_1_337' title='bbox 1752 2834 1925 2904; x_wconf 84' lang='lat' dir='ltr'><strong>auxilium</strong></span> <span class='ocrx_word' id='word_1_338' title='bbox 1942 2831 2139 2905; x_wconf 86' lang='lat' dir='ltr'><strong>duciZoro·</strong></span> 
     </span>
     <span class='ocr_line' id='line_1_27' title="bbox 127 2929 1837 3031; baseline 0 -23"><span class='ocrx_word' id='word_1_339' title='bbox 127 2936 214 3020; x_wconf 89' lang='lat' dir='ltr'><strong>anni</strong></span> <span class='ocrx_word' id='word_1_340' title='bbox 229 2959 250 3005; x_wconf 90' lang='lat' dir='ltr'><strong>a</strong></span> <span class='ocrx_word' id='word_1_341' title='bbox 263 2929 488 3009; x_wconf 86' lang='lat' dir='ltr'><strong>Senoaberib</strong></span> <span class='ocrx_word' id='word_1_342' title='bbox 507 2929 578 3008; x_wconf 79' lang='lat'><strong>125</strong></span> <span class='ocrx_word' id='word_1_343' title='bbox 603 2936 648 3004; x_wconf 86' lang='lat' dir='ltr'><strong>ad</strong></span> <span class='ocrx_word' id='word_1_344' title='bbox 666 2934 842 3005; x_wconf 85' lang='lat' dir='ltr'><strong>excidium</strong></span> <span class='ocrx_word' id='word_1_345' title='bbox 860 2932 1109 3031; x_wconf 87' lang='lat' dir='ltr'><strong>ierosolymae,</strong></span> <span class='ocrx_word' id='word_1_346' title='bbox 1160 2932 1264 3004; x_wconf 88' lang='lat' dir='ltr'><strong>babel</strong></span> <span class='ocrx_word' id='word_1_347' title='bbox 1280 2946 1315 3005; x_wconf 92' lang='lat' dir='ltr'><strong>et</strong></span> <span class='ocrx_word' id='word_1_348' title='bbox 1326 2933 1414 3003; x_wconf 89' lang='lat' dir='ltr'><strong>viris</strong></span> <span class='ocrx_word' id='word_1_349' title='bbox 1429 2934 1582 3006; x_wconf 82' lang='lat' dir='ltr'><strong>fortibus</strong></span> <span class='ocrx_word' id='word_1_350' title='bbox 1596 2936 1837 3027; x_wconf 87' lang='lat' dir='ltr'><strong>promittebat.</strong></span> 
     </span>
     <span class='ocr_line' id='line_1_28' title="bbox 126 3030 2139 3136; baseline -0.002 -24"><span class='ocrx_word' id='word_1_351' title='bbox 126 3065 197 3135; x_wconf 88' lang='lat' dir='ltr'><strong>quo</strong></span> <span class='ocrx_word' id='word_1_352' title='bbox 222 3052 380 3131; x_wconf 90' lang='lat' dir='ltr'><strong>tempore</strong></span> <span class='ocrx_word' id='word_1_353' title='bbox 399 3045 464 3107; x_wconf 81' lang='lat' dir='ltr'><strong>&#39;rex</strong></span> <span class='ocrx_word' id='word_1_354' title='bbox 486 3034 727 3133; x_wconf 86' lang='lat' dir='ltr'><strong>Babylonicus</strong></span> <span class='ocrx_word' id='word_1_355' title='bbox 749 3037 788 3105; x_wconf 92' lang='lat' dir='ltr'><strong>in</strong></span> <span class='ocrx_word' id='word_1_356' title='bbox 811 3035 941 3108; x_wconf 91' lang='lat' dir='ltr'><strong>Iudaea</strong></span> <span class='ocrx_word' id='word_1_357' title='bbox 966 3040 1109 3109; x_wconf 89' lang='lat' dir='ltr'><strong>vastita-</strong></span> <span class='ocrx_word' id='word_1_358' title='bbox 1264 3030 1453 3106; x_wconf 88' lang='lat' dir='ltr'><strong>Zacharias</strong></span> <span class='ocrx_word' id='word_1_359' title='bbox 1473 3037 1600 3106; x_wconf 90' lang='lat' dir='ltr'><strong>ducem</strong></span> <span class='ocrx_word' id='word_1_360' title='bbox 1634 3052 1669 3108; x_wconf 91' lang='lat' dir='ltr'><strong>et</strong></span> <span class='ocrx_word' id='word_1_361' title='bbox 1692 3039 1908 3109; x_wconf 89' lang='lat' dir='ltr'><strong>sacerdotem</strong></span> <span class='ocrx_word' id='word_1_362' title='bbox 1939 3036 2139 3136; x_wconf 83' lang='lat' dir='ltr'><strong>alloquitur,</strong></span> 
     </span>
     <span class='ocr_line' id='line_1_29' title="bbox 127 3135 2138 3234; baseline -0.001 -22"><span class='ocrx_word' id='word_1_363' title='bbox 127 3154 197 3212; x_wconf 91' lang='lat' dir='ltr'><strong>tem</strong></span> <span class='ocrx_word' id='word_1_364' title='bbox 214 3139 314 3231; x_wconf 85' lang='lat' dir='ltr'><strong>iecit,</strong></span> <span class='ocrx_word' id='word_1_365' title='bbox 340 3135 451 3209; x_wconf 87' lang='lat' dir='ltr'><strong>athas</strong></span> <span class='ocrx_word' id='word_1_366' title='bbox 467 3139 556 3211; x_wconf 89' lang='lat' dir='ltr'><strong>duas</strong></span> <span class='ocrx_word' id='word_1_367' title='bbox 571 3138 740 3232; x_wconf 86' lang='lat' dir='ltr'><strong>reliquias</strong></span> <span class='ocrx_word' id='word_1_368' title='bbox 761 3137 876 3209; x_wconf 88' lang='lat' dir='ltr'><strong>tribus</strong></span> <span class='ocrx_word' id='word_1_369' title='bbox 897 3141 1023 3231; x_wconf 91' lang='lat' dir='ltr'><strong>procul</strong></span> <span class='ocrx_word' id='word_1_370' title='bbox 1046 3141 1111 3210; x_wconf 86' lang='lat' dir='ltr'><strong>ab·</strong></span> <span class='ocrx_word' id='word_1_371' title='bbox 1162 3136 1343 3230; x_wconf 89' lang='lat' dir='ltr'><strong>inquiens:</strong></span> <span class='ocrx_word' id='word_1_372' title='bbox 1377 3135 1460 3208; x_wconf 90' lang='lat' dir='ltr'><strong>Non</strong></span> <span class='ocrx_word' id='word_1_373' title='bbox 1480 3138 1520 3207; x_wconf 91' lang='lat' dir='ltr'><strong>in</strong></span> <span class='ocrx_word' id='word_1_374' title='bbox 1543 3139 1715 3221; x_wconf 86' lang='lat' dir='ltr'><strong>exercitu,</strong></span> <span class='ocrx_word' id='word_1_375' title='bbox 1740 3164 1815 3209; x_wconf 92' lang='lat' dir='ltr'><strong>non</strong></span> <span class='ocrx_word' id='word_1_376' title='bbox 1838 3141 1877 3208; x_wconf 92' lang='lat' dir='ltr'><strong>in</strong></span> <span class='ocrx_word' id='word_1_377' title='bbox 1901 3141 2056 3229; x_wconf 81' lang='lat' dir='ltr'><strong>robore,</strong></span> <span class='ocrx_word' id='word_1_378' title='bbox 2087 3136 2138 3234; x_wconf 75' lang='lat' dir='ltr'><strong>ssd</strong></span> 
     </span>
    </p>

    <p class='ocr_par' dir='ltr' id='par_1_4' title="bbox 10 3230 2174 3640">
     <span class='ocr_line' id='line_1_30' title="bbox 10 3230 2140 3335; baseline -0.003 -21"><span class='ocrx_word' id='word_1_379' title='bbox 10 3236 28 3254; x_wconf 25' lang='grc' dir='ltr'>Χ</span> <span class='ocrx_word' id='word_1_380' title='bbox 91 3230 229 3314; x_wconf 71' lang='lat' dir='ltr'><strong>&#39;duxit</strong></span> <span class='ocrx_word' id='word_1_381' title='bbox 263 3243 304 3310; x_wconf 94' lang='lat' dir='ltr'><strong>in</strong></span> <span class='ocrx_word' id='word_1_382' title='bbox 334 3236 569 3333; x_wconf 83' lang='lat' dir='ltr'><strong>Chaldaeum,</strong></span> <span class='ocrx_word' id='word_1_383' title='bbox 604 3263 685 3331; x_wconf 90' lang='lat' dir='ltr'><strong>pars</strong></span> <span class='ocrx_word' id='word_1_384' title='bbox 717 3241 757 3309; x_wconf 90' lang='lat' dir='ltr'><strong>in</strong></span> <span class='ocrx_word' id='word_1_385' title='bbox 780 3242 983 3335; x_wconf 85' lang='lat' dir='ltr'><strong>Aegyptum</strong></span> <span class='ocrx_word' id='word_1_386' title='bbox 1010 3243 1111 3334; x_wconf 82' lang='lat' dir='ltr'><strong>fugit.</strong></span> <span class='ocrx_word' id='word_1_387' title='bbox 1162 3239 1201 3307; x_wconf 91' lang='lat' dir='ltr'><strong>in</strong></span> <span class='ocrx_word' id='word_1_388' title='bbox 1219 3238 1346 3331; x_wconf 91' lang='lat' dir='ltr'><strong>spiritu</strong></span> <span class='ocrx_word' id='word_1_389' title='bbox 1362 3262 1459 3325; x_wconf 91' lang='lat' dir='ltr'><strong>meo,</strong></span> <span class='ocrx_word' id='word_1_390' title='bbox 1484 3240 1603 3334; x_wconf 90' lang='lat' dir='ltr'><strong>inquit</strong></span> <span class='ocrx_word' id='word_1_391' title='bbox 1617 3237 1806 3312; x_wconf 88' lang='lat' dir='ltr'><strong>Dominus.</strong></span> <span class='ocrx_word' id='word_1_392' title='bbox 1858 3238 2058 3312; x_wconf 79' lang='lat' dir='ltr'><strong>Eritlleus</strong></span> <span class='ocrx_word' id='word_1_393' title='bbox 2070 3260 2140 3310; x_wconf 85' lang='lat' dir='ltr'><strong>uro-</strong></span> 
     </span>
     <span class='ocr_line' id='line_1_31' title="bbox 128 3338 2174 3437; baseline -0.003 -23"><span class='ocrx_word' id='word_1_394' title='bbox 128 3344 212 3423; x_wconf 86' lang='lat' dir='ltr'><strong>Post</strong></span> <span class='ocrx_word' id='word_1_395' title='bbox 235 3339 327 3412; x_wconf 86' lang='lat' dir='ltr'><strong>banc</strong></span> <span class='ocrx_word' id='word_1_396' title='bbox 351 3343 641 3434; x_wconf 87' lang='lat' dir='ltr'><strong>dissipationem,</strong></span> <span class='ocrx_word' id='word_1_397' title='bbox 675 3341 815 3432; x_wconf 89' lang='lat' dir='ltr'><strong>oppidis</strong></span> <span class='ocrx_word' id='word_1_398' title='bbox 837 3343 1043 3435; x_wconf 82' lang='lat' dir='ltr'><strong>destructis,</strong></span> <span class='ocrx_word' id='word_1_399' title='bbox 1078 3356 1111 3413; x_wconf 90' lang='lat' dir='ltr'><strong>et</strong></span> <span class='ocrx_word' id='word_1_400' title='bbox 1163 3363 1223 3410; x_wconf 90' lang='lat' dir='ltr'><strong>rus</strong></span> <span class='ocrx_word' id='word_1_401' title='bbox 1247 3341 1371 3432; x_wconf 89' lang='lat' dir='ltr'><strong>igneus</strong></span> <span class='ocrx_word' id='word_1_402' title='bbox 1399 3341 1439 3411; x_wconf 90' lang='lat' dir='ltr'><strong>in</strong></span> <span class='ocrx_word' id='word_1_403' title='bbox 1469 3342 1619 3413; x_wconf 92' lang='lat' dir='ltr'><strong>circuitu</strong></span> <span class='ocrx_word' id='word_1_404' title='bbox 1648 3344 1785 3434; x_wconf 91' lang='lat' dir='ltr'><strong>populi.</strong></span> <span class='ocrx_word' id='word_1_405' title='bbox 1835 3341 2003 3434; x_wconf 90' lang='lat' dir='ltr'><strong>Repellet</strong></span> <span class='ocrx_word' id='word_1_406' title='bbox 2032 3338 2140 3437; x_wconf 84' lang='lat' dir='ltr'><strong>paucis</strong></span> <span class='ocrx_word' id='word_1_407' title='bbox 2171 3427 2174 3431; x_wconf 15' lang='grc' dir='ltr'>ι</span> 
     </span>
     <span class='ocr_line' id='line_1_32' title="bbox 127 3439 1947 3535; baseline 0 -20"><span class='ocrx_word' id='word_1_408' title='bbox 127 3447 289 3516; x_wconf 83' lang='lat' dir='ltr'><strong>funditus</strong></span> <span class='ocrx_word' id='word_1_409' title='bbox 310 3443 424 3513; x_wconf 89' lang='lat' dir='ltr'><strong>deleta</strong></span> <span class='ocrx_word' id='word_1_410' title='bbox 445 3443 589 3534; x_wconf 90' lang='lat' dir='ltr'><strong>politia,</strong></span> <span class='ocrx_word' id='word_1_411' title='bbox 624 3445 753 3514; x_wconf 91' lang='lat' dir='ltr'><strong>absunt</strong></span> <span class='ocrx_word' id='word_1_412' title='bbox 774 3439 899 3514; x_wconf 90' lang='lat' dir='ltr'><strong>ludaei</strong></span> <span class='ocrx_word' id='word_1_413' title='bbox 919 3468 1033 3515; x_wconf 89' lang='lat' dir='ltr'><strong>annos</strong></span> <span class='ocrx_word' id='word_1_414' title='bbox 1057 3468 1112 3515; x_wconf 89' lang='lat' dir='ltr'><strong>se·</strong></span> <span class='ocrx_word' id='word_1_415' title='bbox 1162 3443 1414 3512; x_wconf 91' lang='lat' dir='ltr'><strong>dimicantibus</strong></span> <span class='ocrx_word' id='word_1_416' title='bbox 1428 3465 1572 3535; x_wconf 88' lang='lat' dir='ltr'><strong>magnos</strong></span> <span class='ocrx_word' id='word_1_417' title='bbox 1589 3439 1744 3515; x_wconf 91' lang='lat' dir='ltr'><strong>bostium</strong></span> <span class='ocrx_word' id='word_1_418' title='bbox 1762 3445 1947 3516; x_wconf 83' lang='lat' dir='ltr'><strong>exercitus.</strong></span> 
     </span>
     <span class='ocr_line' id='line_1_33' title="bbox 127 3539 2141 3640; baseline -0.001 -23"><span class='ocrx_word' id='word_1_419' title='bbox 127 3547 321 3640; x_wconf 89' lang='lat' dir='ltr'><strong>ptuagiuta.</strong></span> <span class='ocrx_word' id='word_1_420' title='bbox 1263 3540 1360 3614; x_wconf 90' lang='lat' dir='ltr'><strong>Haec</strong></span> <span class='ocrx_word' id='word_1_421' title='bbox 1383 3539 1531 3616; x_wconf 88' lang='lat' dir='ltr'><strong>historia</strong></span> <span class='ocrx_word' id='word_1_422' title='bbox 1549 3545 1586 3613; x_wconf 93' lang='lat' dir='ltr'><strong>in</strong></span> <span class='ocrx_word' id='word_1_423' title='bbox 1603 3542 1790 3637; x_wconf 87' lang='lat' dir='ltr'><strong>Prophetis</strong></span> <span class='ocrx_word' id='word_1_424' title='bbox 1814 3547 1973 3638; x_wconf 89' lang='lat' dir='ltr'><strong>primum</strong></span> <span class='ocrx_word' id='word_1_425' title='bbox 1986 3543 2141 3617; x_wconf 82' lang='lat' dir='ltr'><strong>couside-</strong></span> 
     </span>
    </p>

    <p class='ocr_par' dir='ltr' id='par_1_5' title="bbox 129 3643 2143 4958">
     <span class='ocr_line' id='line_1_34' title="bbox 231 3643 2140 3741; baseline 0.001 -25"><span class='ocrx_word' id='word_1_426' title='bbox 231 3646 315 3716; x_wconf 91' lang='lat' dir='ltr'><strong>Post</strong></span> <span class='ocrx_word' id='word_1_427' title='bbox 339 3657 477 3715; x_wconf 88' lang='lat' dir='ltr'><strong>tantum</strong></span> <span class='ocrx_word' id='word_1_428' title='bbox 498 3643 748 3732; x_wconf 88' lang='lat' dir='ltr'><strong>intervallum,</strong></span> <span class='ocrx_word' id='word_1_429' title='bbox 780 3647 860 3741; x_wconf 90' lang='lat' dir='ltr'><strong>quis</strong></span> <span class='ocrx_word' id='word_1_430' title='bbox 878 3670 1019 3736; x_wconf 90' lang='lat' dir='ltr'><strong>sperare</strong></span> <span class='ocrx_word' id='word_1_431' title='bbox 1043 3645 1111 3720; x_wconf 91' lang='lat' dir='ltr'><strong>bu·</strong></span> <span class='ocrx_word' id='word_1_432' title='bbox 1163 3647 1273 3717; x_wconf 91' lang='lat' dir='ltr'><strong>randa</strong></span> <span class='ocrx_word' id='word_1_433' title='bbox 1299 3659 1405 3732; x_wconf 92' lang='lat' dir='ltr'><strong>sunt,</strong></span> <span class='ocrx_word' id='word_1_434' title='bbox 1428 3646 1643 3739; x_wconf 91' lang='lat' dir='ltr'><strong>inpartibus</strong></span> <span class='ocrx_word' id='word_1_435' title='bbox 1665 3643 1835 3718; x_wconf 90' lang='lat' dir='ltr'><strong>historiae</strong></span> <span class='ocrx_word' id='word_1_436' title='bbox 1855 3662 1975 3719; x_wconf 89' lang='lat' dir='ltr'><strong>tamen</strong></span> <span class='ocrx_word' id='word_1_437' title='bbox 1991 3643 2140 3717; x_wconf 76' lang='lat' dir='ltr'><strong>Ecclesia</strong></span> 
     </span>
     <span class='ocr_line' id='line_1_35' title="bbox 130 3746 2141 3843; baseline 0 -25"><span class='ocrx_word' id='word_1_438' title='bbox 130 3749 186 3819; x_wconf 89' lang='lat' dir='ltr'><strong>ius</strong></span> <span class='ocrx_word' id='word_1_439' title='bbox 200 3750 314 3839; x_wconf 89' lang='lat' dir='ltr'><strong>gentis</strong></span> <span class='ocrx_word' id='word_1_440' title='bbox 331 3746 484 3816; x_wconf 90' lang='lat' dir='ltr'><strong>reditum</strong></span> <span class='ocrx_word' id='word_1_441' title='bbox 502 3749 697 3840; x_wconf 65' lang='lat' dir='ltr'><strong>potuisset,</strong></span> <span class='ocrx_word' id='word_1_442' title='bbox 716 3762 778 3819; x_wconf 89' lang='lat' dir='ltr'><strong>aut</strong></span> <span class='ocrx_word' id='word_1_443' title='bbox 807 3751 928 3841; x_wconf 88' lang='lat' dir='ltr'><strong>templi</strong></span> <span class='ocrx_word' id='word_1_444' title='bbox 955 3764 990 3820; x_wconf 90' lang='lat' dir='ltr'><strong>ct</strong></span> <span class='ocrx_word' id='word_1_445' title='bbox 1018 3753 1113 3843; x_wconf 90' lang='lat' dir='ltr'><strong>poli·</strong></span> <span class='ocrx_word' id='word_1_446' title='bbox 1163 3749 1546 3838; x_wconf 66' lang='lat' dir='ltr'><strong>omniumtemporum</strong></span> <span class='ocrx_word' id='word_1_447' title='bbox 1571 3748 1742 3819; x_wconf 84' lang='lat' dir='ltr'><strong>intuenda</strong></span> <span class='ocrx_word' id='word_1_448' title='bbox 1764 3764 1834 3841; x_wconf 80' lang='lat' dir='ltr'><strong>est,</strong></span> <span class='ocrx_word' id='word_1_449' title='bbox 1859 3762 1893 3819; x_wconf 89' lang='lat' dir='ltr'><strong>et</strong></span> <span class='ocrx_word' id='word_1_450' title='bbox 1919 3749 2141 3819; x_wconf 79' lang='lat' dir='ltr'><strong>consideran·</strong></span> 
     </span>
     <span class='ocr_line' id='line_1_36' title="bbox 130 3848 2136 3946; baseline 0 -25"><span class='ocrx_word' id='word_1_451' title='bbox 130 3851 200 3922; x_wconf 89' lang='lat' dir='ltr'><strong>tiae</strong></span> <span class='ocrx_word' id='word_1_452' title='bbox 227 3849 504 3940; x_wconf 87' lang='lat' dir='ltr'><strong>restitutionem,</strong></span> <span class='ocrx_word' id='word_1_453' title='bbox 540 3851 742 3940; x_wconf 89' lang='lat' dir='ltr'><strong>praesertim</strong></span> <span class='ocrx_word' id='word_1_454' title='bbox 763 3851 857 3922; x_wconf 92' lang='lat' dir='ltr'><strong>inter</strong></span> <span class='ocrx_word' id='word_1_455' title='bbox 878 3851 1015 3922; x_wconf 91' lang='lat' dir='ltr'><strong>vicinos</strong></span> <span class='ocrx_word' id='word_1_456' title='bbox 1040 3852 1112 3921; x_wconf 91' lang='lat' dir='ltr'><strong>ini·</strong></span> <span class='ocrx_word' id='word_1_457' title='bbox 1163 3853 1270 3940; x_wconf 89' lang='lat' dir='ltr'><strong>dum,</strong></span> <span class='ocrx_word' id='word_1_458' title='bbox 1312 3848 1503 3939; x_wconf 81' lang='lat' dir='ltr'><strong>Quomodo</strong></span> <span class='ocrx_word' id='word_1_459' title='bbox 1525 3851 1608 3919; x_wconf 90' lang='lat' dir='ltr'><strong>inde</strong></span> <span class='ocrx_word' id='word_1_460' title='bbox 1629 3874 1739 3944; x_wconf 88' lang='lat' dir='ltr'><strong>usque</strong></span> <span class='ocrx_word' id='word_1_461' title='bbox 1763 3852 1809 3920; x_wconf 88' lang='lat' dir='ltr'><strong>ab</strong></span> <span class='ocrx_word' id='word_1_462' title='bbox 1829 3851 1957 3933; x_wconf 90' lang='lat' dir='ltr'><strong>initio,</strong></span> <span class='ocrx_word' id='word_1_463' title='bbox 1994 3874 2066 3946; x_wconf 84' lang='lat' dir='ltr'><strong>quo</strong></span> <span class='ocrx_word' id='word_1_464' title='bbox 2085 3870 2136 3940; x_wconf 79' lang='lat' dir='ltr'><strong>ge·</strong></span> 
     </span>
     <span class='ocr_line' id='line_1_37' title="bbox 129 3948 2140 4049; baseline 0.001 -27"><span class='ocrx_word' id='word_1_465' title='bbox 129 3953 338 4022; x_wconf 91' lang='lat' dir='ltr'><strong>micissimos</strong></span> <span class='ocrx_word' id='word_1_466' title='bbox 354 3949 447 4041; x_wconf 89' lang='lat' dir='ltr'><strong>genti</strong></span> <span class='ocrx_word' id='word_1_467' title='bbox 464 3948 655 4021; x_wconf 84' lang='lat' dir='ltr'><strong>Iudaicae?</strong></span> <span class='ocrx_word' id='word_1_468' title='bbox 708 3949 757 4023; x_wconf 83' lang='lat' dir='ltr'><strong>At</strong></span> <span class='ocrx_word' id='word_1_469' title='bbox 778 3953 931 4049; x_wconf 81' lang='lat' dir='ltr'><strong>restituti</strong></span> <span class='ocrx_word' id='word_1_470' title='bbox 954 3968 1036 4025; x_wconf 91' lang='lat' dir='ltr'><strong>sunt</strong></span> <span class='ocrx_word' id='word_1_471' title='bbox 1059 3967 1111 4023; x_wconf 89' lang='lat' dir='ltr'><strong>ta·</strong></span> <span class='ocrx_word' id='word_1_472' title='bbox 1164 3974 1247 4020; x_wconf 91' lang='lat' dir='ltr'><strong>nere</strong></span> <span class='ocrx_word' id='word_1_473' title='bbox 1261 3951 1461 4031; x_wconf 86' lang='lat' dir='ltr'><strong>doctrinae,</strong></span> <span class='ocrx_word' id='word_1_474' title='bbox 1486 3952 1550 4022; x_wconf 90' lang='lat' dir='ltr'><strong>ubi</strong></span> <span class='ocrx_word' id='word_1_475' title='bbox 1565 3951 1709 4022; x_wconf 86' lang='lat' dir='ltr'><strong>collecta</strong></span> <span class='ocrx_word' id='word_1_476' title='bbox 1734 3952 1798 4035; x_wconf 87' lang='lat' dir='ltr'><strong>sit,</strong></span> <span class='ocrx_word' id='word_1_477' title='bbox 1823 3976 1913 4046; x_wconf 88' lang='lat' dir='ltr'><strong>quae</strong></span> <span class='ocrx_word' id='word_1_478' title='bbox 1932 3953 2070 4024; x_wconf 86' lang='lat' dir='ltr'><strong>fuerint</strong></span> <span class='ocrx_word' id='word_1_479' title='bbox 2087 3971 2140 4044; x_wconf 81' lang='lat' dir='ltr'><strong>ps·</strong></span> 
     </span>
     <span class='ocr_line' id='line_1_38' title="bbox 129 4047 2140 4148; baseline -0.001 -22"><span class='ocrx_word' id='word_1_480' title='bbox 129 4078 231 4141; x_wconf 89' lang='lat' dir='ltr'><strong>men,</strong></span> <span class='ocrx_word' id='word_1_481' title='bbox 257 4067 291 4125; x_wconf 91' lang='lat' dir='ltr'><strong>et</strong></span> <span class='ocrx_word' id='word_1_482' title='bbox 311 4068 351 4124; x_wconf 90' lang='lat' dir='ltr'><strong>ut</strong></span> <span class='ocrx_word' id='word_1_483' title='bbox 372 4052 500 4122; x_wconf 90' lang='lat' dir='ltr'><strong>scirent</strong></span> <span class='ocrx_word' id='word_1_484' title='bbox 523 4047 608 4122; x_wconf 89' lang='lat' dir='ltr'><strong>haec</strong></span> <span class='ocrx_word' id='word_1_485' title='bbox 629 4056 823 4143; x_wconf 87' lang='lat' dir='ltr'><strong>gubernata</strong></span> <span class='ocrx_word' id='word_1_486' title='bbox 838 4078 912 4124; x_wconf 88' lang='lat' dir='ltr'><strong>esse</strong></span> <span class='ocrx_word' id='word_1_487' title='bbox 926 4054 1111 4148; x_wconf 89' lang='lat' dir='ltr'><strong>divinitus,</strong></span> <span class='ocrx_word' id='word_1_488' title='bbox 1164 4052 1275 4123; x_wconf 91' lang='lat' dir='ltr'><strong>ricula</strong></span> <span class='ocrx_word' id='word_1_489' title='bbox 1302 4066 1336 4123; x_wconf 93' lang='lat' dir='ltr'><strong>et</strong></span> <span class='ocrx_word' id='word_1_490' title='bbox 1356 4075 1563 4139; x_wconf 90' lang='lat' dir='ltr'><strong>aerumnae,</strong></span> <span class='ocrx_word' id='word_1_491' title='bbox 1590 4056 1769 4147; x_wconf 89' lang='lat' dir='ltr'><strong>quomodo</strong></span> <span class='ocrx_word' id='word_1_492' title='bbox 1792 4054 1941 4124; x_wconf 88' lang='lat' dir='ltr'><strong>liberata</strong></span> <span class='ocrx_word' id='word_1_493' title='bbox 1959 4067 1994 4125; x_wconf 89' lang='lat' dir='ltr'><strong>et</strong></span> <span class='ocrx_word' id='word_1_494' title='bbox 2017 4064 2140 4125; x_wconf 81' lang='lat' dir='ltr'><strong>servan</strong></span> 
     </span>
     <span class='ocr_line' id='line_1_39' title="bbox 131 4153 2140 4249; baseline -0.002 -20"><span class='ocrx_word' id='word_1_495' title='bbox 131 4171 232 4229; x_wconf 87' lang='lat' dir='ltr'><strong>antea</strong></span> <span class='ocrx_word' id='word_1_496' title='bbox 252 4153 350 4226; x_wconf 90' lang='lat' dir='ltr'><strong>Deus</strong></span> <span class='ocrx_word' id='word_1_497' title='bbox 371 4167 403 4224; x_wconf 92' lang='lat' dir='ltr'><strong>et</strong></span> <span class='ocrx_word' id='word_1_498' title='bbox 424 4177 554 4245; x_wconf 85' lang='lat' dir='ltr'><strong>poenas</strong></span> <span class='ocrx_word' id='word_1_499' title='bbox 578 4156 771 4247; x_wconf 84' lang='lat' dir='ltr'><strong>praedixit,</strong></span> <span class='ocrx_word' id='word_1_500' title='bbox 799 4170 833 4228; x_wconf 90' lang='lat' dir='ltr'><strong>et</strong></span> <span class='ocrx_word' id='word_1_501' title='bbox 855 4157 950 4226; x_wconf 81' lang='lat' dir='ltr'><strong>exilii</strong></span> <span class='ocrx_word' id='word_1_502' title='bbox 975 4169 1112 4249; x_wconf 91' lang='lat' dir='ltr'><strong>tempus</strong></span> <span class='ocrx_word' id='word_1_503' title='bbox 1162 4155 1226 4240; x_wconf 91' lang='lat' dir='ltr'><strong>sit,</strong></span> <span class='ocrx_word' id='word_1_504' title='bbox 1252 4178 1342 4247; x_wconf 87' lang='lat' dir='ltr'><strong>quae</strong></span> <span class='ocrx_word' id='word_1_505' title='bbox 1357 4179 1443 4239; x_wconf 82' lang='lat' dir='ltr'><strong>vox,</strong></span> <span class='ocrx_word' id='word_1_506' title='bbox 1469 4180 1559 4247; x_wconf 90' lang='lat' dir='ltr'><strong>quae</strong></span> <span class='ocrx_word' id='word_1_507' title='bbox 1576 4157 1723 4227; x_wconf 90' lang='lat' dir='ltr'><strong>virtutes</strong></span> <span class='ocrx_word' id='word_1_508' title='bbox 1739 4178 1850 4225; x_wconf 88' lang='lat' dir='ltr'><strong>eam-a</strong></span> <span class='ocrx_word' id='word_1_509' title='bbox 1871 4155 2023 4226; x_wconf 88' lang='lat' dir='ltr'><strong>caeteris</strong></span> <span class='ocrx_word' id='word_1_510' title='bbox 2037 4153 2140 4247; x_wconf 87' lang='lat' dir='ltr'><strong>genti·</strong></span> 
     </span>
     <span class='ocr_line' id='line_1_40' title="bbox 130 4250 2140 4350; baseline -0.001 -20"><span class='ocrx_word' id='word_1_511' title='bbox 130 4275 164 4331; x_wconf 94' lang='lat' dir='ltr'><strong>et</strong></span> <span class='ocrx_word' id='word_1_512' title='bbox 178 4258 448 4330; x_wconf 88' lang='lat' dir='ltr'><strong>restitutionem.</strong></span> <span class='ocrx_word' id='word_1_513' title='bbox 498 4250 546 4325; x_wconf 87' lang='lat' dir='ltr'><strong>Et</strong></span> <span class='ocrx_word' id='word_1_514' title='bbox 561 4280 606 4324; x_wconf 91' lang='lat' dir='ltr'><strong>ne</strong></span> <span class='ocrx_word' id='word_1_515' title='bbox 621 4257 827 4329; x_wconf 90' lang='lat' dir='ltr'><strong>dubitarent</strong></span> <span class='ocrx_word' id='word_1_516' title='bbox 850 4252 914 4329; x_wconf 90' lang='lat' dir='ltr'><strong>bas</strong></span> <span class='ocrx_word' id='word_1_517' title='bbox 938 4282 1039 4330; x_wconf 86' lang='lat' dir='ltr'><strong>voces</strong></span> <span class='ocrx_word' id='word_1_518' title='bbox 1055 4260 1112 4329; x_wconf 88' lang='lat' dir='ltr'><strong>di·</strong></span> <span class='ocrx_word' id='word_1_519' title='bbox 1164 4259 1465 4341; x_wconf 89' lang='lat' dir='ltr'><strong>busdiscernant,</strong></span> <span class='ocrx_word' id='word_1_520' title='bbox 1490 4280 1578 4350; x_wconf 88' lang='lat' dir='ltr'><strong>quas</strong></span> <span class='ocrx_word' id='word_1_521' title='bbox 1595 4257 1776 4327; x_wconf 92' lang='lat' dir='ltr'><strong>obcausas</strong></span> <span class='ocrx_word' id='word_1_522' title='bbox 1792 4257 1889 4327; x_wconf 89' lang='lat' dir='ltr'><strong>cruci</strong></span> <span class='ocrx_word' id='word_1_523' title='bbox 1909 4256 2072 4330; x_wconf 85' lang='lat' dir='ltr'><strong>subiecta</strong></span> <span class='ocrx_word' id='word_1_524' title='bbox 2092 4253 2140 4345; x_wconf 73' lang='lat' dir='ltr'><strong>sil,</strong></span> 
     </span>
     <span class='ocr_line' id='line_1_41' title="bbox 129 4356 1979 4453; baseline 0.002 -23"><span class='ocrx_word' id='word_1_525' title='bbox 129 4361 231 4431; x_wconf 90' lang='lat' dir='ltr'><strong>vinas</strong></span> <span class='ocrx_word' id='word_1_526' title='bbox 246 4383 340 4445; x_wconf 90' lang='lat' dir='ltr'><strong>esse,</strong></span> <span class='ocrx_word' id='word_1_527' title='bbox 360 4357 561 4428; x_wconf 89' lang='lat' dir='ltr'><strong>testimonia</strong></span> <span class='ocrx_word' id='word_1_528' title='bbox 574 4356 672 4428; x_wconf 88' lang='lat' dir='ltr'><strong>Deus</strong></span> <span class='ocrx_word' id='word_1_529' title='bbox 688 4359 826 4431; x_wconf 88' lang='lat' dir='ltr'><strong>addidit</strong></span> <span class='ocrx_word' id='word_1_530' title='bbox 840 4361 1003 4452; x_wconf 90' lang='lat' dir='ltr'><strong>plurima.</strong></span> <span class='ocrx_word' id='word_1_531' title='bbox 1038 4358 1127 4431; x_wconf 54' lang='lat' dir='ltr'><strong>Da..</strong></span> <span class='ocrx_word' id='word_1_532' title='bbox 1165 4372 1201 4430; x_wconf 88' lang='lat' dir='ltr'><strong>et</strong></span> <span class='ocrx_word' id='word_1_533' title='bbox 1214 4359 1295 4453; x_wconf 88' lang='lat' dir='ltr'><strong>quis</strong></span> <span class='ocrx_word' id='word_1_534' title='bbox 1309 4358 1354 4428; x_wconf 93' lang='lat' dir='ltr'><strong>sit</strong></span> <span class='ocrx_word' id='word_1_535' title='bbox 1367 4371 1487 4446; x_wconf 88' lang='lat' dir='ltr'><strong>autor,</strong></span> <span class='ocrx_word' id='word_1_536' title='bbox 1512 4358 1593 4452; x_wconf 83' lang='lat' dir='ltr'><strong>qais</strong></span> <span class='ocrx_word' id='word_1_537' title='bbox 1614 4359 1695 4427; x_wconf 88' lang='lat' dir='ltr'><strong>finis</strong></span> <span class='ocrx_word' id='word_1_538' title='bbox 1711 4358 1979 4434; x_wconf 86' lang='lat' dir='ltr'><strong>liberationum.</strong></span> 
     </span>
     <span class='ocr_line' id='line_1_42' title="bbox 130 4457 2140 4556; baseline -0.001 -23"><span class='ocrx_word' id='word_1_539' title='bbox 130 4462 274 4556; x_wconf 87' lang='lat' dir='ltr'><strong>niclqui</strong></span> <span class='ocrx_word' id='word_1_540' title='bbox 287 4460 570 4532; x_wconf 89' lang='lat' dir='ltr'><strong>constantissime</strong></span> <span class='ocrx_word' id='word_1_541' title='bbox 584 4461 780 4532; x_wconf 80' lang='lat' dir='ltr'><strong>affirmabat</strong></span> <span class='ocrx_word' id='word_1_542' title='bbox 795 4485 894 4532; x_wconf 89' lang='lat' dir='ltr'><strong>suam</strong></span> <span class='ocrx_word' id='word_1_543' title='bbox 904 4477 1042 4552; x_wconf 85' lang='lat' dir='ltr'><strong>gentem</strong></span> <span class='ocrx_word' id='word_1_544' title='bbox 1056 4486 1112 4533; x_wconf 87' lang='lat' dir='ltr'><strong>re-</strong></span> <span class='ocrx_word' id='word_1_545' title='bbox 1265 4459 1360 4530; x_wconf 88' lang='lat' dir='ltr'><strong>Huic</strong></span> <span class='ocrx_word' id='word_1_546' title='bbox 1375 4482 1479 4529; x_wconf 88' lang='lat' dir='ltr'><strong>verae</strong></span> <span class='ocrx_word' id='word_1_547' title='bbox 1491 4457 1669 4532; x_wconf 78' lang='lat' dir='ltr'><strong>Ecclesiae</strong></span> <span class='ocrx_word' id='word_1_548' title='bbox 1687 4484 1753 4529; x_wconf 93' lang='lat' dir='ltr'><strong>nos</strong></span> <span class='ocrx_word' id='word_1_549' title='bbox 1767 4461 2017 4550; x_wconf 90' lang='lat' dir='ltr'><strong>adiungamus,</strong></span> <span class='ocrx_word' id='word_1_550' title='bbox 2038 4458 2140 4555; x_wconf 73' lang='lat' dir='ltr'><strong>discs-</strong></span> 
     </span>
     <span class='ocr_line' id='line_1_43' title="bbox 130 4557 2141 4658; baseline -0.001 -22"><span class='ocrx_word' id='word_1_551' title='bbox 130 4566 284 4636; x_wconf 90' lang='lat' dir='ltr'><strong>dituram</strong></span> <span class='ocrx_word' id='word_1_552' title='bbox 302 4585 375 4632; x_wconf 86' lang='lat' dir='ltr'><strong>esse</strong></span> <span class='ocrx_word' id='word_1_553' title='bbox 390 4562 430 4630; x_wconf 87' lang='lat' dir='ltr'><strong>in</strong></span> <span class='ocrx_word' id='word_1_554' title='bbox 447 4561 608 4652; x_wconf 89' lang='lat' dir='ltr'><strong>patriam,</strong></span> <span class='ocrx_word' id='word_1_555' title='bbox 635 4575 793 4634; x_wconf 89' lang='lat' dir='ltr'><strong>servatus</strong></span> <span class='ocrx_word' id='word_1_556' title='bbox 807 4576 858 4635; x_wconf 92' lang='lat' dir='ltr'><strong>est</strong></span> <span class='ocrx_word' id='word_1_557' title='bbox 873 4564 967 4636; x_wconf 89' lang='lat' dir='ltr'><strong>inter</strong></span> <span class='ocrx_word' id='word_1_558' title='bbox 981 4565 1113 4650; x_wconf 88' lang='lat' dir='ltr'><strong>leones,</strong></span> <span class='ocrx_word' id='word_1_559' title='bbox 1163 4585 1243 4634; x_wconf 90' lang='lat' dir='ltr'><strong>mus</strong></span> <span class='ocrx_word' id='word_1_560' title='bbox 1261 4561 1564 4649; x_wconf 89' lang='lat' dir='ltr'><strong>eiusdoctrinam,</strong></span> <span class='ocrx_word' id='word_1_561' title='bbox 1594 4557 1765 4652; x_wconf 81' lang='lat' dir='ltr'><strong>Exempla</strong></span> <span class='ocrx_word' id='word_1_562' title='bbox 1780 4562 1987 4635; x_wconf 86' lang='lat' dir='ltr'><strong>intueamur</strong></span> <span class='ocrx_word' id='word_1_563' title='bbox 2007 4576 2141 4658; x_wconf 82' lang='lat' dir='ltr'><strong>ecquae</strong></span> 
     </span>
     <span class='ocr_line' id='line_1_44' title="bbox 132 4662 2141 4758; baseline -0 -21"><span class='ocrx_word' id='word_1_564' title='bbox 132 4680 166 4737; x_wconf 92' lang='lat' dir='ltr'><strong>et</strong></span> <span class='ocrx_word' id='word_1_565' title='bbox 184 4678 330 4735; x_wconf 89' lang='lat' dir='ltr'><strong>ornatus</strong></span> <span class='ocrx_word' id='word_1_566' title='bbox 346 4676 397 4733; x_wconf 92' lang='lat' dir='ltr'><strong>est</strong></span> <span class='ocrx_word' id='word_1_567' title='bbox 411 4663 491 4732; x_wconf 89' lang='lat' dir='ltr'><strong>aliis</strong></span> <span class='ocrx_word' id='word_1_568' title='bbox 511 4664 721 4733; x_wconf 89' lang='lat' dir='ltr'><strong>testimoniis</strong></span> <span class='ocrx_word' id='word_1_569' title='bbox 736 4663 878 4736; x_wconf 88' lang='lat' dir='ltr'><strong>divinis.</strong></span> <span class='ocrx_word' id='word_1_570' title='bbox 926 4662 1017 4736; x_wconf 91' lang='lat' dir='ltr'><strong>Cum</strong></span> <span class='ocrx_word' id='word_1_571' title='bbox 1034 4664 1111 4737; x_wconf 85' lang='lat' dir='ltr'><strong>Sci·</strong></span> <span class='ocrx_word' id='word_1_572' title='bbox 1163 4663 1326 4736; x_wconf 90' lang='lat' dir='ltr'><strong>timorem</strong></span> <span class='ocrx_word' id='word_1_573' title='bbox 1348 4663 1517 4749; x_wconf 84' lang='lat' dir='ltr'><strong>excitant,</strong></span> <span class='ocrx_word' id='word_1_574' title='bbox 1550 4677 1585 4734; x_wconf 87' lang='lat' dir='ltr'><strong>et</strong></span> <span class='ocrx_word' id='word_1_575' title='bbox 1606 4684 1696 4758; x_wconf 87' lang='lat' dir='ltr'><strong>quae</strong></span> <span class='ocrx_word' id='word_1_576' title='bbox 1717 4664 1822 4734; x_wconf 86' lang='lat' dir='ltr'><strong>fidem</strong></span> <span class='ocrx_word' id='word_1_577' title='bbox 1842 4677 1879 4735; x_wconf 95' lang='lat' dir='ltr'><strong>et</strong></span> <span class='ocrx_word' id='word_1_578' title='bbox 1900 4687 2002 4757; x_wconf 88' lang='lat' dir='ltr'><strong>spem</strong></span> <span class='ocrx_word' id='word_1_579' title='bbox 2022 4664 2141 4736; x_wconf 85' lang='lat' dir='ltr'><strong>confir-</strong></span> 
     </span>
     <span class='ocr_line' id='line_1_45' title="bbox 130 4761 2143 4860; baseline -0.002 -23"><span class='ocrx_word' id='word_1_580' title='bbox 130 4768 190 4860; x_wconf 93' lang='lat' dir='ltr'><strong>pio</strong></span> <span class='ocrx_word' id='word_1_581' title='bbox 205 4761 452 4853; x_wconf 82' lang='lat' dir='ltr'><strong>Carthaginem</strong></span> <span class='ocrx_word' id='word_1_582' title='bbox 466 4764 667 4854; x_wconf 88' lang='lat' dir='ltr'><strong>delevisset,</strong></span> <span class='ocrx_word' id='word_1_583' title='bbox 694 4766 904 4838; x_wconf 87' lang='lat' dir='ltr'><strong>instauravit</strong></span> <span class='ocrx_word' id='word_1_584' title='bbox 919 4790 994 4837; x_wconf 91' lang='lat' dir='ltr'><strong>eam</strong></span> <span class='ocrx_word' id='word_1_585' title='bbox 1002 4766 1112 4838; x_wconf 86' lang='lat' dir='ltr'><strong>Tibe-</strong></span> <span class='ocrx_word' id='word_1_586' title='bbox 1164 4779 1273 4839; x_wconf 88' lang='lat' dir='ltr'><strong>mant.</strong></span> <span class='ocrx_word' id='word_1_587' title='bbox 1324 4763 1376 4834; x_wconf 87' lang='lat' dir='ltr'><strong>lta</strong></span> <span class='ocrx_word' id='word_1_588' title='bbox 1397 4767 1439 4834; x_wconf 87' lang='lat' dir='ltr'><strong>ad</strong></span> <span class='ocrx_word' id='word_1_589' title='bbox 1464 4787 1530 4834; x_wconf 91' lang='lat' dir='ltr'><strong>nos</strong></span> <span class='ocrx_word' id='word_1_590' title='bbox 1552 4764 1592 4837; x_wconf 82' lang='lat' dir='ltr'><strong>et&#39;</strong></span> <span class='ocrx_word' id='word_1_591' title='bbox 1607 4767 1651 4836; x_wconf 91' lang='lat' dir='ltr'><strong>ad</strong></span> <span class='ocrx_word' id='word_1_592' title='bbox 1668 4766 1780 4835; x_wconf 91' lang='lat' dir='ltr'><strong>nostri</strong></span> <span class='ocrx_word' id='word_1_593' title='bbox 1799 4767 1971 4856; x_wconf 87' lang='lat' dir='ltr'><strong>temporis</strong></span> <span class='ocrx_word' id='word_1_594' title='bbox 1987 4765 2143 4838; x_wconf 88' lang='lat' dir='ltr'><strong>certani-</strong></span> 
     </span>
     <span class='ocr_line' id='line_1_46' title="bbox 132 4861 2140 4958; baseline -0 -19"><span class='ocrx_word' id='word_1_595' title='bbox 132 4861 413 4955; x_wconf 85' lang='lat' dir='ltr'><strong>riusGraccbus,</strong></span> <span class='ocrx_word' id='word_1_596' title='bbox 430 4866 489 4934; x_wconf 90' lang='lat' dir='ltr'><strong>sed</strong></span> <span class='ocrx_word' id='word_1_597' title='bbox 507 4865 632 4955; x_wconf 88' lang='lat' dir='ltr'><strong>exiguo</strong></span> <span class='ocrx_word' id='word_1_598' title='bbox 649 4867 849 4958; x_wconf 89' lang='lat' dir='ltr'><strong>intervallo,</strong></span> <span class='ocrx_word' id='word_1_599' title='bbox 866 4868 1112 4940; x_wconf 88' lang='lat' dir='ltr'><strong>eteocolonos</strong></span> <span class='ocrx_word' id='word_1_600' title='bbox 1163 4891 1209 4936; x_wconf 91' lang='lat' dir='ltr'><strong>na</strong></span> <span class='ocrx_word' id='word_1_601' title='bbox 1245 4879 1398 4937; x_wconf 90' lang='lat' dir='ltr'><strong>veterem</strong></span> <span class='ocrx_word' id='word_1_602' title='bbox 1431 4865 1625 4936; x_wconf 88' lang='lat' dir='ltr'><strong>Ecclesiam</strong></span> <span class='ocrx_word' id='word_1_603' title='bbox 1668 4866 1911 4957; x_wconf 86' lang='lat' dir='ltr'><strong>conseramus,</strong></span> <span class='ocrx_word' id='word_1_604' title='bbox 1959 4882 1996 4939; x_wconf 92' lang='lat' dir='ltr'><strong>et</strong></span> <span class='ocrx_word' id='word_1_605' title='bbox 2030 4887 2140 4939; x_wconf 83' lang='lat' dir='ltr'><strong>vocent</strong></span> 
     </span>
    </p>

    <p class='ocr_par' dir='ltr' id='par_1_6' title="bbox 105 4964 2142 5060">
     <span class='ocr_line' id='line_1_47' title="bbox 105 4964 2142 5060; baseline -0 -19"><span class='ocrx_word' id='word_1_606' title='bbox 105 4969 297 5051; x_wconf 77' lang='lat' dir='ltr'><strong>deduxit,</strong></span> <span class='ocrx_word' id='word_1_607' title='bbox 323 4982 356 5038; x_wconf 93' lang='lat' dir='ltr'><strong>et</strong></span> <span class='ocrx_word' id='word_1_608' title='bbox 378 4967 515 5056; x_wconf 90' lang='lat' dir='ltr'><strong>legibus</strong></span> <span class='ocrx_word' id='word_1_609' title='bbox 537 4964 712 5037; x_wconf 88' lang='lat' dir='ltr'><strong>Romanis</strong></span> <span class='ocrx_word' id='word_1_610' title='bbox 733 4971 892 5060; x_wconf 89' lang='lat' dir='ltr'><strong>politiam</strong></span> <span class='ocrx_word' id='word_1_611' title='bbox 916 4971 1111 5055; x_wconf 89' lang='lat' dir='ltr'><strong>constituit,</strong></span> <span class='ocrx_word' id='word_1_612' title='bbox 1164 4964 1419 5060; x_wconf 88' lang='lat' dir='ltr'><strong>Prophetarum</strong></span> <span class='ocrx_word' id='word_1_613' title='bbox 1436 4969 1631 5038; x_wconf 84' lang='lat' dir='ltr'><strong>audiamus.</strong></span> <span class='ocrx_word' id='word_1_614' title='bbox 1662 4965 1830 5037; x_wconf 87' lang='lat' dir='ltr'><strong>Vidimus</strong></span> <span class='ocrx_word' id='word_1_615' title='bbox 1845 4981 1927 5038; x_wconf 87' lang='lat' dir='ltr'><strong>ante</strong></span> <span class='ocrx_word' id='word_1_616' title='bbox 1940 4969 2142 5040; x_wconf 84' lang='lat' dir='ltr'><strong>sexenuium</strong></span> 
     </span>
    </p>

    <p class='ocr_par' dir='ltr' id='par_1_7' title="bbox 130 5064 2144 5472">
     <span class='ocr_line' id='line_1_48' title="bbox 131 5064 2143 5167; baseline -0.002 -25"><span class='ocrx_word' id='word_1_617' title='bbox 131 5096 206 5142; x_wconf 92' lang='lat' dir='ltr'><strong>non</strong></span> <span class='ocrx_word' id='word_1_618' title='bbox 229 5069 368 5141; x_wconf 87' lang='lat' dir='ltr'><strong>reduxit</strong></span> <span class='ocrx_word' id='word_1_619' title='bbox 395 5069 572 5160; x_wconf 88' lang='lat' dir='ltr'><strong>principes</strong></span> <span class='ocrx_word' id='word_1_620' title='bbox 593 5069 778 5162; x_wconf 71' lang='lat' dir='ltr'><strong>civitatis„</strong></span> <span class='ocrx_word' id='word_1_621' title='bbox 795 5094 869 5141; x_wconf 90' lang='lat' dir='ltr'><strong>nou</strong></span> <span class='ocrx_word' id='word_1_622' title='bbox 891 5072 1044 5144; x_wconf 86' lang='lat' dir='ltr'><strong>restituit</strong></span> <span class='ocrx_word' id='word_1_623' title='bbox 1067 5073 1112 5141; x_wconf 92' lang='lat' dir='ltr'><strong>li·</strong></span> <span class='ocrx_word' id='word_1_624' title='bbox 1162 5071 1255 5142; x_wconf 87' lang='lat' dir='ltr'><strong>bella</strong></span> <span class='ocrx_word' id='word_1_625' title='bbox 1269 5083 1365 5142; x_wconf 91' lang='lat' dir='ltr'><strong>mota</strong></span> <span class='ocrx_word' id='word_1_626' title='bbox 1380 5092 1453 5138; x_wconf 89' lang='lat' dir='ltr'><strong>esse</strong></span> <span class='ocrx_word' id='word_1_627' title='bbox 1474 5071 1519 5138; x_wconf 90' lang='lat' dir='ltr'><strong>od</strong></span> <span class='ocrx_word' id='word_1_628' title='bbox 1536 5068 1704 5138; x_wconf 89' lang='lat' dir='ltr'><strong>delendas</strong></span> <span class='ocrx_word' id='word_1_629' title='bbox 1727 5064 1791 5138; x_wconf 90' lang='lat' dir='ltr'><strong>bas</strong></span> <span class='ocrx_word' id='word_1_630' title='bbox 1807 5064 2006 5152; x_wconf 85' lang='lat' dir='ltr'><strong>Ecclesias,</strong></span> <span class='ocrx_word' id='word_1_631' title='bbox 2033 5083 2143 5167; x_wconf 84' lang='lat' dir='ltr'><strong>postas</strong></span> 
     </span>
     <span class='ocr_line' id='line_1_49' title="bbox 131 5168 2143 5263; baseline -0.001 -18"><span class='ocrx_word' id='word_1_632' title='bbox 131 5177 301 5246; x_wconf 86' lang='lat' dir='ltr'><strong>bertatem</strong></span> <span class='ocrx_word' id='word_1_633' title='bbox 317 5186 351 5244; x_wconf 90' lang='lat' dir='ltr'><strong>et</strong></span> <span class='ocrx_word' id='word_1_634' title='bbox 365 5184 500 5239; x_wconf 88' lang='lat' dir='ltr'><strong>veteres</strong></span> <span class='ocrx_word' id='word_1_635' title='bbox 522 5169 625 5259; x_wconf 88' lang='lat' dir='ltr'><strong>leges.</strong></span> <span class='ocrx_word' id='word_1_636' title='bbox 675 5168 724 5243; x_wconf 87' lang='lat' dir='ltr'><strong>Et</strong></span> <span class='ocrx_word' id='word_1_637' title='bbox 744 5172 874 5243; x_wconf 90' lang='lat' dir='ltr'><strong>vicinia</strong></span> <span class='ocrx_word' id='word_1_638' title='bbox 897 5174 985 5244; x_wconf 89' lang='lat' dir='ltr'><strong>laeta</strong></span> <span class='ocrx_word' id='word_1_639' title='bbox 1008 5173 1127 5242; x_wconf 82' lang='lat' dir='ltr'><strong>adiu-.</strong></span> <span class='ocrx_word' id='word_1_640' title='bbox 1164 5185 1197 5244; x_wconf 92' lang='lat' dir='ltr'><strong>et</strong></span> <span class='ocrx_word' id='word_1_641' title='bbox 1228 5171 1444 5262; x_wconf 89' lang='lat' dir='ltr'><strong>corruptelas</strong></span> <span class='ocrx_word' id='word_1_642' title='bbox 1473 5172 1655 5240; x_wconf 88' lang='lat' dir='ltr'><strong>doctrinae</strong></span> <span class='ocrx_word' id='word_1_643' title='bbox 1680 5171 1818 5242; x_wconf 84' lang='lat' dir='ltr'><strong>incusas</strong></span> <span class='ocrx_word' id='word_1_644' title='bbox 1841 5175 2049 5261; x_wconf 89' lang='lat' dir='ltr'><strong>propositas</strong></span> <span class='ocrx_word' id='word_1_645' title='bbox 2068 5193 2143 5263; x_wconf 76' lang='lat' dir='ltr'><strong>esse,</strong></span> 
     </span>
     <span class='ocr_line' id='line_1_50' title="bbox 130 5269 2144 5369; baseline 0 -23"><span class='ocrx_word' id='word_1_646' title='bbox 130 5278 236 5346; x_wconf 90' lang='lat' dir='ltr'><strong>vabat</strong></span> <span class='ocrx_word' id='word_1_647' title='bbox 250 5272 554 5344; x_wconf 82' lang='lat' dir='ltr'><strong>instaurationem.</strong></span> <span class='ocrx_word' id='word_1_648' title='bbox 606 5270 820 5369; x_wconf 90' lang='lat' dir='ltr'><strong>lerosolyma</strong></span> <span class='ocrx_word' id='word_1_649' title='bbox 835 5299 919 5345; x_wconf 90' lang='lat' dir='ltr'><strong>vero</strong></span> <span class='ocrx_word' id='word_1_650' title='bbox 938 5299 980 5345; x_wconf 86' lang='lat' dir='ltr'><strong>ex</strong></span> <span class='ocrx_word' id='word_1_651' title='bbox 1005 5277 1110 5364; x_wconf 90' lang='lat' dir='ltr'><strong>longo</strong></span> <span class='ocrx_word' id='word_1_652' title='bbox 1152 5275 1266 5344; x_wconf 72' lang='lat' dir='ltr'><strong>&#39;multi</strong></span> <span class='ocrx_word' id='word_1_653' title='bbox 1292 5271 1425 5345; x_wconf 91' lang='lat' dir='ltr'><strong>turbati</strong></span> <span class='ocrx_word' id='word_1_654' title='bbox 1445 5285 1480 5342; x_wconf 91' lang='lat' dir='ltr'><strong>et</strong></span> <span class='ocrx_word' id='word_1_655' title='bbox 1502 5272 1660 5343; x_wconf 87' lang='lat' dir='ltr'><strong>distracti</strong></span> <span class='ocrx_word' id='word_1_656' title='bbox 1684 5286 1779 5344; x_wconf 91' lang='lat' dir='ltr'><strong>sunt.</strong></span> <span class='ocrx_word' id='word_1_657' title='bbox 1831 5269 1880 5345; x_wconf 83' lang='lat' dir='ltr'><strong>At</strong></span> <span class='ocrx_word' id='word_1_658' title='bbox 1896 5273 2078 5350; x_wconf 87' lang='lat' dir='ltr'><strong>eluctatur</strong></span> <span class='ocrx_word' id='word_1_659' title='bbox 2098 5289 2144 5347; x_wconf 84' lang='lat' dir='ltr'><strong>ta·</strong></span> 
     </span>
     <span class='ocr_line' id='line_1_51' title="bbox 131 5371 1621 5472; baseline 0.002 -26"><span class='ocrx_word' id='word_1_660' title='bbox 131 5377 320 5450; x_wconf 90' lang='lat' dir='ltr'><strong>intervallo</strong></span> <span class='ocrx_word' id='word_1_661' title='bbox 344 5398 465 5447; x_wconf 89' lang='lat' dir='ltr'><strong>rursus</strong></span> <span class='ocrx_word' id='word_1_662' title='bbox 488 5373 628 5447; x_wconf 90' lang='lat' dir='ltr'><strong>condita</strong></span> <span class='ocrx_word' id='word_1_663' title='bbox 643 5389 713 5468; x_wconf 90' lang='lat' dir='ltr'><strong>est,</strong></span> <span class='ocrx_word' id='word_1_664' title='bbox 740 5400 819 5455; x_wconf 91' lang='lat' dir='ltr'><strong>cum</strong></span> <span class='ocrx_word' id='word_1_665' title='bbox 835 5378 980 5472; x_wconf 86' lang='lat' dir='ltr'><strong>quidem</strong></span> <span class='ocrx_word' id='word_1_666' title='bbox 1001 5377 1112 5448; x_wconf 89' lang='lat' dir='ltr'><strong>vicini</strong></span> <span class='ocrx_word' id='word_1_667' title='bbox 1162 5399 1245 5447; x_wconf 89' lang='lat' dir='ltr'><strong>men</strong></span> <span class='ocrx_word' id='word_1_668' title='bbox 1264 5372 1436 5447; x_wconf 89' lang='lat' dir='ltr'><strong>divinitus</strong></span> <span class='ocrx_word' id='word_1_669' title='bbox 1452 5371 1621 5449; x_wconf 86' lang='lat' dir='ltr'><strong>Ecclesia.</strong></span> 
     </span>
    </p>
   </div>
   <div class='ocr_carea' id='block_1_2' title="bbox 0 0 2280 5748">
    <p class='ocr_par' dir='ltr' id='par_1_8' title="bbox 0 0 2280 5748">
     <span class='ocr_line' id='line_1_52' title="bbox 0 0 2280 5748; baseline 0 0"><span class='ocrx_word' id='word_1_670' title='bbox 0 0 2280 5748; x_wconf 95' lang='lat' dir='ltr'><strong> </strong></span> 
     </span>
    </p>
   </div>
  </div>
 </body>
</html>
