4538 5754
86 224 188 301 ates
289 252 292 261 ·
688 225 754 300 lX.
793 221 1171 301 commuttrtttttt
1197 224 1254 299 IN
1284 219 1528 301 PSALMOS.
1709 287 1722 298 .
2008 226 2107 305 atto

187 393 419 467 Manifestum
434 410 485 468 est
499 410 616 468 autem
640 409 822 492 utrunque
830 408 845 482 ,'
863 410 897 467 et
911 397 992 489 plus
1006 420 1071 465 no·
1122 396 1234 483 vitae,
1259 395 1440 467 sedetiam
1463 391 1646 465 doetrinae
1667 407 1703 466 et
1728 395 1973 469 consiliorum.
2007 396 2106 488 Ma-

86 520 164 569 cere
191 496 409 588 proditores,
443 510 479 567 et
506 498 616 587 magis
645 499 767 569 dolere
797 501 909 569 bonas
938 511 1074 567 mentes
1120 497 1290 569 niiestum
1308 512 1424 569 autem
1450 508 1502 567 est
1519 495 1622 565 valde
1640 496 1793 567 sauciari
1807 498 1970 570 omnium
1991 501 2106 571 bono-

86 623 167 669 rum
188 599 235 668 ab
260 599 384 669 amicis
404 601 636 680 deseruntur,
670 624 778 692 quam
800 603 880 669 cum
898 600 944 670 ab
960 593 1074 669 bosti·
1120 622 1203 670 rum
1217 594 1406 671 bominum
1422 596 1561 665 animos
1576 596 1702 667 talium
1723 599 1918 669 amicorum
1936 592 2118 672 desectio·¹

86 699 153 771 bus
174 712 447 791 oppugnantur,
479 699 564 794 quia
584 699 714 772 iniuria
731 714 870 791 accepta
892 703 939 771 ab
953 699 1075 771 amicis
1120 722 1187 785 ne,
1211 713 1247 770 11
1260 699 1300 768 11
1311 695 1474 770 vEcclesia
1489 697 1623 769 accedit
1639 696 1828 786 singularis
1843 701 1948 772 dolor
1962 716 2108 795 propter

86 822 208 869 resera
230 800 345 869 maior
366 811 430 870 est.
464 797 567 883 .ldeo
590 804 684 893 apud
701 796 914 892 Sophoclem
929 801 987 870 sir
1000 801 1074 870 ior-
1119 801 1345 882 scandalum,
1372 801 1469 893 quod
1486 797 1824 889 perniciosissimum
1841 814 1910 887 est,
1933 816 1976 873 ut
1999 826 2107 894 supra

86 901 131 973 tis
158 914 195 971 et
223 900 471 991 magnanimus
501 897 715 975 Philoctetes
746 902 880 996 iuquit:
923 900 1073 973 Nullum
1121 901 1207 976 dixi.
1258 898 1332 971 Nec
1352 923 1442 991 opus
1468 912 1519 971 est
1540 898 1645 988 longa
1669 899 1958 992 interpretatione
1985 904 2026 974 in
2048 900 2107 977 bis

86 1000 201 1073 maius
218 1014 271 1071 est
287 1002 419 1072 vulnus
435 1024 541 1095 quam
556 1002 632 1074 falli
648 1005 694 1074 ab
716 1005 840 1078 amico.
1121 1002 1293 1097 querelis,
1317 1002 1402 1094 quia
1416 999 1668 1088 intelliguntur
1682 1002 1912 1075 consideratis
1926 1005 2107 1097 exemplis,

187 1101 334 1173 Deinde
348 1101 553 1194 praesertim
572 1104 611 1174 in
626 1101 782 1175 Ecclesia
802 1104 872 1177 late
894 1115 991 1195 patet
1005 1096 1074 1173 boc
1120 1127 1201 1173 cum
1224 1103 1354 1173 similia
1376 1101 1550 1195 patimur,
1585 1113 1626 1173 ut
1653 1101 1726 1171 dici
1756 1103 1863 1175 solet:
1895 1099 2106 1201 παθήματα

86 1202 309 1289 scandalum,
333 1203 417 1298 quia
440 1203 840 1295 impiiconlirmantur,
872 1217 906 1275 et
931 1204 983 1296 pii
1003 1203 1073 1273 im·
1119 1197 1342 1298 μαθήματα.

86 1303 231 1377 becilles
253 1301 345 1373 bunt
370 1304 629 1395 languidiores,
663 1320 723 1377 aut
752 1302 881 1378 borum
912 1304 1072 1395 exemplo
1222 1304 1398 1377 Usitatum
1424 1313 1476 1374 est
1503 1315 1622 1374 autem
1654 1303 1693 1373 in
1718 1304 1849 1376 talibus
1872 1307 2046 1401 querelis,
2070 1320 2106 1380 et

86 1405 256 1477 deliciunt
269 1418 304 1475 et
317 1398 398 1495 ipsi.
451 1403 605 1495 Magnae
625 1408 734 1497 igitur
750 1421 785 1478 et
799 1408 933 1478 multae
949 1427 1073 1476 causae
1120 1405 1426 1495 indignationibus
1449 1405 1596 1474 miscere
1617 1405 1907 1497 imprecationes,
1931 1403 2047 1480 uthis
2065 1409 2106 1482 tit
2239 1406 2243 1413 ’

86 1519 190 1591 sunt,
212 1527 278 1575 cur
298 1506 410 1594 magis
431 1506 633 1593 doleamus,
657 1532 738 1577 cum
755 1509 795 1578 in
815 1504 973 1580 Ecclesia
988 1506 1071 1577 talia
1119 1508 1158 1577 in
1186 1507 1367 1600 aliquibus
1397 1506 1574 1575 versibus:
1613 1497 1728 1577 Perde
1759 1501 1923 1580 Domine
1949 1504 2127 1606 linguas*

86 1606 267 1681 assidunt:
289 1619 329 1676 ut
343 1606 536 1679 multorum
552 1609 752 1683 voluntates
762 1609 951 1680 alieniores
962 1609 1072 1678 factae
1119 1630 1261 1689 eorum,
1286 1600 1507 1677 descendant
1526 1604 1565 1675 in
1582 1604 1770 1705 infernum
1786 1607 1952 1682 viventes.

86 1722 208 1781 sunta
232 1729 313 1775 vera
344 1707 507 1778 doctrina
537 1724 682 1801 propter
710 1710 868 1801 exempla
890 1706 1071 1787 Billicani,
1219 1706 1292 1779 Nec
1314 1709 1417 1778 anxie
1437 1710 1686 1801 quaerendum¹
1700 1722 1752 1779 est
1776 1734 1849 1803 quo
1870 1713 1998 1782 ordine
2016 1706 2103 1782 baec

86 1806 258 1893 Wicelii,
276 1822 319 1879 'et
329 1808 501 1879 similium
517 1812 756 1903 quorundam.
798 1809 869 1882 Sed
885 1804 972 1880 baec
986 1808 1072 1879 sinit
1119 1803 1373 1903 σχετλιαστικᾶ
1399 1810 1609 1892 recitentur,
1649 1809 1688 1877 in
1721 1811 1850 1903 quibus
1884 1807 1953 1884 hoc
1984 1813 2103 1903 ipsum

86 1904 183 1979 Deus
203 1908 380 1994 accidere,
412 1910 719 2007 quiaplerunque
741 1911 927 1982 confidunt
953 1905 1071 1980 bosni·
1119 1911 1398 2001 magnitudinem
1421 1910 1556 1980 doloris
1581 1911 1734 1992 indicat,
1760 1914 1856 2004 quod
1880 1915 1958 1983 sine
1979 1915 2103 2004 singu-

86 2032 148 2079 nes
162 2009 415 2083 coniunctione
429 2011 638 2098 amicorum,
663 2026 697 2083 et
714 2014 868 2103 pendent
882 2035 924 2081 ex
938 2009 1071 2090 amicis,
1117 2012 1185 2082 lari
1213 2034 1297 2082 cura
1324 2011 1463 2081 ordinis
1495 2025 1688 2099 erumpunt
1718 2012 1807 2081 rarii
1839 2013 2003 2098 effectus,
2036 2037 2103 2085 nec

86 2132 123 2182 se
143 2110 259 2183 111111
281 2121 426 2200 peccant
442 2110 636 2184 amicorum
651 2136 783 2200 causa,
810 2113 1072 2205 amplectuntur
1109 2135 1206 2206 opus
1229 2124 1281 2183 est
1299 2115 1344 2182 de
1368 2107 1434 2183 bac
1461 2113 1669 2204 'quaestione
1694 2112 1886 2204 disputari:
1918 2115 1980 2184 An
1998 2115 2104 2187 liceat

86 2212 248 2302 dogmata
263 2210 386 2281 confisi
403 2210 530 2283 alienis
543 2212 695 2297 iudiciis,
716 2228 862 2285 movent
874 2213 966 2285 bella
983 2235 1070 2283 con·
1116 2214 1210 2284 mala
1229 2213 1416 2304 imprecari
1439 2207 1613 2287 hostibus.
1666 2209 1835 2284 Precstur
1861 2214 2009 2305 reprimi
2031 2217 2102 2285 im·

86 2310 138 2382 lisi
174 2312 353 2384 sociorum
384 2311 637 2383 'incertissimis
664 2315 917 2386 voluntatibus.
967 2312 1071 2384 Hane
1117 2316 1174 2407 pia
1197 2315 1358 2386 consilia.
1416 2310 1557 2383 Deinde
1579 2314 1620 2382 in
1643 2314 1805 2405 personis
1828 2312 2018 2386 discrimen
2034 2329 2102 2401 est,

86 2412 249 2483 fiduciam
268 2426 308 2483 ut
325 2412 453 2483 eximat
468 2414 573 2484 nobis
589 2412 703 2501 Deus,
727 2416 900 2489 11111111
921 2413 1069 2484 1111111-
1116 2414 1291 2486 sanabiles
1319 2427 1419 2506 optat
1445 2414 1622 2498 converti,
1654 2416 1715 2484 sed
1745 2412 1970 2507 blasphemos
2001 2420 2102 2507 optat

86 2512 274 2595 cisdeseri.
325 2511 413 2584 Vult
429 2513 523 2584 enim
539 2538 605 2587 nos
620 2515 715 2608 ipsos
727 2518 907 2589 intuentes
920 2516 1068 2585 verbnm
1115 2512 1692 2602 (111111,1111111Ρ111111119.
1722 2511 1857 2596 Dilexit
1879 2518 2100 2590 maledictio·

86 2612 149 2687 [tet
174 2637 259 2697 vero
283 2613 417 2685 iudicio
435 2631 581 2707 propter
601 2616 718 2707 Deum
741 2617 904 2712 amplecti
926 2630 1069 2689 senten·
1115 2641 1217 2703 nem,
1244 2630 1279 2688 et
1301 2615 1420 2687 veniet
1443 2615 1486 2688 ei.
2068 2619 2073 2627 '

86 2715 148 2788 tias
164 2715 339 2786 divinitus
355 2717 520 2787 traditas:
547 2718 624 2789 vult
638 2741 704 2789 nos
723 2742 744 2790 a
761 2719 875 2811 seipso
891 2717 1068 2788 defensio-
1217 2716 1352 2789 Mixtae
1373 2728 1456 2788 sunt
1478 2716 1583 2788 etiam
1606 2717 1798 2807 gratiarum
1822 2720 1993 2794 actiones:
2018 2745 2100 2813 gra·

86 2839 164 2887 nem
188 2828 305 2907 petere
328 2829 362 2886 et
384 2829 583 2907 expectare,
615 2842 691 2891 nou
713 2820 791 2891 vult
806 2845 871 2890 uos
892 2819 1069 2889 confidere
1115 2818 1246 2891 tiarum
1276 2819 1368 2890 actio
1391 2831 1461 2902 est,
1490 2817 1531 2887 in
1559 2841 1630 2911 qua
1658 2819 1788 2892 fatetur
1816 2825 2000 2896 exauditos
2024 2846 2099 2895 esse

86 2912 250 2989 bumanis
268 2917 466 3009 praesidiis.
518 2916 689 2991 Sedemus
703 2921 742 2991 in
761 2917 918 2991 Ecclesia
940 2933 980 2991 ut
993 2921 1068 2989 ioe-
1114 2920 1285 2992 clamores
1298 2943 1395 3006 suos,
1420 2919 1513 3012 quod
1530 2918 1612 2989 ideo
1632 2932 1817 3011 narratur,
1842 2936 1884 2994 ut
1898 2923 1964 2995 Dei
1985 2923 2099 3015 gloria

86 3031 138 3091 tus
152 3020 194 3088 in
209 3018 290 3089 alvo
309 3019 450 3103 matris,
474 3034 509 3090 et
529 3020 702 3093 divinitus
716 3025 955 3104 custodimur,
978 3022 1068 3090 sicut
1114 3021 1329 3106 celebretur,
1354 3035 1389 3094 et
1404 3019 1510 3090 multi
1525 3019 1564 3088 in
1579 3015 1736 3091 Ecclesia
1753 3021 2023 3109 confirmentur,
2048 3025 2099 3096 si·

86 3122 177 3212 apud
191 3115 334 3191 Esaiam
352 3116 599 3212 inquitlleus:
622 3120 698 3212 Ego
720 3123 806 3208 ieci,
830 3146 894 3213 ego
913 3124 1068 3214 gestabo,
1114 3133 1174 3193 cut
1187 3145 1290 3215 saepe
1307 3144 1415 3214 supra
1437 3120 1571 3192 dictum
1586 3133 1657 3207 est,
1682 3120 1766 3193 t'alia
1790 3124 1948 3215 exempla
1968 3125 2097 3217 scripta

86 3242 146 3311 ego
162 3222 323 3291 servabo.
372 3216 421 3291 Et
441 3243 545 3313 saepe
564 3225 733 3312 repetitae
755 3238 838 3295 sunt
858 3220 924 3294 bae
949 3245 1067 3294 voces:
1113 3246 1203 3307 esse,
1228 3237 1269 3294 ut
1290 3222 1398 3292 simili
1419 3221 1488 3291 fide
1510 3234 1545 3293 et
1566 3243 1627 3319 spe
1648 3236 1808 3315 petamus
1827 3235 1862 3293 11
1877 3226 2098 3318 expectemus

86 3319 186 3392 Vana
213 3323 309 3392 salus
336 3315 505 3396 hominis.
557 3321 659 3394 Item:
694 3323 753 3394 llli
780 3324 820 3396 in
850 3327 949 3419 equis
971 3326 1066 3398 etin
1113 3323 1302 3396 auxilium:
1329 3337 1363 3395 et
1377 3337 1522 3414 propter
1536 3318 1628 3394 bunc
1651 3323 1924 3416 applicationem
1945 3325 2097 3399 insertae
2237 3319 2239 3325 ¹

86 3423 268 3508 curribus,
293 3444 360 3493 nos
376 3439 495 3494 autem
516 3447 648 3495 nomen
664 3425 731 3497 Dei
752 3427 866 3497 nostri
884 3428 1065 3498 invocabi·
1112 3439 1196 3498 sunt
1211 3425 1481 3520 promissiones,
1508 3437 1550 3496 ut
1564 3424 1603 3494 in
1625 3419 1693 3494 boc
1713 3424 1855 3495 Psalmo
1871 3427 2097 3501 dulcissimus

86 3545 172 3600 1111.
220 3523 267 3597 Et
280 3523 320 3593 in
337 3521 495 3594 Psalmo:
523 3524 617 3595 lacta
631 3526 670 3595 in
682 3525 797 3597 Deum
814 3551 934 3598 curam
958 3543 1067 3612 tuam,
1113 3524 1773 3616 'versiculusestcoutinensgenerale
1802 3532 2097 3620 praeceptumde

86 3640 117 3701 et
136 3625 212 3717 ipse
224 3626 436 3697 sustentabit
449 3639 494 3696 te.
547 3624 668 3714 Quare
682 3622 742 3697 bic
757 3625 1066 3700 Psalmusdoctri-
1112 3629 1199 3708 fide,
1232 3643 1267 3698 et
1287 3627 1558 3719 promissionem
1579 3626 1814 3719 perspicuam:
1849 3621 1961 3700 Iacto
1987 3652 2098 3726 super

86 3750 126 3798 ua
145 3739 198 3797 est
218 3727 264 3797 de
283 3727 354 3798 tide
378 3723 573 3816 prohibens
598 3728 764 3800 fiduciam
795 3728 1000 3815 hominum,
1032 3743 1066 3801 et
1111 3724 1319 3798 Dominum
1335 3751 1430 3799 onus
1448 3735 1564 3808 tuum,
1591 3735 1622 3795 et
1636 3726 1712 3823 ipse
1726 3735 1758 3797 se
1771 3729 2007 3815 sustentabit,
2033 3755 2096 3803 nec

86 3828 315 3921 praecipiens,
340 3840 383 3898 ut
395 3829 500 3898 etiarn
521 3831 662 3900 cumab
689 3825 897 3901 bominibus
922 3845 958 3902 et
980 3855 1065 3902 cau·
1112 3823 1274 3900 dabitis
1290 3839 1476 3901 aeternum
1487 3826 1767 3926 fluctuationem
1784 3827 1894 3905 iusto.
1993 3842 1998 3849 '

86 3929 128 4001 sis
148 3931 315 4000 secundis
344 3929 560 4013 deserimur,
591 3943 709 4000 tamen
733 3955 753 4001 a
776 3929 853 4002 Deo
879 3932 1065 4003 1111111-
1213 3930 1321 4002 Hunc
1339 3932 1551 4002 versiculum
1573 3930 1758 4021 infigamus
1790 3933 1935 4022 animis,
1962 3931 2096 4005 sedita

86 4031 233 4110 ciamus,
257 4031 316 4101 sed
347 4052 551 4101 maneamus
577 4029 616 4099 in
648 4033 869 4102 confessione
896 4034 1064 4114 veritatis,
1112 4045 1152 4104 ut
1167 4035 1211 4104 ad
1227 4056 1450 4127 unaquoque
1466 4033 1644 4123 pertinere
1659 4056 1739 4102 eum
1756 4035 1949 4111 discamus,
1976 4047 2010 4102 et
2027 4028 2096 4103 boc

86 4146 114 4205 et
135 4130 252 4202 exitus
275 4128 352 4202 Deo
373 4133 682 4216 commendemus,
707 4150 742 4205 et
759 4133 804 4203 ab
827 4159 868 4203 eo
886 4135 1065 4206 defensio.
1113 4147 1297 4226 praecepto
1313 4134 1602 4219 commonefacti,
1626 4134 1695 4203 1111
1710 4147 1744 4205 11
1764 4157 1825 4225 spe
1840 4156 1941 4204 curas
1956 4144 2095 4204 nostras

86 4220 160 4303 neda
184 4245 344 4322 petamus
363 4255 405 4304 ac
431 4237 670 4326 expectemui,
695 4234 791 4306 iuxta
812 4235 920 4305 illud:
950 4234 1064 4307 Com·
1112 4237 1304 4319 leniamus,
1328 4236 1512 4306 credamus
1529 4240 1596 4305 nos
1610 4235 1719 4325 recipi
1734 4248 1769 4305 et
1783 4233 1942 4303 exaudiri
1964 4228 2094 4316 aDeo,

86 4335 208 4407 tuenda
224 4332 302 4404 Deo
318 4333 550 4419 siamtuam,
575 4348 614 4406 et.
625 4334 700 4426 ipse
713 4333 829 4409 saciet.
1111 4358 1292 4429 speremus
1308 4348 1348 4405 11
1372 4350 1593 4426 expectemus
1615 4334 1806 4419 auxilium,
1830 4336 2023 4427 quodcum
2042 4335 2096 4405 fa·

180 4433 224 4504 ln
239 4434 354 4525 primo
377 4449 411 4507 et
426 4438 582 4506 secundo
598 4460 702 4508 versu
725 4434 921 4530 propositio
938 4436 1065 4508 recita·
1112 4440 1264 4522 ciemus,
1295 4437 1516 4528 experiemur
1544 4437 1658 4530 reipsa
1690 4431 1781 4505 bane
1809 4435 1914 4506 fidem
1934 4448 1969 4506 et
1995 4459 2095 4530 spem

86 4551 156 4624 tur,
168 4540 252 4628 'qua
269 4537 358 4626 petit
371 4537 626 4609 defensionem.
913 4618 917 4624 ,
1113 4564 1185 4611 111
1201 4561 1274 4609 esse
1290 4538 1440 4613 irritam.
2210 4544 2213 4549 '

178 4634 375 4730 Sequentes
388 4661 511 4710 versus
524 4639 670 4731 plurimi
687 4639 725 4708 in
742 4652 817 4711 toto
826 4639 966 4711 Psalmo
977 4662 1064 4709 con·
1212 4638 1262 4712 Ut
1277 4654 1393 4713 autem
1410 4663 1511 4732 saepe
1526 4638 1613 4710 alias
1634 4639 1859 4724 monuimus,
1881 4639 1920 4709 iu
1935 4634 1993 4711 bis
2008 4664 2094 4711 con·

86 4739 194 4811 irunt
213 4740 412 4832 querelam,
443 4741 482 4811 in
506 4765 576 4836 qua
600 4743 697 4812 varia
720 4755 804 4813 sunt
819 4741 1065 4834 amplificatio·
1111 4742 1275 4813 ciouibus
1298 4741 1451 4826 1111111,
1482 4740 1666 4811 sciendum
1690 4742 1870 4836 essequid
1892 4741 2094 4816 1111111111

86 4863 141 4913 nes
155 4839 294 4911 doloris
306 4854 343 4913 et
356 4842 595 4929 obiectorum,
616 4842 780 4915 videlicet
794 4842 986 4935 impietatis
1000 4844 1065 4912 ad·
1111 4843 1291 4938 quomodo
1314 4842 1398 4914 iusti
1421 4854 1645 4933 reputemur,
1680 4866 1726 4912 ne
1748 4837 1814 4914 bae
1836 4841 2093 4916 consolationes

86 4941 334 5028 versariorum,
360 4943 549 5030 fraudum,
572 4943 802 5030 insidiarum,
828 4944 1064 5016 simulationis
1110 4946 1335 5016 excutiantur
1365 4942 1495 5014 animis
1515 4944 1603 5015 falsa
1625 4943 1852 5036 persuasione
1883 4945 1928 5014 de
1952 4944 2093 5017 iusticia

86 5041 363 5124 terudelitatis.
416 5041 463 5115 Et
485 5046 634 5137 insignis
662 5059 715 5118 est
741 5046 958 5136 exaggeratio
981 5069 1064 5136 per·
1109 5046 1211 5138 legis:
1239 5046 1333 5116 idem
1349 5041 1407 5116 bic
1427 5069 1572 5131 moneo,
1598 5044 1793 5117 iustosdici
1807 5069 2092 5117 omnesconver·

86 5168 183 5217 onae
203 5144 382 5236 perfidiosi
403 5146 525 5231 amici,
556 5171 576 5219 a
599 5172 672 5242 quo
696 5150 873 5220 desertum
889 5161 922 5217 et
940 5147 1063 5238 prodi·
1109 5171 1166 5219 sos
1186 5148 1229 5217 ad
1245 5144 1383 5233 Deum,
1407 5145 1470 5238 qui
1492 5147 1530 5216 in
1550 5170 1631 5217 vera
1652 5147 1869 5238 poenitentia
1893 5149 2042 5220 credunt
2055 5172 2093 5219 se

86 5271 148 5319 um
172 5269 213 5317 se
237 5269 312 5316 csse
334 5248 518 5342 queritur,
536 5272 617 5321 cum
641 5275 712 5344 quo
734 5264 836 5321 antea
860 5249 1062 5320 coniunctio
1108 5260 1253 5342 propter
1269 5248 1383 5319 111111
1392 5245 1461 5319 Ilei
1476 5248 1583 5337 gratis
1597 5248 1717 5338 recipi,
1741 5262 1776 5320 ct
1791 5245 1976 5319 baselides
1990 5273 2093 5340 prae·

86 5348 182 5423 uerit
196 5370 271 5421 non
287 5349 404 5423 solum
428 5349 580 5424 aliorum
596 5351 848 5441 ,communium
863 5350 1060 5423 officiorum
1107 5352 1225 5424 luceat
1237 5349 1402 5445 petitioni
1416 5349 1560 5441 auxilii,
1585 5373 1651 5423 nec
1673 5350 1841 5422 deterreri
1857 5363 1892 5420 te
1914 5349 2009 5421 sinas
2030 5373 2090 5431 co÷
