4538 5754
96 240 153 316 ,ει
349 193 352 200 ’
662 233 729 312 m
777 218 1233 317 conmmeatum
1262 222 1507 305 manuos.
1971 234 2087 313 rue
2143 236 2147 241 ·
2199 167 2209 215 ³

96 411 197 484 diciis
218 432 294 483 non
317 408 473 495 moveri,
497 421 533 480 et
555 418 677 479 tamen
698 430 838 479 necesse
864 420 917 478 εει
938 405 1043 477 etiam

97 537 222 584 versus
246 512 334 586 tales
350 513 504 585 retinere
513 510 780 593 :confessionem
795 508 971 590 veritatis,
1005 506 1044 576 in

96 640 145 687 nc
159 616 373 689 sententiam
389 609 449 684 hic
466 612 618 686 dicitur:
640 610 757 704 Super
772 633 897 685 omnes
919 609 1042 680 iuimi-

96 742 107 789 ε
125 741 226 789 ιιιεοε
247 718 461 818 prudentem
478 739 535 786 me
551 713 677 790 iecisti.

474 915 497 982 2
519 899 618 974 Nun.

96 1042 278 1113 moerus
302 1035 460 1133 pedibus
481 1044 578 1111 mete
600 1033 752 1110 uerbena
765 1042 894 1124 tumn,
927 1039 964 1106 ct
984 1032 1042 1104 hs·

96 1164 184 1216 men
197 1144 347 1216 semitis
361 1144 470 1215 meis.

137 1294 297 1368 'Primus
316 1317 440 1365 versus
463 1305 500 1366 ει
525 1294 689 1365 doctrina
719 1304 756 1365 et
777 1290 951 1363 confessio
979 1301 1042 1372 est,

96 1400 145 1469 od
164 1409 327 1488 oporteat
340 1396 416 1488 regi
439 1419 506 1467 nos
520 1397 632 1468 verbo
648 1393 735 1482 Dei,
761 1417 837 1465 non
860 1413 1041 1465 commen·

96 1500 138 1571 iis
151 1498 386 1591 opinionibus
400 1498 642 1590 pugnantibus
663 1521 745 1568 cum
761 1499 872 1567 verbo
890 1491 977 1575 Dei,
1001 1506 1041 1565 ut

96 1603 136 1672 bi
161 1624 265 1693 saepe
286 1597 435 1672 dicitur:
461 1597 521 1670 Ad
537 1600 651 1690 legem
668 1601 765 1694 etad
781 1595 1040 1671 testimonium.

97 1728 139 1773 m
154 1697 363 1775 Num.15.:
389 1704 431 1771 ln
452 1701 531 1793 lege
543 1725 622 1772 mea
637 1701 829 1780 ambulate.
877 1723 882 1734 ·

147 1817 336 1889 Secundus
365 1839 487 1888 versus
509 1818 681 1889 confessio
711 1840 791 1888 cum
821 1816 1040 1887 iuramento:

96 1942 131 1989 .·o
157 1932 194 1990 ει
215 1920 432 1990 conservabo
456 1919 661 2002 veritatem,
686 1916 884 1990 custodiam
906 1916 1039 1987 iudicia

96 2018 274 2092 iusticiam
291 2033 409 2108 tuam,
434 2021 558 2106 idest,
581 2021 793 2093 doctrinam.
847 2098 855 2115 ‚

148 2136 295 2209 Tertius
309 2151 361 2211 est
377 2138 521 2232 querela
539 2151 574 2209 et
587 2139 758 2230 precatio.
833 2176 838 2181 ·
857 2211 859 2215 .

146 2254 309 2345 Quartus
322 2256 495 2350 precatio:
523 2251 757 2327 Voluntaria
772 2251 850 2327 oris
864 2252 939 2326 mei
953 2253 1039 2325 bene

96 2365 220 2448 seeum
250 2354 322 2428 tibi
349 2355 531 2440 Domine,
572 2359 704 2446 idest,
739 2359 940 2431 oblationes
966 2357 1038 2427 oris

96 2461 148 2557 i,
168 2460 366 2548 invocatio,
392 2460 586 2545 confessio,
620 2462 824 2554 propagatio
858 2475 894 2533 et
922 2460 1037 2531 studia

96 2561 230 2636 :trinae
253 2563 416 2654 placeant
436 2563 514 2635 tibi.
575 2559 651 2634 Hos
680 2563 796 2634 cultus
818 2562 924 2634 offert
948 2560 1037 2642 Deo,

96 2663 281 2754 signifieat
307 2688 412 2736 veros
442 2666 559 2737 cultus
584 2687 674 2752 esse,
708 2687 784 2735 non
808 2664 1037 2736 mactationes

96 2768 240 2850 ardum,
279 2779 319 2837 ut
342 2763 458 2837 Oscae
481 2763 540 2842 14.
567 2766 715 2838 dicitur:
755 2761 912 2838 Omnem
938 2768 1038 2839 aufer

96 2867 271 2962 quitatem
293 2880 329 2939 ct
342 2869 452 2939 redde
466 2867 622 2956 bonurn,
648 2881 685 2942 et
698 2870 887 2940 reddemus
903 2868 1038 2940 vitulos

96 2971 222 3040 iorum
238 2982 455 3052 nostrorum.

145 3085 305 3176 Quintus
329 3110 452 3158 versus
472 3090 616 3184 querela
641 3101 694 3162 est
709 3091 754 3160 de
775 3087 1037 3182 persecutione:

96 3187 185 3260 ¹ima
215 3210 297 3258 mee
330 3185 370 3257 in
391 3186 567 3261 manibus
590 3188 680 3262 meis
706 3211 864 3289 semper,
897 3191 934 3260 id
966 3204 1037 3272 εει,

96 3316 112 3362 ε
137 3291 178 3361 in
202 3290 353 3360 assiduis
375 3292 543 3382 periculis
563 3307 634 3380 εει,
661 3307 702 3366 ut
730 3291 893 3377 Indicum
917 3296 974 3368 12.
1003 3306 1037 3364 et

96 3392 143 3465 bi.
196 3387 334 3464 Caeteri
350 3416 471 3463 versus
487 3407 571 3466 sunt
592 3394 781 3471 consessio.

431 3578 459 3642 0
471 3558 475 3561 ⁸
486 3562 649 3642 Samech.

96 3701 247 3791 lnipuos
262 3694 348 3770 odio
365 3694 501 3790 tatus,
528 3709 569 3775 et
582 3702 704 3799 legem
717 3710 825 3775 mum
837 3700 971 3774 dileat.

144 3847 287 3920 Primus
321 3874 443 3923 versus
473 3856 647 3926 confessio
681 3869 732 3928 est
758 3850 935 3948 pathetica
970 3855 1034 3924 ad-

99 3973 165 4022 ens
181 3952 400 4022 mentionem
416 3955 498 4024 zeli:
519 3951 547 4024 I
546 3954 678 4056 nsipuos
690 3952 774 4029 odio
787 3950 919 4050 habui,
935 3970 1033 4049 potes

95 4077 177 4139 erc,
203 4055 503 4146 praestigiatores,
529 4058 587 4128 vel
603 4060 881 4131 calumniatores
900 4060 955 4129 vel
974 4083 1032 4129 so-

96 4157 197 4240 ἰειεε,
220 4155 449 4254 impostores.
480 4212 483 4218 .

140 4273 329 4346 Secundus
345 4289 397 4348 εει
413 4277 581 4369 precatio.

140 4387 286 4461 Tertius
303 4417 372 4462 vor
387 4395 631 4468 condemnans
646 4398 879 4470 adversarios.

141 4506 301 4599 Quartus
315 4523 351 4582 et
366 4512 515 4606 quintus
529 4516 684 4606 precatio
701 4529 763 4588 εει.

139 4625 268 4699 Sextus
293 4655 362 4700 vox
385 4633 631 4703 condemnans
654 4635 892 4708 adversarios:
930 4636 1029 4708 Con-

96 4751 154 4801 cas
168 4753 293 4802 omnes
309 4745 375 4806 etr.

135 4845 336 4941 Septimus:
367 4845 481 4925 Velut
501 4873 667 4924 scoreum
690 4847 789 4925 deles
811 4879 935 4928 omnes
957 4856 1028 4928 im·

96 4974 114 5072 ε
142 4943 187 5019 de
211 4957 330 5034 term,
356 4954 461 5026 etiam
476 4979 547 5026 vox
569 4970 622 5028 est
636 4958 880 5030 condemnans
898 4961 1047 5044 adver--

96 5074 154 5126 tos

134 5149 297 5226 Octavus
315 5169 368 5227 εει
382 5154 576 5245 consessio,
601 5160 698 5254 quod
722 5184 798 5233 non
821 5176 1027 5238 contemnat

96 5254 208 5332 icium
223 5251 315 5344 Dei,
329 5256 422 5330 sicut
434 5261 630 5331 adversarii
644 5276 896 5338 contemnunt:
922 5257 1023 5340 Con·

96 5366 204 5432 nata
217 5364 270 5429 ess
288 5380 374 5430 caro
389 5382 471 5431 meu
484 5383 577 5459 pros
591 5361 719 5436 timore
731 5363 800 5442 lui.

1529 393 1555 483 a
1578 392 1665 470 Ain.

1145 539 1236 609 Feci
1259 532 1442 607 iudicium
1470 542 1510 606 et
1529 537 1747 627 iusticiam,
1780 558 1857 611 non
1881 542 2082 634 perentttos

1145 660 1207 711 me
1222 634 1548 711 calumniantibus
1561 659 1634 711 me.

1196 791 1339 862 Primus
1354 814 1476 862 versus
1492 791 1646 884 precatio
1662 805 1697 864 et
1714 789 1887 867 confessio
1902 809 1971 868 est:
1996 789 2081 869 Fa-

1095 890 1151 965 cio
1175 888 1325 991 velseri
1347 887 1524 964 iudicium
1546 901 1578 964 et
1595 889 1799 978 iusticiam,
1823 897 1978 971 affirmat
1998 922 2082 973 cau·
2123 886 2125 890 ’

1094 1019 1170 1067 sam
1185 1018 1258 1066 esse
1273 997 1413 1082 iustam,
1427 1019 1502 1066 non
1514 995 1675 1090 loquitur
1687 999 1731 1067 de
1745 999 1885 1074 iusticia
1898 1022 2082 1091 personae,
2153 1019 2154 1022 ’
2172 998 2176 1005 ’

1095 1111 1130 1168 ει
1144 1097 1394 1170 universaliter
1408 1123 1533 1170 verum
1549 1111 1618 1184 cst,
1643 1099 1798 1191 primum
1821 1115 1984 1193 oportere
2008 1116 2081 1173 sta·
2209 1194 2216 1200 ¹

1095 1214 1193 1271 tuere
1211 1222 1398 1292 personam
1413 1199 1540 1271 iustam
1563 1223 1658 1287 esse,
1683 1216 1830 1295 propter
1844 1203 2081 1277 Mediatorem

1093 1303 1164 1373 fide
1186 1302 1313 1392 gratis,
1338 1325 1403 1394 per
1417 1302 1718 1390 misericordiam,
1744 1304 1841 1377 iuxta
1857 1306 1965 1378 illud:
1994 1300 2080 1377 Non

1093 1405 1342 1476 iustificabitur
1366 1403 1405 1475 in
1427 1418 1615 1495 conspectu
1640 1417 1703 1476 tuo
1717 1406 1835 1478 omnis
1850 1408 1992 1495 vivens,
2017 1408 2080 1479 sed

1093 1505 1274 1579 iustificati
1306 1506 1374 1577 fide
1405 1523 1526 1598 pacem
1552 1502 1743 1589 babemus,
1777 1533 1868 1602 quaa
1896 1511 1990 1582 dicta
2021 1509 2079 1580 lo·

1094 1623 1255 1704 quuntur
1271 1609 1316 1679 de
1329 1607 1469 1681 iusticia
1481 1630 1664 1708 personae.
1705 1607 1823 1682 Simul
1839 1623 1957 1683 autem
1971 1634 2080 1703 opor-

1093 1724 1144 1782 tet
1158 1734 1231 1782 esse
1248 1709 1424 1782 iusticiam
1446 1712 1562 1782 bonae
1584 1711 1821 1783 conscientiae
1835 1712 1874 1782 in
1890 1713 2015 1801 nobis,
2040 1713 2079 1782 id

1092 1827 1162 1897 est,
1185 1815 1321 1884 bonum
1336 1812 1572 1911 propositum.
1607 1807 1666 1883 Ad
1680 1812 1719 1883 id
1734 1813 1890 1905 pertinet
1903 1810 1971 1886 hoc
1988 1838 2080 1910 quo·

1091 1938 1162 2011 que
1178 1938 1403 2009 nequaquam
1419 1914 1510 1984 velle
1524 1915 1716 1986 defendere
1727 1915 1834 1988 falsas
1848 1917 2049 2017 opiniones.

1192 2047 1247 2120 Ac
1266 2044 1417 2149 phrasis
1447 2049 1706 2136 consideretur:
1745 2044 1866 2122 Facio
1889 2046 2079 2134 iudicium,
2167 2039 2171 2045 ¹

1092 2154 1215 2238 idest,
1240 2153 1373 2222 damno
1395 2163 1430 2222 et
1441 2151 1539 2243 fugio
1555 2151 1711 2242 iniusta,
1735 2145 1858 2225 Facio
1879 2151 2077 2239 iusticiam,

1091 2256 1130 2326 id
1151 2268 1204 2325 cst
1219 2253 1378 2346 approbo
1402 2268 1437 2325 et
1457 2254 1540 2324 volo
1557 2255 1668 2341 iusta,
1694 2256 1821 2342 idest,
1845 2253 1958 2327 aDeo
1976 2267 2094 2349 prae-'-

1090 2369 1210 2448 cepta,
1233 2357 1285 2428 ita
1298 2369 1334 2427 ct
1347 2358 1392 2426 de
1405 2355 1544 2427 iusticie
1557 2379 1680 2428 causae
1695 2357 1874 2451 loquitur,
1898 2355 2006 2429 Facio
2019 2357 2078 2430 iu·

1091 2458 1225 2530 dicium
1247 2472 1282 2529 ct
1305 2458 1500 2546 iusticiam,
1525 2456 1617 2530 sicut
1639 2471 1674 2529 ct
1697 2457 1830 2531 Paulus
1852 2458 1954 2531 dicit:
1980 2456 2079 2531 Haec

1090 2574 1143 2633 est
1166 2559 1331 2651 gloriatio
1355 2573 1494 2643 nostra,
1519 2560 1729 2651 approbatio
1750 2560 1987 2634 conscientiae
2008 2585 2078 2634 no·

1089 2676 1193 2735 strae.
1247 2661 1352 2734 ltem:
1379 2660 1421 2734 Si
1441 2661 1522 2755 quis
1543 2661 1736 2752 gloriatur,
1763 2662 1803 2732 in
1817 2661 1976 2736 Domino
1999 2664 2078 2757 glo-

1089 2766 1213 2836 rietur.
1273 2760 1379 2834 Item:
1395 2760 1538 2835 ·Probet
1567 2764 1814 2861 unusquisque
1841 2790 1933 2859 opus
1958 2788 2076 2838 suum.

1088 2866 1231 2938 caeteri
1251 2878 1374 2937 versus
1390 2879 1474 2937 sunt
1496 2866 1725 2958 precationes.
1784 2864 1827 2937 ln
1849 2881 1949 2941 serto
1970 2889 2077 2939 versu

1089 2983 1142 3042 est
1157 2961 1284 3049 πάθος
1305 2969 1350 3039 de
1371 2991 1491 3053 mora,
1517 2968 1619 3063 quasi
1642 2970 1755 3054 dicat,
1779 2991 1911 3064 quaeso
1932 2993 1979 3040 nc
1992 2969 2076 3044 diu-

1089 3072 1159 3143 tius
1186 3070 1331 3141 differas
1359 3068 1552 3162 auxilium,
1595 3071 1665 3142 nisi
1694 3070 1815 3144 statim
1842 3071 1934 3144 seres
1960 3093 2077 3164 opem,

1090 3174 1227 3245 deletur
1243 3185 1317 3245 tota
1332 3169 1501 3244 Ecclesia.
1633 3180 1635 3184 ’

1530 3354 1553 3420 n
1579 3340 1642 3414 Pe.

1136 3476 1338 3552 Mirabils‘o
1359 3480 1581 3551 testimonio
1602 3483 1692 3564 tuo,
1727 3474 1815 3551 ideo
1833 3482 2000 3554 semovit
2028 3500 2075 3553 eo

1136 3586 1386 3654 animemed.
2043 3625 2045 3630 -

1187 3731 1329 3804 Primus
1339 3754 1460 3803 versus
1470 3731 1655 3824 oppositus
1671 3744 1724 3803 est
1738 3726 1918 3806 humanae
1931 3736 2074 3829 sapien-

1085 3835 1172 3921 tiae,
1194 3849 1229 3908 ct
1248 3848 1299 3906 cst
1320 3836 1479 3907 laudatio
1502 3834 1685 3906 doctrinae
1706 3831 1795 3922 Dei,
1821 3836 1859 3906 id
1883 3851 1953 3925 est,
1979 3861 2074 3910 asse-

1085 3938 1237 4023 veratio,
1270 3939 1366 4030 quod
1389 3939 1436 4008 sit
1459 3960 1543 4007 vcra
1565 3950 1600 4008 et
1623 3936 1763 4022 efficax,
1793 3938 1933 4012 etiamsi
1955 3953 2073 4034 spreta

1084 4053 1136 4111 est
1150 4035 1317 4111 humanis
1338 4039 1498 4126 iudiciis,
1521 4033 1730 4109 Mirobs'ls‘a
1749 4049 1838 4111 sunt
1861 4038 2073 4111 testimonio

1084 4152 1162 4224 tuo,
1187 4143 1311 4228 idest,
1337 4155 1421 4213 sunt
1434 4165 1582 4229 arcana,
1608 4154 1671 4212 tua
1686 4141 1850 4212 doctrina
1865 4156 1918 4214 εει
1931 4166 2071 4230 arcana,

1084 4260 1118 4318 et
1134 4258 1252 4317 tamen
1263 4267 1344 4313 vera
1361 4256 1395 4314 et
1412 4244 1533 4315 efficax
1550 4243 1762 4314 mirabiliter
1777 4256 1917 4334 praeter
1929 4243 2072 4336 opinio-

1083 4371 1164 4417 nem
1181 4346 1340 4417 rationia
1392 4343 1559 4417 Humana
1581 4343 1753 4435 sapientia
1766 4340 1874 4418 babet
1897 4367 1978 4419 suas
1994 4369 2072 4421 me·

1082 4462 1154 4535 tas,
1178 4472 1253 4519 non
1270 4448 1402 4519 iudicat
1417 4461 1497 4538 post
1511 4462 1662 4520 mortem
1680 4458 1811 4518 restare
1825 4447 1933 4519 aliam
1947 4448 2069 4535 vitam,

1080 4552 1141 4622 sed
1166 4551 1315 4621 verbum
1336 4545 1418 4619 Dei
1437 4550 1589 4621 affirmat
1613 4559 1744 4618 restare
1757 4547 1864 4620 aliam
1880 4549 2012 4633 vitam,
2035 4563 2072 4622 et
2187 4616 2191 4623 .

1080 4654 1150 4724 lide
1165 4653 1340 4746 accipiens
1348 4654 1505 4725 verbum
1528 4664 1564 4723 et
1576 4648 1653 4722 Deo
1669 4652 1834 4738 credens,
1858 4653 1966 4724 sentit
1984 4674 2072 4725 con-

1079 4755 1290 4827 solationem
1320 4767 1355 4825 ct
1390 4755 1519 4840 vitam,
1563 4774 1599 4826 ct
1631 4752 1790 4844 agnosdt
1820 4754 1971 4825 verbum
2001 4751 2071 4827 Dei

1079 4881 1203 4929 verum
1227 4870 1264 4929 et
1284 4856 1405 4927 efficax
1426 4878 1520 4948 esse,
1554 4856 1605 4927 sic
1634 4853 1792 4928 humana
1822 4854 1997 4949 sapientia
2028 4856 2070 4927 in

1078 4959 1166 5033 Saul
1180 4959 1372 5047 existimat,
1397 4982 1416 5030 a
1431 4980 1513 5048 rege
1534 4958 1640 5030 facile
1656 4981 1770 5029 unum
1791 4958 1929 5031 exulem
1945 4957 2070 5052 oppri-

1078 5062 1129 5133 mi
1152 5086 1272 5156 posse,
1296 5062 1364 5133 sed⁴
1381 5062 1501 5133 David
1524 5062 1674 5132 credens
1698 5058 1810 5131 verbo
1825 5058 1912 5154 Dei,
1943 5061 2011 5133 scit
2031 5083 2069 5131 εε

1077 5188 1179 5256 posse
1193 5164 1337 5237 servari.
1388 5162 1448 5237 Sie
1462 5161 1571 5237 totius
1590 5152 1771 5236 Ecclesiae
1785 5163 1985 5255 exemplum
2007 5161 2069 5231 iu·

1077 5279 1257 5359 tueamur:
1276 5262 1441 5340 bumana
1460 5263 1640 5358 sapientia
1664 5265 1704 5336 in
1726 5265 1869 5355 regibus
1892 5263 2069 5335 existimat

1076 5390 1113 5439 se
1127 5369 1231 5442 facile
1248 5370 1370 5442 delere
1384 5392 1486 5466 posse
1499 5365 1718 5461 Ecclesiam,
1741 5369 1803 5440 sed
1818 5363 1982 5439 Ecclesia
1999 5363 2066 5437 scit
2131 5377 2136 5388 ’
