4538 5754
114 258 189 362 ldb
391 204 602 349 scutata
628 263 705 341 PH.
727 257 844 337 Mat.
870 260 939 337 tn
962 260 1092 339 HlS'l'.
1117 256 1263 338 PROF.
1287 256 1355 333 ET
1380 259 1572 381 PHILOS.
1594 259 1914 340 secernant.
2069 263 2145 338 486

118 429 301 529 cicelode
316 445 457 517 vitiosis
480 439 683 513 rationibus
706 435 925 515 iudicandis,
956 433 1020 504 ubi
1041 457 1106 502 vo-
1157 443 1274 503 autem
1290 432 1435 504 affectus
1449 435 1598 508 deceant
1624 437 1663 506 in
1685 461 1896 529 unaquaque
1917 459 2039 520 causa,
2065 436 2144 506 sine

121 556 190 627 luit
205 547 390 642 complecti
405 546 585 616 dialectica
603 551 787 632 praecepta
803 539 880 607 eius
898 536 963 611 rei.
1014 532 1104 604 Cum
1157 535 1353 626 praeceptis
1365 536 1447 604 sciri
1464 549 1597 624 potest,
1623 563 1683 608 reo
1707 538 1947 607 misericordia
1969 561 2059 627 opus
2080 552 2143 619 est,

123 671 240 728 autem
257 646 490 742 peccatumin
512 643 657 713 materia
682 640 880 730 argumenti
905 651 974 721 est,
997 634 1107 706 dilui·
1156 649 1338 705 accusator
1367 639 1484 706 studet
1513 639 1635 706 odium
1668 640 1899 708 inflammare.
1958 637 2071 708 Porro
2101 663 2143 707 ex

124 774 183 829 tur
205 767 265 825 ant
289 774 353 844 per
375 747 661 827 distinctionem,
685 755 746 811 aut
766 764 829 831 per
843 737 1107 809 inficiationem.
1158 738 1287 828 quibus
1301 738 1459 806 lontibus
1484 739 1661 809 ducantur
1684 741 1847 818 affectus,
1875 754 2001 809 natura
2022 765 2142 809 rerum

125 854 302 944 Ambigua
321 849 570 938 distinguendo
586 844 836 935 explicantur..
856 839 1026 909 inficiatio
1044 861 1108 906 au·
1158 838 1372 907 consulenda
1389 853 1457 923 est,
1483 863 1700 933 quanquam,
1727 866 1807 911 cnm
1821 844 1898 912 sine
1915 855 1989 910 arte
2004 842 2143 933 perspi.

125 975 196 1029 tem
225 953 332 1025 babet
358 953 497 1020 eosdem
520 949 637 1025 locos,
667 967 755 1035 quos
782 945 820 1011 in
842 939 1109 1010 confirmatione
1158 941 1253 1008 ciant
1269 952 1524 1023 assentatores,
1549 942 1681 1032 quibus
1703 945 1808 1012 rebus
1825 943 1935 1011 animi
1953 939 2142 1010 hominum

127 1059 331 1152 posuimus,
364 1053 581 1122 voluntatem
612 1060 647 1117 et
670 1045 889 1124 facultatem,
921 1055 961 1111 ut
983 1039 1107 1111 Cicero
1158 1040 1345 1129 capiantur
1359 1054 1421 1111 aut
1439 1041 1642 1127 irritentur,
1666 1044 1769 1112 facile
1788 1045 1823 1113 id
1842 1069 1983 1138 quoque
2006 1042 2142 1113 videbit

118 1152 423 1232 ostenditMiloni
440 1150 656 1221 voluntatem
673 1161 705 1216 et
719 1146 918 1215 facttltatem
935 1142 1108 1211 insidian·
1158 1155 1290 1210 orator.
1316 1138 1406 1209 Nam
1418 1143 1653 1212 urbanissime
1668 1168 1707 1213 ac
1720 1146 1993 1236 prudentissime
2007 1145 2141 1213 dictum

127 1263 165 1333 di
184 1259 313 1331 Clodio
332 1254 494 1325 defuisse.
545 1248 760 1338 Negabimus
782 1246 891 1335 igitur
911 1244 992 1324 illa,
1018 1265 1109 1335 quae
1159 1256 1220 1327 est,
1246 1238 1458 1312 rhetoricam
1476 1245 1684 1335 particulam
1703 1270 1776 1316 esse
1791 1250 1855 1338 τῆς
1873 1249 2142 1335 κολακευτικῆς.

129 1362 368 1439 obiiciantur,
402 1370 437 1425 et
463 1372 684 1444 opponemus
709 1349 882 1429 rationes,
911 1368 1003 1437 quae
1027 1344 1108 1410 red·
1309 1346 1338 1403 1
1526 1417 1535 1433 .
1590 1419 1598 1435 ·
1631 1419 1673 1438 ..
1722 1421 1730 1437 ο

130 1468 217 1537 dant
247 1456 474 1529 verisimilem
506 1451 769 1522 inficiationem.
834 1445 882 1518 Et
911 1446 992 1538 quia
1022 1467 1109 1531 pon·
1437 1416 1496 1485 De
1520 1413 1729 1489 Wt'ttitcwlt
1755 1425 1875 1488 statu.

51 1552 59 1572 ‘
132 1561 312 1637 iecturalis
352 1571 462 1626 status
506 1557 736 1645 plaernmque
779 1545 885 1619 habet
927 1545 1119 1636 probatio--

131 1691 195 1739 nes
233 1686 307 1733 non
343 1657 571 1739 necessarias,
620 1655 681 1722 sed
719 1665 855 1720 tantum
895 1646 1109 1740 probabiles,

130 1772 211 1838 ideo
228 1759 390 1833 homines
405 1756 579 1847 ingeniosi
592 1754 693 1822 facile
718 1752 872 1842 reperire
895 1760 1043 1839 possunt
1069 1770 1109 1812 ex
1132 1738 1136 1909 ἱ

130 1871 254 1941 iisdem
270 1862 356 1932 locis
371 1870 576 1948 argumenta
598 1856 636 1922 in
656 1869 842 1946 utramque
859 1864 1004 1940 partem.
1056 1849 1110 1916 Ac

127 1974 201 2040 lere
223 1961 416 2055 disputatio
440 1972 511 2028 tota
532 1959 576 2026 de
597 1955 706 2046 signis
731 1967 801 2037 est,
827 1949 885 2021 bic
907 1951 1027 2019 valent
1043 1944 1109 2017 ho·
1133 1912 1136 1986 l

126 2073 242 2140 mines
267 2063 386 2133 callidi
409 2074 443 2131 et
464 2057 615 2150 copiosi,
651 2056 713 2149 qui
735 2055 832 2143 signa
856 2051 975 2121 variae
997 2051 1110 2119 inter·

125 2168 258 2263 pretari
279 2165 415 2246 sciunt,
444 2176 479 2230 et
507 2159 620 2229 varias
645 2178 764 2225 causas
791 2155 974 2242 signorum
1002 2174 1109 2243 quae-

125 2296 212 2344 rere.
264 2264 447 2357 Nusquam
463 2261 557 2329 enim
578 2258 695 2326 verius
711 2270 781 2339 est,
806 2256 900 2346 quod
926 2253 1015 2321 dixit
1033 2247 1107 2320 Eu·

124 2373 279 2465 ripides,
322 2387 429 2457 quam
463 2355 590 2429 innoc
614 2380 759 2447 genere,
794 2351 867 2426 ἀλλ’
894 2350 929 2424 οἱ
949 2345 1109 2451 kdyoecce

124 2460 443 2547 καταπαλαίουσιν
462 2456 606 2558 λόγους.
660 2456 767 2529 Ratio
782 2456 954 2525 rationem
973 2454 1110 2537 evertit,

124 2589 164 2646 ut
178 2573 286 2659 vulgo
299 2566 448 2648 dicunt,
475 2562 628 2632 rationes
644 2572 764 2629 contra
783 2558 949 2628 rationes.

226 2668 275 2742 Et
291 2680 436 2760 propter
455 2661 668 2734 contrariam
692 2659 874 2748 signorum
900 2658 1110 2745 interpreta-

123 2779 284 2858 tionem,
310 2771 382 2840 duo
401 2763 596 2858 peculiares
621 2760 692 2831 loci
714 2762 898 2831 adduntur
920 2756 1109 2828 defensori.

122 2874 301 2956 Inversio,
326 2892 407 2940 cum
424 2870 591 2937 docemus
615 2863 756 2953 signnm
780 2860 837 2929 vel
860 2883 999 2929 cattsam
1024 2881 1110 2926 con·

22 2959 25 2973 .
122 2995 176 3049 tra
193 2999 258 3047 nos
282 2972 450 3055 allatam,
476 2959 540 3060 pro
564 2965 669 3035 nobis
694 2966 828 3046 facere,
851 2963 881 3030 si
905 2958 1109 3030 occidissem

122 3105 198 3151 non
212 3073 448 3168 sepeliissem,
480 3068 598 3141 Satius
619 3066 742 3135 luisset
765 3063 883 3133 statim
907 3062 1029 3130 relicto
1051 3082 1109 3127 ca-

122 3188 251 3257 davere
265 3177 399 3266 lugere.
450 3167 583 3240 Paulus
598 3168 636 3235 in
653 3165 790 3236 Galatis
803 3164 918 3234 utitur
931 3158 999 3230 boc
1013 3161 1109 3228 loco:

121 3278 294 3373 Nunquid
312 3277 367 3344 lex
385 3284 438 3341 εει
454 3273 621 3338 adversus
639 3266 908 3358 promissiones,
933 3263 1108 3355 siquidem

121 3394 225 3472 auget
247 3372 411 3470 peccata?
461 3368 595 3447 Paulus
616 3367 818 3457 respondet:
846 3361 923 3431 lmo
948 3376 1033 3432 tunc
1055 3384 1109 3428 es·
1169 3424 1177 3439 ,

123 3497 176 3554 εει
191 3483 360 3551 adversus
379 3469 632 3563 promissiones
648 3469 715 3549 lex,
735 3466 765 3535 si
780 3465 993 3537 iustificaret.
1019 3460 1110 3531 Nam

121 3587 150 3652 si
176 3585 231 3652 lex
254 3576 477 3654 iustificaret,
505 3565 599 3638 nibil
623 3583 712 3638 esset
731 3589 821 3657 opus
843 3589 936 3635 nova
959 3564 1111 3656 promis·

121 3662 233 3766 sione,
251 3701 341 3773 quae
359 3673 467 3764 gratis
484 3673 660 3762 promittit
676 3667 970 3739 iustificationem.
996 3663 1111 3734 Grae·

121 3789 153 3856 ci
170 3792 299 3854 vocant
314 3770 574 3868 ἀντίστρεφον.

223 3877 415 3953 Absolutiu
434 3890 496 3955 εει,
510 3900 589 3943 cum
607 3874 881 3962 interpretamur
894 3869 1034 3958 signum
1052 3879 1112 3935 aut

123 4009 262 4060 causam
280 3981 385 4051 aliter
403 4001 508 4070 quam
528 3974 769 4056 adversarius,
796 3970 939 4062 sepelii,
965 3970 1024 4038 sed
1044 3968 1112 4034 mi-

121 4084 312 4160 sericordia
351 4088 550 4147 commotus
594 4100 673 4144 cum
714 4073 830 4144 obiter
871 4070 1113 4161 praeterirem.

122 4190 281 4282 Uterque
298 4184 397 4252 locus
412 4178 528 4247 uritur
542 4201 584 4246 ex
597 4175 719 4245 subtili
737 4196 921 4243 causarum
938 4172 1113 4260 interpre-

122 4293 256 4362 tatione
280 4299 314 4354 et
339 4279 659 4364 animadversione.
720 4275 813 4344 Nam
837 4275 945 4344 unius
967 4287 1114 4342 eventus

123 4394 256 4461 multae
271 4400 306 4457 et
324 4383 442 4453 variae
457 4402 581 4451 causae
597 4375 787 4465 excogitari
802 4389 961 4467 possunt.

450 4553 511 4641 De
534 4553 791 4644 peroratione.

229 4687 411 4763 Peroratio
434 4702 487 4756 cst
502 4682 683 4754 conclusio
700 4679 892 4763 orationis,
918 4677 1040 4769 inqua
1058 4700 1115 4744 rc·

127 4798 260 4892 petitur
273 4787 469 4883 propositio
490 4785 709 4876 principalis.
754 4780 869 4852 Tunc
891 4779 986 4848 enim
1010 4802 1115 4846 voca·

128 4919 188 4974 tur
202 4891 419 4990 propositio,
446 4910 526 4959 cum
543 4898 625 4954 ante
641 4884 944 4955 confirmationem
962 4881 1116 4951 colloca·

129 5017 200 5075 tur.
252 4990 443 5068 Conclusio
467 5000 632 5069 vocatur,
664 5010 745 5055 cum
769 4997 851 5074 post
874 4980 1115 5051 confirmatiu-

132 5125 215 5172 nem
232 5095 399 5190 ponitur,
424 5101 464 5158 ut
480 5087 518 5158 fit
535 5088 574 5156 in
596 5087 810 5180 syllogismis
826 5084 927 5173 *apud
956 5081 1116 5150 dialecti-

131 5225 201 5275 cus.
253 5192 385 5268 Omnis
399 5203 515 5261 autem
542 5188 719 5278 peroratio
738 5197 874 5255 constat
900 5183 1037 5252 duabus
1059 5205 1116 5251 re-

1259 1547 1359 1617 Sicnt
1383 1548 1629 1618 coniecturalis
1651 1564 1761 1621 status
1786 1576 1826 1620 ex
1844 1552 2069 1644 quaestione,
2096 1574 2141 1617 an

1158 1648 1203 1717 sit
1231 1648 1380 1734 factum,
1421 1649 1595 1730 nascitur,
1637 1651 1685 1722 ita
1718 1667 1827 1721 status
1857 1653 2067 1721 iuridicialis
2100 1675 2140 1719 ex

1159 1749 1383 1841 quaestione,
1416 1751 1520 1842 quale
1545 1751 1589 1820 sit
1612 1752 1761 1837 factum,
1791 1756 1916 1828 oritur.
1976 1750 2143 1843 Disputat

1159 1850 1275 1934 enim,
1308 1865 1429 1920 utrum
1452 1852 1529 1921 inre
1551 1852 1685 1944 aliquid
1706 1855 1751 1923 sit
1774 1856 1925 1939 factum,
1950 1865 2010 1922 aut
2031 1874 2143 1934 secus,

1160 1953 1278 2043 itaque
1292 1952 1520 2042 appellatura
1538 1953 1654 2023 Fabio
1671 1957 1851 2047 qualitatis
1866 1969 1986 2026 status.
2014 1950 2143 2021 Graeci

1159 2065 1287 2121 vocant
1310 2044 1603 2150 δικαιολόγικον,
1631 2057 1774 2147 quiade
1796 2057 1873 2125 iure
1897 2057 2072 2147 disputat,
2103 2066 2144 2121 ut

1159 2151 1200 2226 C.
1228 2151 1354 2223 Caesar
1376 2177 1450 2220 non
1472 2167 1523 2222 est
1548 2155 1626 2224 iure
1656 2157 1870 2230 interiectus.
1931 2155 2066 2225 lustum
2091 2166 2143 2221 est

1159 2257 1254 2324 fures
1278 2256 1503 2343 suspendere.
1555 2254 1662 2325 Tales
1687 2282 1811 2327 causae
1839 2254 1972 2327 babent
2002 2256 2142 2323 easdem

1160 2369 1276 2445 partes
1290 2356 1479 2438 orationis,
1503 2379 1590 2448 quas
1606 2381 1710 2449 supra
1729 2359 1905 2427 recensui:
1933 2357 2144 2437 Exordium,

1158 2456 1425 2540 Narrationem,
1472 2455 1772 2547 Propositionem,
1813 2457 2145 2537 Confirmationem,

1159 2556 1447 2627 Confutationem
1465 2557 1784 2644 etPerorationem,
1801 2584 1841 2628 ac
1855 2576 2010 2630 caeterae
2027 2571 2144 2647 partes

1160 2682 1234 2726 non
1250 2659 1438 2749 requirunt
1452 2682 1543 2727 nova
1568 2675 1769 2752 praecepta,
1798 2675 1933 2730 tantum
1957 2659 2144 2728 confirma-

1161 2761 1211 2829 tio
1227 2783 1267 2827 ac
1281 2760 1475 2828 confutatio
1493 2754 1625 2832 habeat
1640 2785 1752 2831 novos
1775 2763 1882 2836 locos.
1934 2760 2026 2832 Sunt
2048 2758 2144 2826 enirn

1160 2860 1290 2930 diversi
1315 2860 1384 2929 loci
1408 2862 1628 2930 diversorum
1651 2875 1827 2943 statuum,
1861 2863 1945 2959 quia
1978 2885 2060 2931 vero
2084 2854 2145 2925 hic

1160 2975 1270 3033 status
1287 2975 1381 3031 totus
1401 2976 1561 3031 versatur
1575 2964 1666 3032 circa
1682 2964 1768 3031 iuris
1779 2968 2034 3056 quaestionem.
2060 2958 2145 3028 ldeo

1161 3065 1228 3133 loci
1246 3076 1469 3133 sumuntura
1488 3061 1769 3136 Iurisconsultis:

1331 3163 1478 3238 Natura.

1320 3263 1418 3337 Lex.

1338 3364 1576 3438 Consuetudo.

1263 3468 1448 3558 Aequum,
1476 3469 1631 3553 bunum,
1657 3469 1872 3554 iudicatum,
1897 3484 2049 3560 pactum.
2095 3470 2145 3540 lli

1161 3569 1229 3637 loci
1248 3571 1426 3658 pertinent
1449 3572 1493 3638 ad
1518 3594 1658 3639 cansam
1682 3572 1890 3641 efficientem
1915 3574 2008 3660 apud
2034 3573 2146 3641 diale-

1160 3670 1277 3740 cticos.
1332 3668 1391 3738 lus
1415 3684 1466 3739 est
1489 3673 1584 3739 enim
1610 3675 1706 3763 quod
1728 3674 1918 3763 suscipitur
1941 3674 2145 3762 impellente

1161 3771 1216 3838 vel
1234 3771 1386 3839 naturali
1409 3772 1505 3855 iure,
1531 3772 1586 3839 vel
1610 3774 1738 3861 scripta
1763 3774 1849 3862 lege.
1901 3774 2000 3862 Quid
2025 3776 2068 3842 sit
2090 3776 2146 3843 ius

1161 3885 1328 3950 naturae,
1354 3873 1440 3963 quid
1460 3872 1514 3940 lex
1530 3873 1670 3964 scripta,
1698 3899 1788 3965 quae
1803 3878 2023 3946 consuetudo
2039 3869 2147 3944 habet

1161 3973 1407 4056 autoritatem,
1432 3997 1450 4040 a
1472 3971 1723 4045 lureconsultis
1739 3979 1948 4046 sumendum
1967 3990 2027 4046 est.
2072 3974 2147 4045 Nos

1161 4073 1247 4142 olim
1262 4073 1467 4144 addidimus
1483 4076 1600 4144 locum
1616 4077 1809 4164 religionis,
1836 4080 1894 4146 sed
1914 4078 1950 4144 in
1970 4078 2044 4165 lege
2060 4078 2146 4145 scri·

1162 4187 1220 4267 pta
1235 4171 1487 4266 comprehendi
1506 4190 1631 4267 potest.
1682 4174 1773 4245 Nam
1797 4179 1884 4266 legis
1898 4180 2047 4268 scriptae
2067 4200 2149 4269 spe-

1162 4277 1233 4345 cies
1252 4290 1337 4347 sunt
1356 4277 1413 4345 lex
1436 4279 1558 4346 divina
1580 4292 1614 4348 et
1634 4278 1688 4346 lex
1712 4272 1880 4352 bumana.
1940 4279 2010 4350 Sed
2035 4281 2146 4349 adde·

1163 4399 1246 4459 mus,
1262 4379 1482 4467 exemplum,
1509 4379 1547 4447 in
1571 4403 1643 4470 quo
1665 4380 1763 4447 cerni
1786 4381 1931 4470 poterit,
1966 4384 2149 4474 quomodo

1163 4478 1404 4570 propositione
1419 4478 1631 4565 constituta,
1657 4481 1782 4550 debeat
1796 4505 1833 4549 se
1848 4484 1979 4551 referre
2004 4482 2149 4551 animus

1163 4579 1208 4649 ad
1227 4573 1293 4647 hos
1308 4579 1418 4650 locos.
1468 4578 1632 4672 Suntque
1647 4582 1694 4651 ita
1712 4585 1904 4652 exercenda
1920 4582 2083 4670 ingenia,
2110 4595 2151 4653 ut

1163 4702 1375 4773 quacunque
1399 4681 1606 4773 quaestione
1617 4682 1754 4763 oblata,
1781 4685 1898 4752 statim
1921 4686 2151 4753 decurramus

1164 4805 1227 4871 per
1243 4804 1365 4850 omnes
1379 4781 1487 4866 locos,
1508 4796 1541 4851 et
1558 4783 1831 4866 consideremus,
1858 4809 1899 4854 ex
1915 4785 2045 4876 quibus
2060 4780 2151 4854 ban-

1165 4881 1231 4950 riri
1243 4895 1324 4974 apta
1340 4883 1485 4952 materia
1504 4886 1625 4974 possit.
1666 4881 1747 4953 Non
1763 4885 1857 4952 enim
1875 4909 2012 4976 semper
2028 4887 2150 4954 omni-

1164 4984 1231 5057 hus
1247 4981 1335 5053 locis
1350 4983 1403 5053 uti
1426 5007 1622 5074 possumus.
1673 4983 1744 5054 Sed
1763 4984 1880 5056 idonei
1899 4988 2092 5078 quaerendi
2117 4999 2153 5057 et

1164 5083 1405 5175 amplificandi
1418 5081 1514 5158 s'unt.
2072 5164 2075 5169 ,

1268 5182 1401 5269 luicio,
1428 5198 1540 5255 status
1557 5187 1694 5279 negocii
1711 5210 1772 5257 seu
1795 5187 1992 5280 propositio
2017 5189 2152 5259 consti-

132 5306 218 5382 bus,
245 5294 375 5391 partim
398 5289 607 5381 repetitione
628 5284 880 5378 propositionis
911 5299 946 5354 et
973 5282 1117 5374 potissi·
1165 5286 1297 5357 tuenda
1313 5298 1385 5369 est,
1409 5299 1450 5356 ut
1463 5283 1718 5359 Constantinus
1737 5291 1931 5379 imperator
1950 5301 2043 5357 recte
2056 5290 2153 5374 lecit,

133 5423 274 5475 morum
287 5403 588 5492 argumentorum,
612 5387 744 5481 partim
761 5385 957 5462 effectibus.
983 5382 1116 5474 Quales
1139 5410 1144 5442 ι
1164 5386 1261 5480 qnod
1299 5385 1433 5457 bellum
1468 5385 1610 5459 Licinio
1647 5389 1790 5474 intulit,
1842 5389 2152 5461 defendendorum
