4538 5754
120 184 217 263 tstt
716 173 843 247 PHlL.
869 167 1223 250 transetum
1249 168 1549 248 EXEGETICA.
2060 176 2149 253 1272

122 356 231 438 siam,
258 352 348 421 sicut
365 346 487 419 ludaei
506 347 609 435 plane
627 345 815 416 extinctam
833 346 1008 437 putabant
1031 357 1112 438 post
1161 343 1423 433 obedientiam,
1452 345 1570 437 arguit
1590 358 1732 437 peccata
1751 360 1788 420 et
1810 345 1986 440 proponit
2005 347 2149 418 maledi·

123 469 275 528 mortem
290 447 435 523 Christi.
470 447 580 517 Multi
596 471 692 516 nunc
708 472 852 539 quoque
866 449 1112 539 desperatione
1162 446 1316 529 ctioues.
1347 448 1478 519 deinde
1499 450 1600 519 addit
1623 451 1793 541 quasdam
1815 466 1982 522 aeternas
2000 474 2152 520 ceremo-

123 558 275 652 quadam
291 552 463 624 abiiciunt
478 549 676 619 doctrinam
696 546 903 636 Evangelii,
930 549 1013 643 quia
1038 573 1110 619 me·
1161 547 1239 619 nias
1262 550 1309 619 ad
1326 546 1577 643 paedagogiani
1592 550 1791 638 institutas,
1816 567 1857 624 ut
1874 551 2080 642 significent
2092 551 2150 621 ali·

123 672 230 732 tuunt
253 679 326 725 non
349 655 535 722 duraturas
563 673 636 719 esse
658 644 832 719 Ecclesiae
865 666 1021 735 nostras,
1056 651 1112 719 vel
1162 650 1249 742 quid
1277 653 1323 720 de
1343 666 1485 743 peccato
1508 647 1657 722 humani
1681 653 1839 741 generis,
1872 655 1918 724 de
1943 667 2082 735 morte,
2113 655 2151 725 ds

124 773 271 853 propter
287 753 586 848 persecutionem,
613 752 668 820 vel
691 753 916 843 propteralia
938 753 1112 825 scandala.
1162 764 1311 821 ventura
1334 746 1462 825 hostia.
1514 751 1611 822 Haec
1633 768 1684 824 est
1707 778 1844 825 summa
1867 754 2026 827 Levitici
2050 754 2150 825 mini-

125 860 197 934 Sed
222 858 273 950 pii
293 853 452 944 erigendi
475 866 576 937 suut,
610 867 643 921 et
664 854 835 936 docendi,
868 869 907 925 ut
928 849 1111 923 Christum
1161 853 1272 925 sterii.
1322 849 1478 925 Econtra
1502 879 1586 924 vero
1604 868 1644 926 ut
1659 857 1910 940 ostendamus,
1938 856 2150 950 quidsitsa-
2187 870 2189 877 '

125 960 281 1052 cogitent
303 981 376 1030 esse
396 969 579 1025 aeternum
606 956 841 1043 sacerdotem,
870 967 904 1023 et
924 979 1112 1025 conserva·
1162 955 1359 1024 cerdotium
1378 958 1573 1025 secundum
1591 957 1754 1027 ordinem
1769 952 2063 1043 Melchisedech,
2086 959 2151 1051 pri·

126 1076 247 1133 turum
264 1083 337 1129 esse
353 1056 589 1126 ministerium
604 1052 792 1144 Evangelii
806 1055 874 1127 sui.
908 1054 1015 1126 Hunc
1033 1080 1112 1125 ver·
1161 1080 1260 1126 mum
1275 1057 1554 1126 considerandus
1569 1070 1620 1128 est
1637 1059 1734 1129 locus
1749 1059 1788 1128 in
1805 1055 1951 1130 Genesi.

125 1163 275 1233 siculum
299 1159 404 1230 nobis
436 1180 685 1247 proponamus.
744 1154 802 1224 Tu
826 1180 862 1226 es
886 1161 1049 1227 sacerdos
1074 1158 1112 1225 in
1264 1155 1388 1249 Capite
1412 1157 1473 1229 14.
1505 1160 1555 1229 ait
1587 1173 1719 1244 textus,
1752 1157 2026 1232 Melchisedech
2052 1162 2149 1233 luisse

124 1279 327 1347 aeternum,
351 1275 391 1331 ut
412 1282 479 1328 nos
498 1259 687 1327 admoneat
706 1258 906 1346 pontificem
929 1255 1112 1329 Christum
1163 1260 1379 1329 sacerdotem
1392 1259 1460 1330 Dei
1476 1260 1656 1346 altissimi,
1682 1275 1717 1331 et
1732 1262 1762 1329 is
1776 1263 1958 1333 benedicit
1975 1259 2149 1334 Abraham

124 1390 200 1436 non
214 1365 419 1435 defuturum
434 1383 507 1431 esse
522 1381 605 1427 suae
620 1355 820 1443 Ecclesiae,
842 1360 980 1429 etiamsi
1005 1360 1112 1429 undi-
1162 1360 1326 1431 redeunti
1350 1384 1392 1430 es
1417 1362 1570 1452 praelio,
1596 1377 1675 1453 post
1700 1364 1906 1454 profligatos
1930 1377 2150 1458 quatuorre·

125 1491 194 1560 que
211 1490 231 1535 a
247 1463 408 1547 diabolo,
435 1487 454 1530 a
472 1459 632 1530 fanaticis
653 1459 857 1550 spiritibus,
882 1460 1113 1556 styrannicis
1163 1483 1232 1550 ges.
1284 1459 1467 1553 Principio
1490 1464 1600 1552 igitur
1620 1465 1855 1535 sacerdotium
1878 1467 2080 1536 secundum
2098 1490 2150 1537 or·

128 1566 358 1660 pontificibus
373 1578 406 1633 et
425 1562 503 1630 aliis
520 1574 758 1652 oppugnatur.
1163 1562 1284 1631 dinem
1302 1558 1586 1651 Melchisedech,
1611 1580 1759 1636 testatur
1774 1563 2150 1639 sacerdotiumChristi

228 1665 392 1736 Breviter
406 1657 465 1731 hic
480 1662 585 1731 etiam
603 1664 802 1733 mouendus
818 1676 870 1735 est
885 1662 1006 1744 lector,
1024 1687 1112 1755 quo·
1163 1662 1318 1733 liberum
1335 1688 1409 1735 esse
1427 1690 1446 1734 a
1463 1668 1674 1737 ceremoniis
1688 1665 1874 1750 Leviticis,
1899 1669 1985 1759 quia
2004 1665 2149 1739 Melchi·

127 1769 192 1841 ties
217 1769 256 1839 fit
283 1767 416 1837 mentio
445 1763 606 1854 perpetui
634 1763 734 1852 regni
765 1776 827 1833 aut
856 1764 1044 1835 sacerdotii
1075 1764 1113 1832 in
1163 1758 1292 1834 sedech
1316 1769 1477 1837 sacerdos
1501 1768 1587 1853 fuit,
1620 1781 1809 1861 autequam
1834 1770 2023 1840 institutae
2046 1784 2152 1842 essent

126 1869 331 1958 scripturis,
353 1863 561 1959 significari,
593 1866 688 1958 quod
712 1860 845 1936 Christi
866 1888 1014 1955 regnum
1039 1889 1114 1934 non
1164 1868 1384 1936 ceremoniae
1402 1866 1592 1939 Leviticae.
1659 1868 1779 1957 Quare
1803 1893 1884 1939 cum
1908 1871 1993 1940 illae
2019 1871 2151 1961 ignotae

127 1972 175 2042 sit
194 1972 353 2041 futurum
371 1968 552 2038 mundana
575 1966 792 2052 dominatio,
826 1968 967 2060 qualem
992 1964 1114 2036 ludaei
1164 1966 1298 2037 luerint
1313 1962 1397 2039 huic
1410 1965 1684 2055 Melchisedech,
1698 1970 1802 2041 etiarn
1816 1966 1912 2040 nihil
1927 1972 2151 2063 pertinebunt

127 2072 325 2150 somniant,
350 2070 412 2139 sed
437 2068 482 2138 sit
503 2067 622 2137 lutura
646 2082 787 2139 aeterna
817 2068 955 2138 iusticia
981 2081 1015 2138 et
1034 2068 1115 2152 vita,
1164 2071 1208 2136 ad
1224 2062 1420 2141 Christum.
1473 2067 1523 2142 Et
1539 2067 1607 2142 hoc
1622 2085 1832 2161 argumento
1847 2087 1989 2145 constat
2008 2072 2151 2145 ludaeos

128 2197 219 2267 quae
234 2186 353 2244 nmen
370 2171 410 2238 in
431 2165 497 2239 hac
517 2169 590 2239 vita
606 2193 670 2261 per
686 2169 919 2259 Evangelium
939 2171 1114 2240 incoanda
1164 2169 1324 2240 saniores
1344 2171 1449 2241 valde
1470 2172 1627 2255 moveri,
1651 2197 1731 2243 cum
1746 2174 1932 2265 disputant
1950 2174 2088 2270 requiri
2099 2198 2152 2247 re·

129 2289 194 2348 est.
254 2272 383 2343 Monet
409 2270 495 2341 item
520 2271 565 2339 de
587 2270 764 2356 cultibus,
792 2270 877 2342 Non
900 2294 974 2341 esse
998 2273 1114 2342 cultus
1165 2271 1343 2341 remonias
1358 2295 1451 2344 suas.

128 2373 213 2462 Dei,
245 2398 300 2445 res
333 2373 527 2466 perituras,
565 2372 795 2443 mactationes
825 2375 1020 2464 pecudum,
1054 2386 1116 2444 aut
1267 2369 1454 2461 Secundo,
1481 2373 1597 2462 Quale
1619 2390 1736 2446 autem
1758 2377 1804 2448 sit
1819 2377 2079 2464 sacerdotium,
2098 2376 2148 2448 r'e-

129 2477 334 2547 discrimiua
353 2475 534 2556 ciborum,
558 2475 619 2542 sed
634 2473 752 2543 cultus
763 2474 975 2566 spirituales,
1002 2471 1115 2565 Agni-
1164 2486 1262 2544 moto
1284 2472 1462 2556 Levitico,
1497 2489 1614 2567 postea
1637 2478 1763 2550 dicam.
1814 2477 1965 2548 Necesse
1986 2492 2043 2550 est
2063 2479 2150 2549 euim

131 2579 267 2660 tionem
288 2573 377 2660 Dei,
411 2575 596 2653 timorem,
628 2574 753 2660 fidem,
779 2576 1056 2660 confessionem,
1081 2590 1116 2646 et
1164 2574 1253 2644 alios
1268 2576 1467 2666 spirituales
1483 2578 1599 2648 cultus
1613 2579 1711 2670 poni,
1739 2579 1903 2649 videlicet
1921 2603 2046 2650 veram
2058 2580 2149 2670 agul-

130 2679 323 2768 gratiarum
336 2675 523 2754 actionem,
539 2674 629 2745 sicut
643 2673 774 2747 Paulus
788 2676 923 2770 inquit:
949 2675 1115 2768 Regnum
1165 2674 1298 2745 tionem
1307 2674 1373 2747 Dei
1388 2678 1609 2749 illuscentem
1624 2680 1790 2749 cordibus
1803 2675 2008 2766 hominum,
2034 2704 2148 2752 verum

131 2778 200 2852 Dei
217 2802 291 2848 non
311 2791 363 2848 est
378 2800 472 2861 esca,
498 2799 564 2845 nec
580 2790 702 2867 potus,
728 2780 789 2850 sed
807 2779 966 2865 iusticia,
993 2804 1059 2872 pax
1082 2793 1114 2851 et
1165 2777 1347 2859 timorem,
1374 2780 1500 2864 fidem,
1526 2781 1811 2865 invocationem,
1838 2783 2099 2854 confessionem
2117 2792 2148 2852 et

131 2882 301 2973 gaudium
319 2879 358 2948 in
374 2877 512 2970 Spiritu
528 2892 661 2950 sancto.
820 2900 850 2951 ο
1164 2878 1416 2951 obedientiam.
1470 2879 1541 2953 Sed
1557 2881 1654 2971 prius
1667 2882 1712 2950 de
1726 2906 1874 2973 persona
1888 2883 2022 2959 dicam.
2070 2883 2144 2954 Hie·

484 3045 492 3064 .
732 3045 740 3064 ,
863 3038 867 3045 .
1165 3003 1336 3074 ronymus
1365 2983 1409 3050 ad
1434 2977 1628 3071 Evagrium
1653 2997 1745 3053 recte
1768 2978 2001 3073 reprehendit
2027 2982 2146 3075 Orige-

182 3044 389 3121 secundum
407 3043 571 3119 ⁰'dm‘m
586 3040 877 3122 M⁶¹⁶h¹⁸⁶d⁶⁶h·
1165 3105 1265 3165 uem,
1297 3083 1360 3175 qui
1381 3084 1522 3174 scripsit
1546 3079 1807 3153 Melchisedech
1831 3085 1940 3156 fuisse
1962 3087 2146 3176 Angelum,

230 3186 313 3259 Nou
341 3201 392 3259 est
425 3185 553 3256 usitata
580 3179 667 3254 haec
694 3182 885 3274 descriptio
917 3184 1116 3262 sacerdotii.
1165 3196 1199 3252 et
1223 3176 1315 3252 hauc
1334 3186 1546 3254 sententiam
1566 3185 1615 3255 ait
1638 3200 1795 3257 secutum
1812 3209 1885 3256 esse
1899 3187 2145 3281 Didymumet

129 3293 322 3361 secundum
340 3287 503 3360 ordinem
520 3309 583 3357 seu
597 3287 707 3357 ritum
725 3309 787 3357 seu
803 3309 935 3355 morem
959 3280 1114 3354 Melchi·
1165 3286 1336 3376 quosdam
1353 3287 1451 3359 alios.
1503 3285 1643 3355 Deinde
1657 3287 1757 3357 addit
1773 3288 1983 3358 sententiam
1995 3286 2145 3360 Ebraeo·

129 3387 267 3463 sedech.
319 3389 408 3460 Nam
431 3387 629 3458 Leviticum
654 3387 887 3458 sacerdotium
912 3386 1113 3457 institutum
1164 3409 1265 3469 rum,
1304 3387 1365 3478 qui
1395 3388 1611 3479 scripserunt
1638 3383 1902 3458 Melchisedech
1932 3390 2045 3459 fuisse
2072 3389 2144 3463 sen

129 3506 182 3564 est
208 3493 317 3561 verbo
339 3490 426 3574 Dei,
454 3504 486 3558 et
514 3501 640 3557 notum
666 3501 719 3557 est
752 3512 793 3556 ex
816 3488 1114 3578 descriptionibus
1163 3487 1275 3556 filium
1292 3485 1428 3562 Nohae.
1480 3488 1628 3561 Constat
1651 3490 1745 3558 enim
1762 3515 1803 3559 ex
1818 3491 1927 3561 sacris
1943 3490 2145 3563 literisSem

128 3594 253 3664 multis
270 3593 308 3659 in
325 3591 399 3681 lege
421 3589 572 3662 traditis.
623 3587 708 3660 Ideo
732 3584 791 3657 hic
812 3601 927 3659 textus
951 3613 1113 3679 magnam
1163 3588 1290 3658 vixisse
1317 3613 1431 3659 annos
1454 3605 1656 3680 sexcentos,
1690 3615 1841 3684 cumque
1863 3606 1954 3663 esset
1974 3593 2146 3664 musuni-

128 3695 224 3787 parit
241 3692 513 3764 admirationem
536 3691 704 3762 omnibus
726 3691 814 3784 quid
833 3691 902 3760 sibi
919 3692 1005 3760 velit
1028 3686 1113 3761 haec
1162 3712 1241 3759 mus
1263 3713 1338 3760 mos
1361 3692 1487 3783 primis
1509 3693 1687 3783 patribus,
1711 3695 1773 3786 qui
1798 3708 1941 3785 accepto
1965 3696 2076 3765 verbo
2094 3694 2145 3763 di·

128 3797 298 3867 inusitata
315 3793 516 3885 descriptio.
550 3789 603 3862 Ac
624 3793 707 3863 satis
730 3805 875 3883 apparet
898 3786 1112 3884 Prophetam
1162 3792 1297 3861 vinitus
1318 3794 1401 3862 facti
1424 3807 1525 3863 erant
1551 3795 1734 3886 pontifices
1759 3803 1794 3876 e't
1817 3796 1981 3867 doctores
2004 3791 2145 3866 humani

128 3897 372 3990 spiritualibus
395 3896 524 3980 oculis,
547 3906 581 3965 et
603 3896 716 3964 multo
738 3895 844 3964 altius
865 3895 1113 3984 introspexisse
1161 3893 1321 3982 generis,
1347 3896 1448 3987 quasi
1465 3919 1528 3985 per
1544 3919 1670 3965 mantas
1686 3898 1824 3967 tradere
1839 3899 2013 3988 verbum,
2038 3897 2146 3968 etmi-

126 3999 316 4086 locumin
343 3995 476 4069 Genesi
503 3999 548 4067 de
581 3990 864 4080 Melchisedech,
893 4018 999 4088 quam
1024 3995 1113 4064 alios
1161 3993 1347 4064 nisterium
1370 4018 1493 4081 suum,
1519 3991 1587 4066 hoc
1610 4012 1680 4082 est,
1705 3998 1940 4069 sacerdotium
1965 3999 2041 4071 suis
2063 3999 2145 4068 libe-

126 4102 286 4171 lectores.
338 4097 499 4168 Primum
531 4109 647 4168 autem
680 4092 748 4167 hoc
775 4110 985 4181 statuamus,
1020 4091 1112 4166 hanc
1161 4096 1230 4180 ris,
1255 4108 1296 4166 ut
1317 4098 1477 4169 coelestis
1501 4099 1663 4169 doctriua
1683 4113 1937 4190 propagaretur
1957 4115 1992 4171 et
2007 4124 2146 4171 conser-

127 4202 337 4295 particulam
359 4201 493 4292 opponi
509 4199 706 4270 sacerdotio
726 4197 906 4279 Levitico,
933 4199 1033 4292 quasi
1055 4200 1111 4268 di·
1160 4212 1304 4268 vacetur
1318 4201 1362 4268 ad
1378 4215 1547 4291 posteros,
1573 4225 1648 4269 non
1661 4201 1811 4270 dubium
1827 4213 1891 4285 est,
1917 4199 2002 4273 Sem
2019 4214 2147 4295 apatre

127 4318 195 4396 cat,
220 4300 402 4376 Christum
417 4303 494 4373 fore
508 4316 692 4372 aeternum
707 4302 940 4386 sacerdotem,
967 4325 1041 4370 nou
1057 4325 1111 4370 se·
1160 4300 1390 4371 coustitutum
1405 4325 1478 4372 esse
1491 4302 1692 4394 pontificem
1709 4316 1743 4372 et
1755 4304 1935 4372 doctorem
1952 4303 2053 4374 illius
2066 4302 2146 4374 novi

127 4408 285 4477 cundum
308 4405 473 4476 ordinem
498 4402 605 4488 Levi,
637 4403 698 4472 sed
728 4404 923 4473 secundum
945 4402 1109 4472 ordinem
1160 4402 1298 4476 mundi.
1350 4400 1401 4475 Ut
1421 4403 1516 4473 enim
1539 4427 1676 4495 semper
1695 4404 1814 4497 aliqua
1829 4404 1897 4473 fuit
1912 4399 2147 4477 Ecclesiaseu

124 4501 402 4586 Melchisedech,
423 4500 516 4576 hanc
530 4504 754 4576 collationem
771 4526 911 4583 necesse
926 4517 978 4573 est
993 4506 1109 4573 decla·
1159 4515 1279 4573 coetus
1305 4506 1464 4595 piorum,
1491 4505 1629 4577 etiamsi
1650 4504 1719 4575 fuit
1743 4505 1909 4596 exiguus,
1938 4505 1988 4576 ita
2012 4529 2148 4600 semper

124 4611 209 4683 rari.
261 4606 422 4691 Tametsi
451 4609 647 4677 sacerdotes
677 4605 827 4676 Levitici
859 4606 1111 4697 praedicabant
1158 4604 1227 4674 fuit
1245 4605 1393 4700 aliquod
1418 4631 1540 4678 verum
1561 4607 1815 4690 sacerdotium,
1848 4630 1890 4676 ac
1909 4608 2148 4680 ministerium

123 4713 229 4783 etiam
245 4708 496 4802 promissiones
509 4709 554 4778 de
570 4703 733 4792 Christo,
757 4720 876 4777 tamen
892 4707 929 4777 id
947 4730 1020 4776 non
1036 4721 1109 4777 erat
1158 4706 1362 4778 coelestium
1389 4709 1677 4799 promissionum.
1744 4706 1962 4805 Nunc‚vitia
1984 4712 2149 4782 sacerdo·

126 4814 284 4905 ipsorum
310 4812 493 4903 proprium
519 4809 696 4895 officium,
734 4810 795 4879 sed
824 4823 899 4880 erat
923 4804 1108 4902 propheti·
1157 4822 1233 4878 tum
1255 4811 1409 4889 iaciunt,
1436 4825 1477 4882 ut
1499 4814 1544 4881 de
1564 4811 1629 4881 illo
1652 4833 1791 4880 summo
1814 4810 1928 4900 gradu
1950 4826 1987 4883 et
2009 4812 2148 4903 fastigio

126 4938 217 4987 cum.
259 4912 396 4984 Interea
410 4911 609 4983 Leviticum
626 4912 859 4982 sacerdotium
876 4911 1019 5002 proprie
1034 4925 1109 4980 erat
1157 4910 1251 4980 inter
1288 4907 1451 4982 homines
1487 4937 1563 4982 non
1601 4913 1686 4983 tatis
1716 4906 1912 4983 honorilice
1945 4915 2148 5005 cogitemus

124 5018 332 5087 mandatum
357 5017 537 5086 docendae
560 5013 667 5104 legis,
698 5037 773 5084 non
803 5026 878 5083 erat
900 5015 1107 5083 mandatum
1156 5010 1379 5084 Conferimus
1404 5015 1501 5085 enim
1525 5015 1659 5107 primos
1683 5014 1766 5085 illos
1787 5015 1988 5085 sacerdotes
2012 5018 2061 5087 ad
2083 5013 2148 5087 hoe

123 5118 328 5190 remittendi
356 5131 516 5211 peccata,
542 5139 608 5184 nec
631 5138 780 5208 usquam
802 5114 858 5185 lex
879 5115 988 5186 tradit
1006 5138 1108 5184 man·
1154 5116 1282 5205 vulgus
1305 5116 1600 5200 sacrificulorum,
1631 5116 1694 5212 qui
1716 5130 1756 5187 ut
1779 5111 1873 5185 nibil
1894 5116 1996 5186 aliud
2022 5119 2150 5202 dicam,

122 5222 244 5290 datum
274 5234 436 5312 apertum
466 5219 509 5286 de
532 5216 738 5287 remissione
769 5231 1011 5307 peccatorum,
1042 5239 1107 5285 nec
1129 5238 1131 5251 ¹
1154 5216 1372 5288 dissimilimi
1389 5232 1474 5289 sunt
1489 5217 1726 5289 illissummis
1741 5218 1837 5290 viris.
1890 5215 2031 5289 Verum
2046 5221 2150 5308 longe

118 5322 221 5394 docet
234 5324 279 5395 de
292 5322 444 5414 gratuita
460 5316 685 5406 remissione,
708 5319 768 5390 t'ed
781 5318 933 5413 requirit
947 5335 1106 5392 nostram
1153 5318 1223 5391 alia
1240 5320 1357 5411 imago
1373 5321 1564 5393 sacerdotis
1580 5320 1620 5391 iu
1635 5320 1756 5393 auimo
1774 5319 2011 5412 concipienda
2030 5336 2115 5396 erat·
