4538 5754
96 145 115 285 s
319 240 322 245 -
505 246 508 264 .
658 206 703 277 u.
752 139 1441 300 unoruuamnunsprtcus.
1599 233 1611 254 κ
1948 172 2069 273 'reo
2162 228 2191 275 ,-

96 384 137 452 ad
152 382 275 453 multis
288 381 404 450 modis
419 393 522 452 nocet
537 379 764 451 discentibus.
796 372 915 447 Efficit
928 377 1022 444 enim
1412 369 1481 452 De
1510 367 1729 456 Fallaciis,

102 485 241 565 artibus
262 477 503 577 labyrinthos,
534 481 596 574 qui
621 482 763 569 ingenia
788 491 1025 561 remorantur,

100 586 274 676 mplicant
287 582 588 654 inextricabilibus
603 582 751 676 laqueis,
768 595 809 652 ut
822 581 1026 650 crucientur

99 688 139 755 ni
168 713 268 770 cura,
310 700 344 756 et
369 710 387 754 a
418 709 502 753 vero
529 683 657 752 artium
691 705 757 751 usu
786 683 1025 763 abducantur,

99 793 170 859 nde
197 785 384 859 hebetatur
405 785 597 866 iudicium,
627 798 660 854 et
685 808 784 853 amor
807 784 1024 874 argutiarum

96 894 123 960 it
154 892 295 960 odiosos
324 888 545 956 cavillatores
573 901 605 957 et
628 888 816 970 rixatores,
849 886 953 954 etiam
985 883 1023 951 in

100 993 185 1063 teris
202 993 294 1058 vitae
308 989 479 1081 partibus.

1178 516 1362 587 Pertinent
1384 529 1499 586 autem
1525 518 1567 585 ad
1594 513 1685 586 hanc
1706 521 1817 608 ipsam
1840 525 2058 600 solutionum

1077 619 1275 689 doctrinam
1290 619 1459 701 fallaciae,
1485 642 1635 710 quarum
1653 621 1747 689 tituli
1765 645 1929 715 monent,
1956 637 2060 724 quale

1078 722 1123 790 sit
1139 721 1264 790 vitium
1284 720 1320 787 in
1336 732 1555 809 argumento.

1179 819 1268 892 Cum
1293 821 1402 910 igitur
1423 841 1609 908 agnosces,
1642 824 1684 891 ad
1709 848 1813 916 quem
1837 831 1979 904 titulum
2001 865 2058 908 ac.

1078 922 1333 992 commodanda
1355 923 1402 991 sit
1419 923 1551 1012 captio,
1579 922 1648 990 iam
1673 924 1729 993 via
1752 928 1938 1005 solutionis
1956 964 2058 1009 mon-

1079 1039 1184 1095 strata
1207 1037 1270 1095 cst.
1321 1021 1399 1093 Etsi
1422 1037 1538 1093 autem
1562 1025 1600 1091 in
1618 1019 1684 1094 hac
1708 1044 1806 1116 parte
1822 1037 1952 1108 multae
1971 1045 2059 1111 r'eci-

216 1211 224 1226 ,
502 1210 510 1224 ¹
532 1209 540 1225 .
848 1206 856 1221 ⁵
1077 1141 1200 1197 tantur
1217 1127 1443 1215 imposturae,
1461 1138 1579 1194 tamen
1599 1129 1689 1195 tradi
1704 1152 1779 1198 eam
1797 1133 1958 1224 sciamus,
1986 1168 2058 1214 nou

96 1234 98 1250 '
131 1215 246 1277 ierim
279 1204 410 1295 ΜΟ,
455 1206 623 1291 ⁸⁶ll²⁶⁶i2
662 1204 709 1276 (Ῑθ
741 1205 927 1275 ⁸⁰l¹⁴l²⁰m³
955 1221 1026 1293 W
1078 1241 1118 1296 ut
1142 1242 1260 1296 tenera
1285 1241 1378 1297 aetas
1399 1227 1559 1295 assuefiat
1582 1229 1625 1295 ad
1658 1253 1815 1302 amorem
1842 1235 2059 1332 sophistices,

415 1310 653 1378 imianllam·
1079 1331 1138 1397 sed
1159 1343 1196 1398 ut
1214 1330 1370 1397 iudicare
1385 1342 1417 1397 et
1434 1328 1569 1396 solvere
1593 1331 1772 1419 captiones
1789 1349 1823 1407 et
1843 1337 2058 1428 sophistice„

143 1440 300 1511 Multum
316 1440 436 1511 valent
450 1441 606 1532 exempla
623 1438 794 1521 illustria,
819 1437 900 1504 ideo
915 1435 1026 1505 inter·
1079 1433 1194 1498 odisse
1209 1431 1320 1499 discat
1334 1431 1423 1498 sicut
1437 1431 1597 1498 doctrina
1616 1435 1660 1500 de
1677 1424 1823 1507 venenis
1838 1444 1999 1533 traditur,
2021 1468 2058 1521 ut

96 1568 138 1627 m,
161 1567 239 1612 curn
257 1541 451 1632 propositio
466 1543 583 1632 aliqua
598 1539 737 1609 ratione
754 1538 936 1628 perspicua
952 1560 1036 1615 non¹
1080 1534 1253 1615 vitentur,
1280 1555 1353 1601 non
1371 1544 1411 1600 ut
1426 1531 1519 1599 vitae
1536 1527 1720 1602 hominum
1738 1537 1958 1620 insidiemur,

96 1648 122 1713 is
140 1645 287 1714 refutari
301 1656 433 1733 potest,
457 1643 613 1712 breviter
632 1665 708 1709 eam
727 1640 891 1730 opposito
909 1662 1025 1707 exem-
1169 1676 1175 1695 ι
1232 1632 1437 1713 Perniciosa
1449 1656 1521 1700 non
1540 1648 1622 1704 sunt
1637 1636 1813 1727 discenda,

96 1784 98 1804 ·
115 1747 315 1824 reiicimus,
343 1758 489 1814 vocatur
505 1743 635 1812 solutio
653 1766 716 1832 per
729 1741 944 1823 instantiam,
968 1752 1024 1807 ut:
1230 1732 1405 1802 Fallaciae
1418 1746 1501 1804 sunt
1516 1736 1747 1828 perniciosae,

194 1862 316 1950 Legati
338 1885 398 1928 seu
421 1861 545 1930 nuncii
569 1861 607 1928 in
633 1861 821 1929 itineribus
848 1882 920 1927 non
949 1859 1026 1927 vio·
1231 1832 1327 1925 Eld⁰
1346 1858 1417 1904 ”⁰¹¹
1436 1848 1519 1905 ⁸¹¹¹st
1536 1836 1731 1909 diffindi?-

247 1966 377 2041 lentur,
759 1990 762 1995 ·
1179 1952 1347 2043 Neganda
1366 1946 1414 2020 esi
1432 1953 1555 2023 maior.
1600 1953 2062 2064 Perniciosaenimcogno.

194 2064 291 2155 Ergo
308 2088 373 2132 nec
387 2065 452 2133 iste
467 2064 618 2132 nuncius
637 2063 825 2131 violandus
839 2062 917 2132 fuit.
958 2082 961 2087 ’
1080 2058 1128 2125 sci
1144 2079 1283 2129 necesse
1299 2070 1367 2139 est,
1392 2066 1432 2131 ut
1448 2054 1551 2124 vitari
1571 2070 1633 2125 aut
1650 2058 1726 2129 tolli
1748 2068 1900 2156 possint,
1926 2089 1966 2145 ut
1983 2076 2062 2146 Me-

144 2185 359 2274 Respondeo
389 2184 431 2251 ad
472 2184 681 2251 antecedens
716 2204 779 2272 per
802 2180 1025 2247 instantiam:
1080 2146 2035 2248 dicusdmulssimdi²¹¹¹⁰ibl⁵²¹¹¹idevenenisdiscit.
2092 2202 2096 2209 ·

96 2287 279 2358 benienses
295 2287 557 2374 interceperunt
576 2284 707 2370 legatos
727 2280 1024 2351 Lacedaemonio-

96 2418 122 2459 n
148 2403 269 2457 euntes
293 2389 335 2453 ad
361 2408 476 2475 regem
492 2385 692 2463 Persicum,
719 2396 758 2452 ut
774 2407 853 2452 cum
871 2382 939 2451 sibi
964 2383 1026 2449 ad·
1270 2376 1275 2387 ⁴
1375 2356 1472 2445 Quid
1498 2372 1554 2433 edi
1579 2358 1772 2461 fallacia?

96 2504 232 2608 agerent
261 2501 384 2604 contra
415 2488 591 2554 civitatem
622 2485 794 2601 Atticam,
835 2498 875 2553 ut
905 2483 1027 2551 recitat
1142 2484 1321 2563 'Fallacia
1339 2508 1387 2563 cst
1403 2496 1561 2586 deceptio
1581 2498 1617 2565 in
1634 2518 1853 2591 argumento,
1879 2534 1970 2602 quae
1986 2539 2063 2604 spo.

96 2593 276 2686 urcydrdes
298 2591 415 2661 lil›.2.
467 2584 684 2658 Etllomam
709 2600 878 2677 ceperunt
899 2586 1029 2674 legatos
1082 2597 1132 2665 cie
1148 2595 1265 2688 aliqua
1284 2597 1358 2663 veri
1375 2596 1564 2667 insidiatur
1580 2602 1746 2675 auditori.
1780 2604 1930 2681 Causam
1946 2632 2063 2688 autem

96 2694 260 2763 tnsslbdlis
287 2703 409 2760 ‘⁰¹¹1‘ss
444 2693 488 2757 dd
524 2713 637 2774 “fem
667 2686 955 2770 Mace‘lfflfifflm,
990 2700 1031 2754 ut
1082 2699 1245 2768 falsitatis
1261 2698 1418 2767 iudicant
1443 2699 1557 2783 tituli,
1583 2702 1642 2793 qui
1662 2702 1699 2770 in
1717 2705 1921 2801 Dialecticis
1939 2720 2065 2790 usitate
2134 2741 2144 2753 ‘
2231 2719 2239 2739 '

96 2794 299 2865 rratLivius
314 2794 376 2865 lib.
387 2793 420 2860 5.
437 2793 599 2862 decad&
629 2785 724 2858 Haec
742 2789 897 2879 exempla
912 2802 1031 2856 osten·
1083 2800 1244 2871 attributi
1259 2812 1342 2868 sunt
1363 2799 1582 2871 fallaciarum
1599 2805 1731 2894 modis,
1754 2823 1794 2878 ut
1810 2828 1929 2900 postea
1947 2844 1988 2889 ex
2004 2824 2066 2891 de-

96 2910 137 2969 nt
160 2897 329 3010 usitatum
346 2893 627 3011 missu-legatos
643 2886 799 3008 hostium
817 2892 1031 3006 perferentes
1084 2901 1276 2971 damtione
1290 2900 1476 2968 mulorum
1493 2916 1526 2970 01
1543 2927 1581 2970 e,
1603 2909 1773 2997 exemplis
1793 2911 1944 3006 intelligi
1966 2937 2065 3011 pote-

96 2999 211 3068 indata
228 3008 389 3063 nocitura
406 3008 538 3083 paterae
561 3007 781 3082 intercipere.
834 2989 886 3060 lta
913 2993 1032 3060 brevi·
1084 3004 1142 3071 fir,
1195 3000 2066 3106 R¹¹r⁵¹1⁸³11temm0nendisuasionum,„1

96 3088 288 3213 'refutatur
303 3098 512 3164 antecedens
528 3094 700 3186 oppositis
717 3092 894 3184 exemplis.
1086 3128 1158 3172 nou
1176 3103 1290 3171 solum
1309 3096 1394 3169 baec
1419 3120 1601 3195 praecepta
1620 3109 1796 3180 refutandi
1819 3117 1942 3189 vitiosa
1964 3147 2068 3213 argu-

464 3266 539 3335 ΑΙ,
592 3266 603 3331 l
1086 3219 1204 3274 menta
1219 3205 1375 3292 discant,
1402 3207 1461 3273 sed
1477 3202 1706 3298 simul‘etiam
1729 3213 1767 3280 in
1792 3219 1921 3291 animis
1937 3228 2067 3297 verita-

384 3387 392 3402 ·
530 3291 618 3371 ¹¹¹‘z
805 3381 816 3398 ι
1087 3309 1131 3376 tis
1148 3330 1322 3397 amorem,
1349 3320 1383 3375 et
1406 3300 1611 3396 sophistices
1628 3311 1748 3382 odium
1774 3320 1984 3399 confirment
2030 3352 2069 3400 ac

202 3385 306 3456 Plaio
323 3400 446 3489 revidi
462 3380 532 3453 h0⁰
544 3397 790 3472 alimmum
805 3406 842 3449 ¹⁰
860 3376 1033 3477 phaedm’
1088 3432 1224 3499 semper
1239 3408 1276 3475 in
1293 3422 1479 3498 conspectu
1495 3403 1647 3481 habeant
1658 3438 1777 3485 vocem
1788 3421 1965 3497 divinam:
1987 3384 2068 3500 ilion
2180 3442 2185 3452 '

202 3485 322 3607 Osslne
339 3489 432 3578 ‘iuml
452 3510 524 3556 ⁸²⁸²
543 3498 678 3564 'mlii‘
705 3507 842 3575 semlm
859 3494 1032 3569 ¹⁰⁰V011ll·
1088 3512 1183 3580 dicas
1197 3510 1322 3579 falsum
1339 3510 1591 3581 testimonium.
1613 3516 1616 3521 ’
1642 3513 1726 3584 ldeo
1743 3518 1874 3594 indidit
1889 3524 1985 3601 Deus
2004 3557 2070 3603 no·
2164 3530 2170 3551 '¹

204 3590 334 3660 Anima
353 3613 426 3657 sese
445 3604 574 3665 movet,
1088 3613 1187 3682 ticias
1205 3612 1374 3680 virtutum
1393 3605 1611 3696 hominibus,
1638 3630 1680 3685 ut
1694 3624 1809 3709 qualis
1825 3626 1899 3716 ipse
1913 3632 1958 3702 sit
1974 3637 2069 3725 cogi-

203 3687 299 3780 Ergo
318 3713 454 3781 semper
474 3703 647 3757 movetur.
1088 3728 1180 3797 tare,
1218 3726 1251 3780 et
1290 3713 1489 3783 discernere
1530 3739 1608 3783 eum
1643 3743 1661 3785 a
1698 3720 1850 3797 diabolis
1881 3736 2070 3821 possimus.

150 3808 365 3879 Brevissima
381 3807 564 3897 responsio
582 3820 633 3875 est
656 3806 698 3873 ad
723 3804 903 3872 maiorem.
936 3798 1034 3888 Nego
1088 3816 1330 3903 Agnoscamus
1352 3810 1465 3881 Derim
1495 3831 1670 3885 amantem
1695 3845 1768 3891 esse
1790 3828 2070 3919 simplicissimae

96 3915 219 3981 aiorem
238 3909 569 3997 remimundus,
597 3908 679 3999 quia
695 3907 797 3975 eliam
818 3904 940 3972 culicis
956 3904 1035 3971 assi·
1088 3916 1264 3998 veritatis,
1290 3929 1323 3985 et
1341 3917 1455 4009 odisse
1479 3919 1667 3988 mendacia.
1722 3920 1876 4000 Econtra
1895 3961 1976 4006 vero
1992 3942 2067 4008 ‹lia-

96 4040 107 4084 ι
123 4036 197 4084 sese
215 4026 352 4089 movet,
378 4034 442 4077 nce
455 4023 571 4076 tamen
588 4022 638 4077 est
655 4021 830 4098 perpetua.
1089 4019 1210 4088 bolum
1229 4041 1301 4085 esse
1315 4010 1578 4088 mendaciorum
1596 4037 1773 4114 autorem,
1801 4034 1862 4123 qut
1880 4037 1917 4103 in
1934 4026 2069 4111 levibus

153 4131 259 4202 Alius
285 4131 411 4197 modus
444 4140 496 4195 est
528 4116 732 4207 instantiae,
764 4149 843 4191 cnm
874 4147 1035 4193 concessa
1089 4119 1241 4209 ingeniis
1269 4120 1427 4187 accendit
1452 4143 1605 4190 amorem
1632 4132 1896 4202 mendaciorum
1927 4134 2069 4231 propter

96 4234 294 4324 opositiune
312 4231 407 4298 aliud
432 4229 559 4296 fortius
586 4227 798 4317 opponitur,
823 4238 864 4293 ut
878 4226 1035 4294 studium
1089 4225 1176 4290 duas
1192 4243 1330 4302 causas,
1348 4222 1443 4293 odio.
1456 4218 1542 4307 Dei,
1564 4238 1598 4294 et
1612 4230 1656 4296 'ut
1680 4247 1769 4299 serat
1796 4259 1916 4305 causas
1935 4244 2069 4312 discor-

96 4337 234 4404 ‚ctrinae
266 4331 422 4400 coelestis
454 4330 668 4397 comitantur
698 4340 911 4407 contemtus,
945 4327 1037 4409 odia,
1089 4326 1224 4392 diarum
1241 4334 1272 4388 et
1290 4317 1580 4410 homicidiorum,
1599 4329 1688 4398 sicut
1701 4333 1866 4421 scriptum
1882 4342 2067 4412 est:Men.

96 4438 187 4527 opia,
210 4449 244 4504 et
259 4431 535 4502 innumerabilia
549 4431 718 4520 pericula.
757 4426 836 4496 Non
853 4450 955 4514 nego,
977 4430 1034 4495 sed
1090 4439 1141 4495 tes
1160 4424 1542 4513 impiorumadiabolo
1557 4430 1709 4518 captivas
1725 4438 1848 4508 teneri.
1894 4440 2068 4514 Comici.

96 4563 195 4629 »pono
217 4537 321 4604 aliam
347 4535 528 4602 fortiorem
544 4555 683 4601 causam
705 4531 881 4599 discendit
907 4528 1035 4597 Neces-
1090 4543 1148 4595 tur
1170 4524 1350 4592 mendacia
1375 4543 1646 4617 proponuntur,
1671 4533 1820 4604 sciamus
1841 4565 1915 4609 non
1932 4502 2068 4618 tanttim

96 4643 185 4709 rium
217 4652 267 4708 est
297 4638 333 4704 id
362 4635 536 4715 studium,
570 4658 649 4703 curn
672 4656 690 4698 a
712 4628 789 4700 Deo
821 4631 1037 4699 severissime
1092 4625 1375 4696 hominesnobis
1399 4628 1581 4709 insidiari,
1608 4634 1666 4701 sed
1687 4634 1800 4721 ipsum
1819 4641 2000 4716 diabolum
2024 4655 2070 4720 si-

97 4754 279 4831 aeceptum
296 4739 358 4818 sit,
383 4752 416 4805 et
433 4732 617 4805 horribilis
633 4734 850 4820 ingratitudo
866 4734 931 4815 sit,
958 4758 1037 4801 cum
1091 4729 1166 4798 mul
1196 4729 1364 4817 grassari,
1402 4753 1505 4797 snum
1538 4732 1635 4800 virus
1670 4736 1847 4829 aliquibus
1879 4749 2069 4826 afflantem.

96 4869 151 4914 eus
166 4854 262 4912 lauta
281 4839 440 4908 bonitate
457 4861 492 4904 se
510 4836 728 4929 patefecerit,
752 4858 796 4902 ne
815 4835 957 4926 quidem
975 4858 1039 4902 au-
1091 4829 1255 4902 Cavenda
1278 4843 1329 4896 est
1352 4829 1460 4917 igitur
1481 4827 1689 4922 sophistica,
1717 4863 1761 4907 ne
1785 4844 1946 4918 diabolus
1968 4858 2070 4925 nobis
2129 4856 2133 4860 ⁴

96 4973 129 5016 re
145 4970 225 5014 eum
241 4942 342 5013 velle.
368 4938 526 5010 Recitavi
545 4941 669 5008 modos
684 4936 901 5004 solutionum
917 4936 1039 5004 rectis-
1093 4934 1237 5026 laqueos
1272 4929 1427 5010 inliciat,
1464 4945 1504 5001 ut
1536 4937 1703 5009 omnibus
1738 4947 1909 5019 aetatibus
1941 4959 2071 5026 multus

96 5073 182 5129 nos,
208 5047 360 5135 adquos
385 5040 560 5108 assuefieri
583 5040 756 5106 discentes
780 5037 867 5105 utile
889 5051 959 5120 est,
988 5036 1038 5106 lta
1092 5034 1280 5103 fascinatos
1313 5032 1409 5100 falsis
1436 5034 1657 5123 dogmatibus
1692 5038 1910 5121 horribiliter
1937 5061 2071 5130 evertit,

96 5154 150 5221 tim
175 5164 210 5219 et
239 5147 343 5215 citius
369 5144 558 5224 videbunt,
587 5143 624 5209 in
650 5164 717 5233 qua
740 5152 856 5229 parte,
879 5163 944 5207 seu
969 5165 1039 5233 quo
1094 5134 1185 5225 Quia
1209 5149 1323 5204 autem
1347 5136 1543 5228 plerunque
1573 5140 1657 5210 falsa
1687 5144 1936 5236 proponuntur
1959 5160 2072 5229 fucata

96 5253 217 5324 embro
239 5248 366 5315 vitium
381 5246 426 5312 sit
443 5243 660 5332 argumenti,
686 5255 720 5310 et
735 5241 910 5309 dexterius
930 5241 1040 5333 expli·
1093 5238 1249 5306 veritatis
1273 5236 1406 5324 specie,
1428 5241 1621 5309 mendaciis
1642 5245 1743 5315 socos
1760 5253 1990 5343 detergendus
2013 5279 2060 5331 est

96 5358 186 5423 bunt
206 5347 399 5439 captiones.
1094 5341 1189 5432 qtrorl
1212 5351 1250 5406 ut
1274 5341 1394 5407 dextre
1419 5353 1452 5407 et
1472 5343 1654 5431 perspicue
1675 5348 1748 5416 lieri
1774 5358 1898 5445 possit,
1925 5319 2078 5431 iatniortl.

1516 5438 1599 5515 46·
