4538 5754
96 239 160 321 m
354 346 356 350 Α
699 241 745 319 v.
792 235 1118 317 nnornnara
1148 229 1491 310 unnnoncns
1577 225 1579 229 ·
1672 266 1680 274 ·
2039 247 2115 322 aaa

96 412 274 486 Romanus
292 382 435 505 pactus,
461 427 503 485 ut
516 413 706 484 dimidium
724 413 871 482 navium
893 412 1075 503 relinque-
1226 404 1316 480 Cum
1336 420 1453 478 autem
1479 406 1691 497 ambiguitas
1706 435 1748 481 ex
1765 416 1872 485 rebus
1895 416 2030 497 oritur,
2056 433 2114 504 ut,

96 509 386 602 retnrAntiocho,
411 516 578 603 dissecari
595 538 702 584 naves
717 515 832 600 iussit,
858 527 893 586 et
909 516 1074 623 dissectas
1124 534 1204 582 cnm
1229 532 1339 601 genus
1368 510 1534 600 ponitur,
1567 509 1697 583 omissa
1718 514 1950 591 distinctione
1980 522 2113 613 specie·
2161 600 2173 615 Ι

96 617 205 687 ,εειιεε
237 617 337 688 dedit
370 610 565 690 Antiocho.
625 617 732 687 Tales
765 615 1074 708 interpretationes
1124 635 1220 682 rum:
1247 613 1417 681 sumenda
1432 623 1481 680 est
1499 611 1681 687 distinctio
1696 638 1790 701 exea
1807 631 1919 709 parte,
1945 612 2126 715 adquam
2158 662 2184 681 .·
2213 630 2241 647 ·’

96 731 285 808 sugnantes
314 743 393 789 curn
422 720 616 804 sententia,
649 743 754 812 qnam
780 713 920 810 phrasis
948 716 1074 789 usitate
1125 711 1366 784 controversia
1390 712 1561 804 pertinet,
1595 726 1637 786 ut
1663 718 1778 806 posito
1808 742 1953 810 genere,
1986 723 2112 794 viden·

96 819 278 910 significat,
304 821 537 912 repudientur
556 821 592 890 in
610 821 711 891 seriis
735 819 909 911 negociis,
935 832 971 889 et
988 840 1074 887 con-
1124 817 1211 885 dnm
1236 828 1309 897 est,
1343 813 1389 884 de
1414 836 1485 907 qua
1509 815 1624 906 specie
1646 821 1792 909 proprie
1816 822 1967 894 dicatur.
2019 824 2110 895 Nam

96 922 312 992 suetudinem
330 918 438 992 huius
456 922 534 993 ludi
551 922 683 993 scurris
698 922 959 1014 relinquamus,
985 943 1073 1010 qua·
1126 915 1376 986 universaliter
1388 915 1483 985 dicta
1499 918 1543 985 de
1558 919 1674 1010 speeie
1690 936 1773 992 sunt
1788 923 1949 1010 certiora,
1976 943 2009 998 et
2026 952 2113 998 con-

96 1023 129 1093 is
150 1023 220 1093 suit
241 1024 475 1118 dultnfpitgtl.
533 1023 647 1116 Saepe
668 1038 784 1099 autem
810 1023 848 1090 in
869 1020 1074 1090 foederibus
1125 1013 1275 1091 trahunt
1295 1017 1475 1106 generales
1501 1021 1706 1094 sententias.
1760 1020 1844 1094 ldeo
1867 1023 2114 1101 luriaconsulti

96 1137 116 1193 et
155 1127 384 1215 dogmatibus
422 1126 510 1196 tales
546 1122 709 1222 στροφαὶ
747 1118 1074 1214 deprehenduntur.
1126 1120 1266 1188 dicunt:
1295 1118 1337 1187 ln
1360 1132 1435 1189 toto
1457 1119 1535 1190 iure
1558 1125 1678 1211 generi
1699 1148 1763 1214 per
1791 1127 1942 1218 speciem
1965 1132 2112 1220 deroga-

96 1223 207 1312 Quare
238 1221 386 1298 honesta
411 1226 604 1318 antiquitas
630 1230 667 1296 in
700 1225 855 1296 formula
887 1224 1073 1293 foederum
1125 1235 1205 1303 tur,
1232 1232 1267 1290 et
1290 1219 1381 1290 illud
1403 1220 1627 1312 potissimum
1650 1219 1819 1314 habetur,
1844 1232 1941 1322 quod
1964 1234 2008 1300 ad
2033 1255 2111 1324 spe·

96 1326 214 1397 rdiecit
238 1322 323 1398 haec
345 1330 467 1399 verba:
502 1325 592 1401 ἄνευ
614 1323 729 1401 δόλου
757 1323 821 1398 καὶ
850 1322 1013 1417 ἀπάτης,
1040 1338 1075 1394 ει
1125 1325 1214 1393 ciem
1229 1322 1403 1393 directum
1421 1337 1483 1393 εει.
1515 1362 1519 1367 -

96 1451 184 1498 aune
199 1429 350 1502 dicitnr:
371 1427 513 1501 'Omnia
530 1430 681 1502 fideliter
697 1444 731 1500 et
745 1430 823 1499 sine
840 1427 1028 1499 calumnia.

554 1536 558 1545 ·
1516 1501 1720 1588 exemptos.

494 1625 669 1711 Exemplo.
1278 1625 1408 1697 Nullus
1431 1641 1594 1718 peccator
1616 1632 1804 1704 exauditur
1828 1634 1968 1723 aDeo,
1993 1652 2033 1711 ut
2052 1639 2111 1711 lo·

239 1743 358 1815 Verba
374 1746 486 1816 aggiva
502 1747 701 1836 significant
715 1748 946 1828 effectionem,
1250 1780 1253 1785 -
1330 1724 1414 1802 han.
1436 1727 1471 1802 9.
1494 1729 1640 1804 dicitur:
1683 1732 1887 1807 Peccatores
1909 1764 1983 1811 non
2005 1766 2112 1812 exan-

239 1842 336 1917 Deus
353 1849 455 1919 dicit:
483 1845 560 1936 Ego
577 1848 755 1918 indurabo
771 1873 832 1918 cor
848 1844 1057 1927 Pharaonis,
1330 1833 1382 1900 dli
1396 1828 1504 1915 ΒΜ,

239 1943 336 2038 Ergo
359 1947 456 2020 Deus
478 1951 584 2021 efficit
605 1950 751 2042 impiam
783 1950 1013 2042 pertinaciam
1034 1949 1073 2016 in
1279 1926 1416 2002 Omnes
1431 1929 1592 2004 ltomlnes
1608 1936 1648 2004 ln
1662 1932 1879 2011 llRCSOPdllla
1893 1957 2111 2018 naturatum

291 2047 496 2138 Pharaone,
520 2066 556 2123 et
573 2075 675 2121 cansa
693 2065 745 2122 est
759 2053 904 2142 peccati.
1332 2048 1542 2123 P⁸⁶⁰³l⁰r082

1278 2130 1375 2223 Ergo
1392 2136 1486 2203 nulli
1501 2131 1666 2208 homines
1679 2142 1927 2217 exandiuntur.

1225 2235 1530 2327 Respondendum
1558 2253 1610 2312 est
1637 2264 1701 2332 per
1719 2242 2005 2319 distinctionem:
2042 2253 2111 2322 Di-

1127 2339 1267 2428 stinguo
1283 2337 1464 2422 maiorem,
1487 2339 1548 2408 alii
1563 2353 1646 2411 sunt
1659 2352 1858 2434 peccatores
1872 2365 2013 2440 agentes
2027 2377 2112 2445 poe·

187 2183 259 2257 llic
274 2208 375 2257 error
396 2212 437 2258 ex
460 2184 580 2279 phrasi
595 2189 722 2261 oritur.
772 2183 988 2276 Respondeo
1006 2182 1075 2272 igi-

96 2312 144 2360 ,ur
165 2290 210 2359 ad
232 2289 420 2369 maiorem:
457 2288 499 2359 ln
524 2290 643 2379 lingua
665 2284 804 2359 Ebraea
829 2285 936 2355 verba
961 2285 1073 2353 activa

96 2390 191 2476 valde
205 2391 329 2461 crebro
351 2391 620 2482 permissionem
643 2389 862 2480 significant,
887 2399 922 2455 et
939 2406 1074 2479 neque-

96 2516 194 2586 luim
217 2491 452 2612 ‘ffecllffnffi
511 2488 575 2610 ¹3⁸}
599 2492 708 2612 lsslluf
729 2490 929 2659 ludumlff’
960 2500 1073 2557 ”mm
1127 2567 1209 2612 vera
1235 2554 1310 2625 est,
1332 2541 1363 2610 si
1383 2541 1604 2632 intelligatur
1621 2546 1667 2615 *de
1689 2550 1963 2639 nonagentibns
1986 2561 2112 2648 poeni·
2192 2622 2197 2628 .

96 2595 295 2683 lffl'fflms
334 2616 448 2664 ⁸¹⁰³¹¹¹
477 2594 564 2663 fem
588 2617 652 2663 ⁸¹¹⁰
681 2607 815 2685 'mpetu
840 2589 868 2661 P
897 2612 1075 2672 ”mem'
1127 2645 1290 2715 tentiam:
1324 2643 1383 2711 sed
1408 2642 1494 2712 falsa
1519 2659 1588 2729 est,
1613 2648 1643 2716 si
1665 2646 1887 2739 intelligatur
1909 2655 1954 2725 de
1975 2662 2112 2749 agenti-

96 2718 165 2765 :um
183 2696 506 2781 meillffifflmllls
529 2695 612 2789 ‘luia
635 2692 734 2766 ΒΜ
756 2688 1074 2774 ¹¹³hllv⁰l⁰⁰l⁸m’
1127 2747 1194 2817 bus
1216 2743 1473 2837 poenitentiam
1496 2769 1558 2817 sen
1582 2749 1762 2818 conversis
1787 2755 1832 2822 ad
1857 2752 1994 2842 Deum,
2017 2775 2112 2834 etex
2165 2818 2168 2823 -

96 2820 161 2868 ¹¹⁰⁰
182 2810 453 2890 repugnantem·
504 2795 641 2868 35⁰³ssss
667 2793 805 2889 Ρᾕΐξὶὸἰδ
827 2807 895 2864 ⁰⁵²²
929 2792 984 2862 Ne
1008 2815 1075 2912 ¹3⁰⁸
1126 2848 1214 2917 falsa
1228 2845 1363 2915 maiore
1378 2845 1538 2938 sequitur
1553 2848 1640 2919 salsa
1665 2851 1858 2928 conclusio.
1913 2854 2054 2933 Deinde
2078 2880 2113 2938 et

96 2898 234 3020 ludim
253 2898 294 2968 in
317 2899 571 2982 “malimm’
597 2900 635 2968 id
660 2913 728 3009 ‘sl'
755 2921 801 2965 ηε
816 2894 911 3014 ⁵l¹¹³⁸
933 2917 999 2964 ⁰⁰⁸
1015 2916 1074 3011 ’Ὗ
1128 2949 1247 3017 minor
1268 2946 1520 3035 distinguenda
1543 2963 1610 3018 est:
1638 2944 1775 3021 Omnes
1798 2949 1963 3028 homines
1985 2963 2022 3031 in
2046 2960 2111 3037 hac

96 3001 188 3085 Μ’
214 3023 261 3070 ¹¹⁹
276 3001 415 3071 dmm
429 3000 603 3071 luctam
620 3025 699 3073 cum
722 3011 937 3081 ‘emaum'
964 3019 1011 3066 ne
1026 3018 1075 3064 ⁸¹⁵
1128 3050 1272 3120 sordida
1295 3062 1423 3117 natura
1446 3063 1528 3119 sunt
1551 3065 1767 3142 peccatores,
1796 3059 1857 3125 sed
1880 3058 2113 3154 dissimiliter,
2198 3098 2200 3102 ⁴

96 3122 149 3171 Μ
164 3124 234 3172 ¹¹⁰⁸
248 3125 355 3175 Μ’·
1127 3152 1189 3221 alii
1212 3163 1295 3220 sunt
1317 3148 1394 3218 sine
1420 3152 1656 3238 poenitentia,
1700 3150 1739 3223 hi
1761 3179 1834 3227 non
1858 3165 2110 3256 exaudiuntur3

503 3282 607 3354 Anu
616 3284 652 3356 d·
1128 3253 1191 3324 alii
1214 3264 1297 3322 sunt
1320 3251 1481 3320 conversi
1495 3255 1538 3322 ad
1553 3250 1680 3325 Deum.
1714 3255 1806 3326 Nam
1824 3261 1912 3331 etin
1934 3272 2113 3342 conversis

393 3423 401 3442 ,
433 3422 441 3439 ,
761 3420 769 3437 ,
1129 3350 1275 3425 haerent
1292 3348 1409 3421 adhuc
1431 3353 1516 3424 vitia
1539 3378 1599 3425 seu
1622 3357 1723 3447 pravi
1740 3358 1905 3448 affectus,
1929 3387 1990 3436 seu
2010 3371 2112 3441 flam.

240 3422 349 3513 Quod
366 3418 458 3491 nrhrl
475 3435 544 3506 est,
578 3445 652 3490 non
669 3433 720 3490 est
734 3422 882 3509 dignum
899 3441 1023 3510 poena,

241 3523 429 3596 Peccatum
447 3519 541 3593 nihil
556 3536 619 3606 est,
672 3609 675 3613 ,

237 3626 333 3717 Ergo
348 3650 422 3696 non
438 3640 489 3697 est
506 3625 653 3714 dignum
669 3646 795 3714 poena.

1127 3480 1204 3526 mae
1220 3454 1472 3546 cupiditatum,
1497 3455 1627 3551 quibus
1649 3472 1767 3533 tamen
1783 3483 1998 3555 repugnant,
2023 3498 2114 3566 qnae

1127 3570 1300 3628 vocantur
1316 3571 1498 3649 praecepta
1516 3559 1691 3646 venialia,
1716 3564 1775 3632 sed
1794 3589 1867 3635 non
1892 3569 1999 3640 simul
2015 3577 2113 3646 adest

1127 3658 1347 3752 propositum
1372 3658 1621 3753 delinquendi,
1656 3676 1690 3732 et
1713 3658 1779 3733 hos
1804 3668 1913 3761 recipi
1937 3695 1956 3741 a
1978 3669 2054 3746 Deo
2078 3695 2112 3749 et

186 3762 379 3854 Distinguo
401 3763 584 3833 maiorem.
632 3759 738 3850 Quod
757 3753 850 3828 nihil
870 3757 1073 3846 estnegati-
1126 3758 1284 3831 exaudiri
1301 3772 1434 3829 certum
1452 3775 1526 3854 est,
1552 3776 1592 3833 ut
1607 3764 1787 3837 affirmant
1800 3762 1887 3840 haec
1903 3773 2014 3846 dicta:
2048 3777 2111 3851 lu-

96 3890 148 3953 νε,
170 3890 249 3937 non
271 3878 323 3935 est
343 3865 491 3954 dignum
513 3886 647 3956 poena,
673 3863 755 3956 qnia
773 3861 824 3930 ibi
844 3855 937 3929 nihil
954 3872 1074 3943 restat,
1125 3861 1263 3933 stificati
1281 3861 1359 3944 lide,
1385 3885 1505 3953 pacem
1521 3858 1702 3937 hahemus.
1741 3865 1846 3940 ltem:
1874 3871 2020 3962 Quanto
2036 3906 2112 3952 ma.

96 3982 128 4039 nt
141 3992 256 4063 equus
274 3965 469 4038 Alexandri
485 3979 673 4048 mortuus,
690 3964 761 4035 iarn
781 3957 875 4031 nihil
893 3976 945 4032 est
965 3983 1073 4050 nega·
1125 3967 1176 4056 gis
1199 3977 1297 4055 pater
1317 3962 1477 4033 coelestis
1493 3965 1590 4036 dabit
1605 3964 1779 4059 Spiritum
1805 3990 1963 4046 sanctum
1987 3997 2110 4070 peren.

96 4070 168 4142 tive.
221 4068 294 4142 Sed
319 4064 413 4138 nihil
435 4067 609 4159 privative
634 4079 687 4136 est
708 4065 901 4135 destructio
924 4065 963 4136 io
986 4064 1072 4133 sub·
1126 4066 1221 4137 tibus
1236 4069 1299 4136 etc.
1326 4062 1427 4134 Hane
1442 4067 1639 4139 doctrinam
1655 4070 1816 4141 solvendi
1833 4099 1896 4165 per
1911 4068 2110 4155 distinctio.

96 4171 196 4256 ieeto,
219 4172 318 4264 qnod
341 4171 518 4264 reliquum
536 4180 604 4251 est,
632 4181 671 4239 ut
693 4167 818 4237 ruinae
833 4168 972 4240 domus.
1011 4163 1073 4237 Sic
1124 4194 1205 4239 nem
1231 4168 1362 4259 spargit
1384 4163 1593 4238 Aristoteles
1616 4171 1654 4241 in
1673 4173 1802 4244 multas
1825 4177 1997 4267 fallacias,
2023 4210 2110 4279 quas

96 4286 268 4365 peccatum
290 4287 343 4344 est
365 4267 458 4340 nihil
484 4269 680 4362 privative,
713 4270 749 4337 id
773 4280 844 4352 est,
878 4266 1071 4338 destructio
1124 4270 1173 4340 sic
1188 4269 1338 4351 vocavit,
1363 4270 1446 4362 qnia
1461 4295 1606 4362 monere
1623 4275 1748 4359 voluit,
1778 4277 1886 4347 multa
1902 4304 1976 4351 esse
1990 4291 2108 4358 ambi·

96 4375 125 4444 in
150 4371 314 4458 homine,
341 4386 612 4465 propterquam
635 4372 831 4442 subiectum
854 4368 1072 4441 abiicituret
1123 4395 1273 4465 guorum
1303 4393 1449 4459 genera,
1483 4373 1551 4442 alia
1577 4389 1659 4444 sunt
1686 4376 1722 4443 in
1746 4400 1816 4446 rina
1839 4403 1944 4463 voce,
1976 4386 2044 4458 alia
2070 4393 2108 4462 in

96 4477 288 4549 damnatur.
340 4473 389 4546 Ut
405 4474 532 4564 igitur,
558 4498 637 4545 cum
655 4495 795 4544 caecum
815 4471 985 4552 dicimus,
1014 4471 1071 4540 in·
1123 4472 1399 4565 compositione,
1441 4488 1481 4544 ut
1514 4476 1606 4544 intra
1648 4478 1803 4562 dicetur,
1844 4494 1879 4550 et
1912 4486 2105 4576 plurimum

96 4578 279 4668 telligisnus
295 4575 430 4646 animal
451 4578 615 4646 orbatum
640 4576 739 4658 visu,
765 4571 825 4646 Sic
846 4597 926 4642 cnm
948 4596 1070 4665 pecca·
1123 4580 1324 4669 captionum
1348 4574 1463 4645 oritur
1487 4599 1527 4646 ex
1553 4577 1738 4667 ambiguis.

96 4703 199 4750 :orem
223 4679 398 4769 dicimus,
431 4677 663 4767 intelligimus
694 4698 899 4768 personam,
930 4676 968 4743 in
1000 4698 1070 4768 qua
1641 4751 1649 4766 ,

96 4796 135 4853 εει
154 4780 367 4863 destructio,
400 4792 545 4871 propter
566 4762 673 4874 quam
691 4777 965 4850 destructionem
990 4800 1071 4868 per·
1333 4750 1391 4816 Ex
1417 4771 1492 4820 ''⁰''
1515 4743 1736 4844 Sufficw'lle
1762 4773 1893 4829 cam·
2008 4806 2020 4815 “

96 4905 172 4953 rona
201 4883 336 4952 abiecta
366 4895 437 4966 est,
478 4881 582 4974 punit
611 4881 705 4950 enim
735 4880 831 4952 Deus
862 4879 1070 4958 subiectum,
1220 4880 1331 4973 Saepe
1347 4883 1699 4969 struuntnrinsidiee
1715 4905 1896 4978 praetextu
1911 4921 2107 4988 causarum,

96 4987 182 5081 guod
201 4997 234 5056 et
253 4984 321 5054 suit
336 5007 438 5053 carisa
456 4984 723 5066 destructionis,
748 4997 781 5054 et
798 4994 848 5052 est
870 5004 925 5050 res
947 4992 1071 5050 conta·
1123 5007 1212 5078 qnae
1233 4998 1349 5052 tamen
1373 5009 1410 5054 re
1431 4985 1505 5076 ipsa
1528 5010 1599 5054 non
1626 5001 1710 5059 sunt
1730 5015 1873 5078 causae,
1899 5014 1960 5068 ant
1977 5002 2105 5074 recita-

96 5090 232 5158 ninata.
283 5085 381 5157 Haec
404 5086 554 5168 solutio,
581 5085 646 5156 etsi
669 5087 706 5154 in
726 5110 763 5155 re
787 5106 912 5173 magna
932 5083 1072 5151 videtur
1122 5087 1219 5158 tione
1245 5109 1427 5156 causarum
1454 5111 1527 5155 non
1552 5088 1823 5180 sufficientium,
1848 5112 1908 5169 aut
1932 5101 2105 5175 aliismo.

96 5191 207 5269 nilis,
242 5188 447 5280 praesertim
472 5188 695 5271 iunioribus,
722 5201 838 5257 temen
865 5183 1072 5274 grandiores
1116 5190 1199 5265 dis,
1217 5189 1263 5255 in
1281 5190 1410 5279 quihus
1430 5213 1553 5258 causae
1573 5216 1645 5257 non
1669 5208 1760 5263 recte
1782 5207 2105 5281 accommodantur.

98 5291 293 5382 ntellignnt
308 5313 427 5393 veram
444 5312 532 5376 esse,
557 5302 590 5358 et
608 5302 680 5360 esse
697 5287 1070 5360 commonefectionem
1094 5248 1099 5354 l
1123 5288 1268 5361 Talium
1290 5292 1493 5380 captionum
1518 5293 1712 5363 solutiones
1732 5297 1821 5369 liunt
1838 5325 1901 5391 per
1917 5304 2104 5379 inficiatio-

96 5397 127 5465 le
142 5396 255 5465 rebus
268 5393 417 5481 magnis.
1094 5360 1098 5455 l
1123 5415 1221 5477 nem,
1248 5405 1312 5463 ant
1335 5392 1619 5467 distinctionem·
1663 5392 1712 5470 Et
1726 5399 1940 5472 Aristoteles
1953 5408 2041 5471 viss
2050 5411 2123 5483 xes.

136 5501 317 5565 hlraanrn.
348 5501 450 5566 Orrn.
475 5499 557 5561 Vos.
587 5494 679 5561 XllI.
1028 5503 1030 5507 ’
1558 5495 1610 5569 hh

1126 2441 1334 2520 nitentiam,
1360 2439 1421 2508 alii
1438 2462 1511 2510 non
1530 2455 1672 2531 agentes
1688 2447 1956 2535 poenitentiam.
1990 2452 2111 2526 Maior
2176 2478 2179 2483 ·
2229 2464 2232 2469 ’
