4538 5754
118 235 182 306 tst

116 408 260 474 itacasu
284 419 466 498 utrunque
493 405 662 497 periisse,
688 407 765 476 sine
788 406 908 499 aliquo
927 403 995 477 Dei
1019 432 1106 479 con·

115 506 214 588 silio,
250 519 285 574 ει
310 519 391 594 post
414 520 561 576 mortem
588 502 680 575 nibil
702 521 855 587 restare,
890 507 981 578 sicut
1005 523 1106 579 ante·

113 631 221 698 quam
238 607 316 674 nati
332 620 452 691 erant,
478 603 571 676 nihil
591 608 736 677 luerunt
752 607 905 677 Pericles
920 623 954 679 et
968 607 1105 681 Cicero.

113 706 242 775 lnanes
261 706 372 794 igitur
390 721 424 778 ει
440 702 544 799 ipsis,
567 720 602 778 et
616 708 706 788 aliis,
722 730 847 777 omnes
865 710 1106 780 eornmfuisse

113 807 380 892 contentiones,
409 809 560 898 perinde
589 821 631 878 ut
653 809 683 879 si
706 809 866 897 gramina
889 832 908 878 a
934 833 1103 880 curruum

113 910 198 979 rotis
217 921 462 982 conterantur.
511 906 609 978 Hinc
637 908 727 978 illud
751 908 884 978 dictum
909 924 960 979 est
979 909 1106 991 Sileni,

113 1023 150 1078 ut
172 1009 301 1079 scribit
318 1005 542 1080 Aristoteles:
571 1005 764 1099 Optimum
795 1021 846 1078 est
867 1004 1006 1078 homini
1029 1034 1103 1079 non

114 1110 227 1190 nasci,
262 1125 324 1179 aut
349 1133 456 1202 qnam
482 1110 666 1179 celerrime
696 1109 845 1180 aboleri.
906 1105 953 1180 Ει
981 1133 1105 1180 versus

116 1212 164 1277 illi
183 1207 374 1299 Epicurei:

162 1333 281 1397 Omnia
295 1347 365 1396 sunt
379 1336 473 1411 risus,
498 1347 569 1396 sunt
585 1338 695 1415 pulvis,
721 1348 751 1396 et
770 1338 871 1396 omnia
888 1345 958 1396 sunt
973 1337 1028 1396 nil.

211 1435 331 1497 Coeous
349 1440 430 1496 enim
450 1448 480 1496 et
499 1457 638 1517 praeceps
656 1440 757 1498 omnia
776 1457 861 1498 casus
878 1440 949 1516 agit.

216 1561 294 1631 Has
320 1563 424 1631 falsas
446 1563 655 1653 opiniones,
689 1578 722 1634 ει
744 1563 1018 1634 contumeliosas
1041 1566 1105 1633 ad·

119 1687 239 1733 versus
257 1662 396 1746 Deum,
422 1676 455 1731 et
473 1677 584 1754 pestes
604 1660 889 1733 vitaehumanae
912 1677 946 1732 ει
965 1688 1104 1733 morum

121 1765 272 1857 execrari
290 1765 472 1835 debemus.
523 1762 738 1855 Quanquam
764 1765 857 1832 enim
885 1767 1104 1852 agnoscenda

119 1882 150 1934 et
172 1865 394 1956 deploranda
427 1876 479 1933 est
512 1859 688 1933 humanae
718 1867 846 1934 mentis
872 1865 1106 1951 imbecillitas,

120 1989 204 2058 quae
222 1979 392 2056 tanquam
417 1964 505 2031 ioris
525 1964 697 2052 aspiciens
718 1980 899 2048 naturam,
925 1978 965 2034 ut
980 1966 1009 2034 si
1025 1967 1105 2058 quis

119 2068 202 2135 loris
218 2067 367 2134 domum
384 2065 539 2156 aliquam
565 2066 840 2156 contempletur,
866 2066 969 2133 valde
992 2067 1104 2138 multa

121 2169 279 2255 ignorat,
313 2179 347 2234 et
369 2166 622 2255 pervestigare,
647 2190 687 2235 ac
709 2160 1009 2256 comprehendere
1028 2191 1105 2234 om-

120 2269 173 2334 nia
192 2289 272 2334 non
296 2278 429 2356 potest,
456 2277 575 2335 tamen
599 2265 715 2358 aliqua
742 2265 927 2356 perspicit,
954 2279 988 2335 et
1009 2281 1103 2335 certo

118 2361 372 2457 comprehensa
385 2379 491 2438 tenet.
543 2364 633 2436 Vult
658 2366 752 2434 enim
768 2363 864 2435 Deus
880 2366 1017 2459 aliquas
1031 2389 1104 2435 esse

118 2482 239 2550 certas,
266 2467 386 2535 firmas
412 2480 446 2534 et
473 2466 639 2535 immotas
656 2466 803 2535 noticias
821 2466 914 2534 vitae
930 2467 1105 2550 rectrices,

117 2571 207 2638 sicut
237 2582 274 2636 et
301 2565 434 2635 Paulus
464 2570 508 2635 ad
531 2563 637 2639 Rom.
657 2566 728 2656 ait,
759 2566 878 2660 Deumx
893 2581 1106 2637 monstrasse

118 2667 334 2739 hominibus
349 2662 440 2736 hanc
457 2666 644 2750 noticiam,
669 2669 765 2760 qnod
783 2667 828 2735 sit
843 2661 941 2736 Deus
963 2681 1104 2737 aeterna

116 2790 239 2851 meus,
273 2763 535 2836 architectatrix
564 2782 597 2837 et
628 2768 804 2838 conditrix
839 2768 950 2837 totins
973 2768 1104 2858 opificii

116 2870 259 2947 mundi,
287 2869 437 2959 sapiens,
463 2869 568 2953 bona,
594 2867 698 2951 iusta,
723 2867 984 2955 castallagitans
1002 2869 1105 2950 iusta,

115 2986 148 3041 et
172 2969 333 3060 puniens
362 2968 510 3052 iniusta,
551 2982 780 3052 monstrasse,
802 2981 836 3038 ει
859 2964 923 3037 has
947 2968 1106 3051 noticias,

116 3096 207 3163 qnae
223 3071 433 3139 discernunt
452 3064 599 3139 honesta
615 3083 649 3139 et
671 3069 801 3158 turpia.
853 3065 931 3136 Hae
952 3069 1105 3138 noticiae

117 3162 406 3262 complectuntur
423 3170 507 3238 alias
523 3167 651 3238 mcrltas
677 3164 859 3263 physicas,
885 3183 921 3239 et
937 3193 1106 3239 numero-

116 3297 199 3342 rnm
219 3285 253 3341 et
271 3273 464 3358 figurarum
483 3270 641 3340 noticias.

220 3386 456 3481 Nequaquam
489 3386 597 3473 igitur
628 3387 802 3456 certitudo
833 3386 871 3454 in
900 3386 1104 3455 universum

117 3492 285 3561 tollenda
302 3501 370 3572 est,
395 3490 455 3557 sed
470 3490 730 3579 quaerendum,
758 3509 846 3578 quae
863 3486 1015 3556 noticiae
1033 3488 1105 3555 sint

115 3605 232 3662 certae
249 3601 286 3660 et
302 3589 434 3673 firmae,
460 3612 547 3681 quas
561 3590 633 3658 siut
653 3589 819 3674 incertae,
840 3611 901 3656 seu
917 3611 990 3655 non
1007 3612 1105 3656 com-

115 3688 328 3784 prehensae.
380 3689 540 3759 Socrates
553 3689 660 3778 igitur
676 3687 910 3757 verecundius
925 3688 1023 3772 dixit,
1036 3683 1105 3756 ho·

116 3795 234 3861 mines
249 3804 313 3859 acrt
328 3786 441 3874 nihil,
466 3802 527 3858 aut
539 3812 649 3880 pauca
665 3789 764 3872 scire,
787 3812 876 3880 quae
894 3802 1012 3858 tamen
1031 3788 1105 3877 ipsa

116 3890 315 3962 necessaria
348 3904 432 3961 sunt
464 3891 574 3970 vitae,
611 3903 645 3959 et
667 3890 744 3959 vult
765 3885 861 3957 Deus
879 3895 930 3957 'ea
960 3888 1106 3980 inquiri,

117 3995 248 4085 aspici,
278 3991 512 4070 considerari,
538 4003 573 4060 et
588 3991 632 4059 ad
650 3989 806 4059 usumin
822 3989 893 4059 vita
911 3988 1104 4060 transferri.

117 4091 421 4185 obtemperemus
445 4091 556 4180 igitur
570 4102 603 4160 et
621 4090 798 4160 voluntati
813 4085 902 4170 Dei,
929 4103 963 4159 et
987 4089 1106 4159 ordini

118 4210 290 4278 naturae,
317 4193 354 4261 in
370 4217 438 4287 qua
454 4192 538 4261 ideo
564 4205 678 4260 certae
699 4191 837 4283 aliquae
854 4204 886 4260 et
902 4190 1023 4280 firinae
1039 4215 1106 4259 no·

116 4298 223 4367 ticiae
237 4309 392 4378 restant,
417 4306 458 4364 ut
473 4292 712 4383 aspiciantur,
738 4304 773 4360 et
789 4305 950 4360 naturam
968 4291 1105 4359 intuea-

117 4423 223 4481 mur,
249 4409 288 4466 et
305 4416 513 4489 quaeramus
530 4417 648 4462 veram
666 4407 701 4463 ει
716 4392 838 4462 utilem
856 4390 1064 4461 doctrinam.

221 4531 350 4623 Sitque
381 4523 466 4596 haec
496 4550 578 4594 vera
602 4525 761 4595 definitio
787 4520 965 4619 physices,
1000 4548 1104 4616 quam

121 4633 224 4702 initio
251 4630 434 4708 recensui,
468 4628 648 4697 videlicet:
675 4621 824 4718 Physica
853 4626 1013 4694 doctrina
1046 4638 1108 4710 est,

120 4758 212 4826 quae
234 4731 385 4809 seriem,
410 4728 616 4822 qualitates,
642 4740 676 4796 et
702 4740 817 4796 motus
843 4726 1004 4795 omnium
1028 4749 1107 4795 cor·

122 4857 254 4924 porum
274 4846 307 4903 et
321 4830 517 4922 specierum
532 4828 572 4896 in
594 4841 738 4905 natura,
765 4838 800 4895 ει
821 4847 942 4895 causas
964 4848 1107 4914 gencra-

121 4937 262 5003 tionnm
286 4944 320 5001 et
336 4928 623 5020 corruptionum,
651 4939 685 4995 et
708 4927 858 4996 aliorum
885 4939 1047 4996 motuum
1070 4926 1107 4995 in

122 5034 309 5104 elementis
325 5045 360 5100 et
384 5031 465 5101 aliis
487 5027 716 5119 corporibus,
741 5051 831 5120 qnae
852 5050 894 5095 ex
916 5027 1110 5096 elemento-

123 5161 203 5205 rum
222 5131 476 5203 commixtione
498 5129 683 5212 oriuntur,
704 5128 854 5220 inquirit
879 5139 914 5196 et
933 5126 1111 5219 patefacit,

122 5252 297 5331 qnantum
312 5234 351 5301 iu
366 5229 432 5302 hac
447 5229 596 5320 caligine
608 5224 784 5297 humanae
800 5227 928 5298 mentis
944 5227 1110 5297 concedi-

123 5352 194 5412 tur.
248 5334 303 5405 De
328 5332 541 5403 certitudine
566 5352 648 5400 vero
673 5343 712 5400 et·
731 5330 775 5398 de
791 5328 961 5412 utilitate,
986 5342 1021 5399 et
1037 5351 1110 5398 me·

607 267 610 270 ’
708 234 772 310 111.
822 233 981 310 lNlTlA
1006 231 1297 321 DOCTRINAE
1321 235 1576 319 Pflxstcatt.
1657 249 1666 264 ‘

2075 251 2148 331 tas

1160 403 1271 478 thodo
1300 431 1363 476 seu
1393 408 1520 478 ordine
1535 409 1726 498 doctrinae,
1753 428 1873 505 postea
1888 418 2014 488 dicam.
2039 417 2146 492 Prius

1159 509 1253 578 enim
1271 512 1470 579 monendus
1485 525 1537 582 est
1551 511 1698 598 Lector,
1730 515 1820 588 alios
1844 517 1884 586 in
1908 519 2141 612 inquisitione

1158 622 1306 679 naturae
1322 609 1441 700 plura,
1468 611 1556 682 alios
1574 613 1740 702 pauciora
1755 617 1958 708 complexos
1980 642 2065 692 esse.
2101 642 2107 653 ¹

1158 812 1260 894 Quae
1301 809 1475 884 doctrino
1507 817 1651 887 usitate
1682 827 1924 911 nuncupatur
1955 819 2142 915 Physica?

1257 957 1381 1030 Fuisse
1417 964 1506 1031 duas
1537 963 1636 1055 quasi
1674 961 1812 1036 scholas
1839 960 2073 1059 Physicorum
2102 970 2141 1038 in

1157 1057 1328 1145 Graecia,
1351 1063 1576 1131 manifestum
1596 1077 1659 1134 est.
1686 1061 1818 1135 Thales
1834 1067 1929 1136 enim
1945 1080 1979 1136 et
1996 1067 2139 1138 Anaxa-

1157 1181 1259 1248 goras
1290 1161 1501 1232 disserentes
1521 1164 1566 1231 de
1596 1179 1723 1235 natura
1749 1191 1886 1249 rerum,
1918 1190 1991 1237 non
2023 1169 2139 1239 solum

1157 1260 1375 1353 propinquas
1398 1284 1519 1332 causas
1548 1286 1567 1330 a
1591 1265 1759 1350 materia,
1800 1266 1965 1338 videlicet
1991 1268 2037 1336 ab
2067 1269 2138 1339 ele·
2223 1341 2225 1345 ,

1157 1361 1285 1430 mentis
1309 1375 1342 1429 ει
1365 1362 1483 1432 mixtis
1507 1365 1718 1453 corporibus
1740 1379 1836 1438 ortas
1857 1368 2140 1452 considerabant,

1157 1463 1216 1530 sed
1234 1462 1374 1551 longius
1387 1464 1559 1552 progressi
1574 1466 1620 1533 ab
1638 1462 1703 1536 hac
1717 1466 1875 1538 instabili
1893 1469 2051 1553 materia,
2073 1471 2137 1538 ad·

1157 1562 1350 1631 iunxerunt
1366 1563 1562 1632 doctrinam
1581 1566 1625 1633 de
1646 1566 1803 1636 motibus
1816 1580 1852 1637 et
1869 1567 2052 1637 effectibus
2078 1592 2138 1637 ce·

1157 1663 1319 1746 lestibus,
1346 1675 1382 1733 et
1403 1664 1634 1734 ostenderunt
1655 1669 1821 1736 materiae
1845 1668 1937 1737 vices
1961 1682 1995 1737 et
2020 1682 2137 1739 muta·

1159 1761 1289 1846 tiones,
1313 1763 1556 1855 aliquomodo
1578 1766 1651 1854 regi
1668 1790 1686 1835 a
1704 1767 1889 1840 celestibus
1902 1769 2027 1838 causis.
2053 1767 2137 1838 Fuit

1157 1863 1250 1930 enim
1279 1864 1480 1955 quaerenda
1511 1878 1636 1934 natura
1665 1867 1786 1959 aliqua
1823 1868 2004 1949 stabilior,
2046 1892 2136 1961 quae

1157 1962 1257 2055 qnasi
1280 1977 1389 2032 metas
1405 1963 1628 2034 circundaret
1649 1967 1813 2037 materiae
1838 1967 2020 2049 inferiori,
2046 1990 2137 2061 quae

1156 2077 1343 2152 perpetuos
1369 2077 1403 2133 et
1431 2065 1526 2132 varie
1549 2076 1704 2136 errantes
1726 2066 1841 2137 fluxus
1863 2063 1988 2148 habet,
2014 2081 2049 2137 et
2073 2068 2136 2137 ad·

1157 2165 1256 2233 sidua
1276 2163 1485 2255 qualitatum
1510 2160 1722 2251 certamina,
1748 2168 1844 2236 unde
1870 2167 2023 2238 existunt
2048 2169 2136 2238 alte-

1157 2265 1313 2335 rationes
1326 2278 1361 2334 et
1375 2263 1587 2354 multiplices
1603 2265 1829 2337 confusiones
1851 2267 2030 2352 materiae,
2056 2291 2136 2337 cor-

1157 2364 1341 2455 ruptiones
1358 2377 1390 2432 et
1407 2365 1658 2453 generationes.

1257 2463 1352 2535 llinc
1367 2464 1591 2534 instabilitati
1606 2467 1706 2557 qnasi
1720 2467 1797 2538 sine
1812 2468 1881 2536 line
1898 2469 2015 2538 ruenti
2027 2481 2136 2539 metas

1158 2577 1338 2656 utcunque
1363 2565 1661 2636 circundederunt
1680 2569 1821 2639 celestes
1845 2592 1976 2642 causas.
2029 2566 2136 2654 Quod

1156 2678 1196 2734 ut
1216 2665 1389 2748 facerent,
1422 2665 1659 2736 movebantur
1686 2668 1877 2760 multiplici
1910 2667 2137 2759 experientia.

1158 2760 1231 2834 Aiir
1245 2779 1280 2835 et
1296 2779 1407 2835 cetera
1423 2789 1568 2853 corpora
1585 2766 1748 2836 calefiunt
1772 2781 1921 2853 aestate,
1946 2791 2026 2839 cum
2042 2766 2137 2839 Solis

1156 2864 1248 2932 radii
1282 2865 1412 2935 rectius
1436 2865 1569 2935 feriunt
1598 2882 1735 2944 nostras
1767 2868 1940 2956 regiones.
2000 2866 2136 2960 Hyeme

1157 2964 1321 3052 frigidior
1344 2977 1396 3034 est
1422 2980 1501 3044 aer,
1536 2967 1736 3036 discedente
1759 2966 1854 3038 Sole.
1910 2964 1960 3036 Ει
1979 2990 2138 3055 magnos,

1158 3065 1346 3134 diuturnos
1367 3078 1402 3134 et
1427 3066 1642 3157 perniciosos
1663 3081 1778 3136 aestus
1810 3066 2138 3137 animadvertebant

1157 3164 1329 3247 extitisse,
1364 3166 1501 3260 quoties
1528 3166 1568 3233 in
1590 3166 1690 3236 siccis
1719 3167 1861 3253 signis,
1885 3180 1925 3236 ut
1946 3165 1985 3234 in
2006 3164 2138 3250 Leone,
2206 3229 2208 3233 s

1158 3279 1219 3336 aut
1235 3264 1374 3351 Ariete,
1400 3289 1604 3357 congressae
1627 3281 1709 3337 sunt
1724 3267 1835 3338 siccae
1847 3266 1987 3350 stellae,
2012 3263 2137 3337 Satur—

1157 3391 1225 3436 nus
1239 3381 1274 3438 et
1290 3366 1400 3437 Mars.
1671 3371 1674 3378 '

1258 3479 1414 3553 Econtra
1429 3478 1658 3555 humiditates
1672 3498 1790 3557 auctas
1803 3508 1887 3570 esse,
1902 3484 2018 3572 largos
2030 3481 2138 3553 luisse

1157 3583 1306 3667 imbres,
1339 3585 1592 3653 exundationes
1612 3608 1775 3676 magnas,
1810 3599 1844 3655 ει
1869 3584 2023 3666 diluvia,
2057 3607 2138 3652 cum

1158 3685 1197 3751 in
1220 3684 1330 3771 signis
1344 3680 1520 3765 humidis,
1542 3683 1677 3756 Cancro
1695 3701 1754 3756 aut
1765 3685 1937 3763 Piscibus,
1961 3682 2139 3773 congressi

1157 3799 1241 3855 sunt
1265 3784 1460 3866 Saturnus,
1485 3781 1643 3875 luppiter
1669 3799 1702 3855 et
1731 3784 1870 3869 Venus,
1908 3798 1945 3854 ut
1973 3783 2140 3853 memini·

1157 3909 1237 3955 nius
1258 3885 1342 3953 anni
1366 3881 1472 3954 1524.
1503 3883 1791 3955 coniunctionem
1821 3885 1958 3955 auxisse
1982 3880 2140 3954 humidi-

1157 3993 1258 4058 tates.
1303 3982 1351 4057 Et
1374 3986 1520 4076 eclipsin
1537 3982 1630 4056 Solis
1643 3985 1679 4054 in
1695 3981 1835 4071 Ariete,
1860 4000 1895 4057 et
1917 3982 2140 4056 coniunctio-

1159 4110 1241 4155 nem
1267 4092 1291 4175 i)
1313 4099 1348 4157 et
1370 4087 1411 4169 ἅ
1434 4087 1473 4154 in
1502 4084 1610 4157 Libra
1645 4110 1765 4158 mense
1799 4085 1903 4156 lunio
1925 4088 2085 4174 ingentes
2106 4094 2141 4149 et
2204 4142 2211 4157 ,

1158 4187 1345 4282 inusitatos
1360 4201 1476 4258 aestus
1503 4187 1660 4258 attulisse
1683 4212 1779 4259 anno
1796 4186 1848 4256 M.
1856 4185 1900 4260 D.
1911 4185 1985 4256 XL.

1260 4303 1402 4376 Similes
1422 4317 1536 4374 aestus
1551 4305 1694 4377 fuerunt
1712 4331 1806 4375 anno
1817 4304 1866 4374 Μ.
1877 4301 1919 4372 D.
1929 4298 2044 4371 XVll.
2060 4322 2140 4368 cum
2243 4336 2245 4339 ·

1159 4406 1425 4498 praecessissent
1439 4406 1529 4475 duae
1544 4398 1688 4497 eclipses
1699 4406 1831 4503 Lunae,
1853 4404 1962 4472 altera
1975 4402 2012 4471 in
2023 4404 2142 4492 Aqua-

1160 4507 1231 4590 rio,
1263 4520 1298 4577 et
1322 4504 1417 4575 lovis
1442 4520 1476 4576 et
1508 4504 1651 4588 Martis,
1684 4519 1718 4574 ει
1738 4504 1831 4576 Solis
1859 4503 2063 4572 coniunctio
2102 4501 2141 4567 in

1159 4607 1287 4677 Leone.
1323 4602 1370 4677 Ει
1392 4607 1547 4677 arbitror
1561 4606 1830 4675 vetustissimam
1848 4599 1940 4672 hanc
1962 4603 2070 4673 fuisse
2083 4622 2140 4669 sa·
2199 4613 2201 4618 ⁴

1160 4707 1349 4800 pientiam,
1373 4706 1526 4797 insignes
1543 4707 1707 4775 materiae
1723 4705 1904 4785 inferioris
1926 4701 2141 4774 mutationes

1160 4809 1308 4895 multas,
1343 4808 1473 4876 reterre
1499 4808 1543 4875 ad
1570 4805 1726 4876 siderum
1755 4807 1911 4897 positus,
1950 4802 2078 4897 quain
2103 4823 2141 4868 re

1161 4900 1223 5007 alii
1235 4909 1356 5000 plura,
1382 4908 1443 4977 alii
1461 4906 1628 5000 pauciora
1644 4910 1789 5019 scrutapi
1805 4920 1899 4987 sunt.

1262 5021 1338 5094 Alii
1359 5038 1476 5095 autem
1496 5024 1642 5094 fuerunt
1662 5018 1824 5120 Physici,
1847 5037 1887 5094 ut
1909 5018 2142 5111 Empedocles

1162 5120 1438 5205 etDemocritus‚
1464 5124 1520 5193 vel
1534 5118 1590 5193 his
1609 5126 1774 5213 omnibus
1789 5127 1893 5212 longe
1911 5120 2142 5213 praestantior

1160 5211 1414 5318 Hippocrates,
1446 5223 1508 5317 qui
1540 5224 1672 5294 relictis
1697 5227 1810 5296 causis
1839 5224 2025 5294 celestibus
2051 5219 2142 5288 inie-

1162 5326 1293 5398 riorem
1310 5325 1493 5409 materiam
1511 5338 1546 5398 et
1560 5326 1637 5397 eins
1653 5326 1841 5418 qualitates
1854 5335 2081 5416 aspexerunt,
2105 5328 2141 5384 et

1643 5426 1730 5497 12*
