4538 5754
110 226 224 348 Assos

692 221 779 304 ·lx.
809 219 1196 296 commutauit
1231 223 1282 294 lN
1315 218 1555 297 PSALMOS.

2048 233 2147 306 taos

115 413 183 471 tur
197 396 336 471 iusticia
358 395 445 482 Dei,
469 395 636 466 omnibus
653 396 797 466 'diaboli
819 409 854 466 et
875 395 1001 465 mundi
1023 393 1111 463 viri·
1134 402 1138 487 J
1160 419 1221 465 ne:
1255 395 1346 464 sicut
1368 394 1406 463 in
1432 394 1604 486 poe'matis
1631 408 1749 468 extant
1775 394 2014 492 blasphemiae
2036 405 2143 476 dubi·

113 500 208 573 bur:
240 515 358 572 tamen
388 497 656 569 meminerimus
677 498 736 584 id,
770 501 865 592 quod
896 493 955 567 bic
977 496 1109 566 dictum

114 615 195 689 est,
223 600 403 673 lusticiam
422 601 513 681 Dei,
540 600 663 685 idest,
690 602 890 671 verbumst
911 598 1110 674 ordinatio-

114 727 207 775 nem
231 700 298 775 Dei
323 704 573 794 sempiternam
599 725 684 778 esse.
744 701 900 796 Ideoque
921 725 997 771 non
1018 700 1109 770 abii-

114 804 257 877 ciamus
286 808 434 876 verbum
462 801 550 889 Dei,
585 827 651 874 nec
676 805 878 876 dubitemus
899 803 988 896 quin
1012 799 1109 874 Deus

116 908 269 979 tandem
286 931 352 978 nos
368 908 583 978 liberaturus
596 906 654 977 sit.

223 1005 290 1082 Eo
301 1010 409 1101 igitur
423 1008 522 1080 utilis
536 1008 742 1088 versiculus,
767 1003 953 1077 habendus
967 1006 1005 1074 in
1024 1029 1109 1075 con·

116 1126 264 1204 spectu,
292 1126 326 1183 et
347 1111 582 1204 opponendus
605 1123 728 1181 contra
752 1109 961 1182 traditiones
982 1103 1110 1178 huma-

117 1236 207 1295 nas,
232 1226 266 1285 et
283 1213 403 1285 omnia
419 1212 568 1283 consilia
584 1207 765 1297 humana,
793 1235 883 1305 quae
907 1223 1030 1280 eontra
1052 1209 1110 1279 iu-

117 1315 283 1403 sticiam,
307 1316 345 1385 id
370 1328 441 1396 est,
478 1328 599 1385 contra
619 1315 768 1384 verbum
791 1329 825 1385 et
846 1312 1108 1384 ordinationem

116 1412 194 1491 Dei
217 1418 472 1510 suscipiuntur.
528 1412 595 1486 Est
617 1427 652 1485 et
676 1415 841 1506 periculis
863 1415 1109 1505 opponendus,

116 1533 162 1593 ut
176 1533 381 1590 constanter
396 1531 616 1614 expectemus
631 1518 890 1589 liberationem.

146 1751 214 1841 lV.
239 1758 466 1828 Memoriam
477 1747 578 1845 ferit
593 1749 828 1825 mirabilium
841 1770 1005 1864 snorum.

238 1892 376 1960 &cam
390 1885 498 1960 deest
514 1882 734 1959 timentibus
752 1884 849 1956 enm.

226 2068 348 2157 Pergit
362 2067 399 2136 in
414 2068 530 2158 speeie
542 2066 714 2160 quaedam
727 2065 894 2134 beneficia
912 2066 1109 2138 nominare.

117 2169 210 2264 Agit
232 2171 342 2261 igitur
364 2170 492 2260 gratias
523 2178 588 2260 pro
613 2169 693 2236 data
721 2167 815 2255 lege,
849 2192 913 2259 pro
938 2167 1111 2237 institutis

117 2272 352 2357 ceremoniis,
378 2286 413 2342 et
425 2270 638 2341 nominatim
652 2292 717 2360 pro
733 2268 894 2339 instituta
911 2270 1109 2338 ceremonia

118 2368 316 2445 Paschatis.
369 2370 417 2443 Et
431 2373 585 2463 graviter
608 2373 652 2439 de
676 2393 742 2439 usu
758 2366 940 2440 Paschatis
967 2371 1109 2441 concio-

118 2489 244 2547 natur.
278 2473 493 2543 Memoriam
508 2474 591 2542 lecit
604 2472 822 2541 mirabilium
841 2496 998 2558 suorum,
1021 2497 1107 2565 qua·

119 2577 155 2648 si
169 2576 281 2660 dicat,
305 2573 389 2645 Non
407 2576 492 2645 satis
510 2588 560 2643 est
576 2575 666 2644 ritus
681 2595 818 2642 servare
841 2598 902 2644 seu
918 2570 1109 2658 Paschatis,

118 2700 186 2750 seu
204 2677 310 2762 alios,
336 2676 417 2747 Non
435 2687 587 2769 prosunt
603 2674 823 2744 ceremoniae
847 2701 889 2746 ex
904 2701 1009 2766 opere
1025 2699 1108 2768 ope-

119 2793 221 2863 rato,
248 2773 324 2848 sine
340 2782 458 2864 verbo,
484 2778 663 2860 sinefide‚
688 2777 764 2844 sine
780 2778 1020 2848 invocatione:
1049 2780 1106 2847 sed

119 2877 183 2952 bic
199 2879 366 2950 Psalmus‘
376 2880 543 2974 requirit,
571 2893 610 2948 ut
632 2877 719 2950 Esca
740 2879 784 2951 sit
807 2881 978 2949 memoria
998 2881 1108 2950 facto-

116 2996 205 3054 'rum
221 2997 255 3051 et
271 2982 368 3050 verbi
383 2981 471 3065 Dei,
496 2982 532 3049 id
552 2995 615 3060 est,
642 2994 682 3048 ut
698 2982 844 3049 verbum
863 2981 913 3049 ibi
928 2985 1108 3067 doceatur,

119 3099 158 3155 et
172 3084 388 3168 excitentur,
415 3084 541 3166 timor,
566 3083 671 3164 fides,
697 3082 893 3167 invocatio,
913 3085 1108 3174 gratiarum

119 3186 216 3258 actio
232 3200 264 3256 et
282 3185 415 3254 similes
430 3185 481 3277 pii
497 3197 613 3253 motus
631 3184 670 3251 in
684 3184 912 3254 audientibus
929 3187 1108 3255 admirans

120 3290 169 3358 da
192 3310 300 3378 opera
317 3276 412 3371 Dei,
440 3308 572 3384 poenas
591 3285 785 3375 impiorum
810 3299 845 3355 et
859 3287 1107 3357 liberationem

119 3389 263 3497 populi.
314 3387 374 3459 Sic
391 3390 539 3486 prodest
555 3386 772 3466 ceremonia,
799 3402 833 3458 et
847 3389 884 3458 lit
902 3391 1017 3460 cultus
1029 3389 1108 3463 Dei.

114 3548 120 3555 ·
226 3517 292 3591 Est
318 3544 401 3611 ergo
426 3521 613 3611 insigniter
635 3515 694 3588 hic
721 3521 976 3591 consideranda
1000 3525 1109 3616 parti-

120 3622 223 3717 cula,
249 3647 328 3693 cum
345 3624 409 3692 ait:
436 3617 662 3693 Memoriam
671 3618 784 3719 facit,
808 3637 847 3693 ut
862 3624 1037 3697 discamus
1053 3651 1109 3695 re-

121 3724 221 3821 quiri
237 3747 313 3794 non
329 3738 466 3796 tantum
485 3724 739 3804 ceremoniam,
766 3726 826 3793 sed
843 3726 960 3816 potius
977 3751 1109 3798 memo-

113 3826 236 3921 riam,
262 3826 391 3908 idest,
417 3839 457 3896 ut
480 3828 630 3896 verbum
651 3824 890 3917 praedice‘tur,
914 3841 954 3897 ut
975 3831 1109 3901 mentio

120 3951 320 4022 poenarum
336 3927 487 3999 incutiat
503 3941 675 3997 terrorem
689 3928 935 4010 audientibus,
961 3946 997 4001 et
1011 3931 1109 4000 men-

119 4030 174 4102 tio
194 4030 446 4100 beneficiorum
463 4031 630 4114 accendat
650 4030 774 4114 fidem,
800 4031 1060 4102 invocationem
1077 4049 1111 4104 et

119 4130 316 4302 grptiarum
332 4132 519 4206 actionem.
553 4132 652 4201 Haec
670 4144 722 4202 est
739 4155 819 4200 vera
836 4133 1025 4204 celebratio
1043 4133 1109 4205 Pa-

117 4257 158 4305 sc
187 4231 263 4304 atis.

173 4387 344 4468 Clemens
360 4402 391 4464 ct
409 4394 614 4467 misericors
630 4395 830 4468 Dominus.

226 4543 427 4636 Diligenter
451 4548 713 4618 observandum
744 4563 795 4618 est
820 4547 1031 4634 discrimen,
1067 4552 1110 4621 de

120 4673 199 4744 quo
223 4672 324 4740 saepe
346 4649 488 4721 dicitur.
550 4646 684 4719 Gentes
708 4652 774 4720 etsi
797 4645 929 4723 habeut
954 4651 1108 4744 aliquam

117 4751 212 4843 legis
237 4751 424 4834 noticiam,
451 4753 547 4844 quod
570 4749 665 4821 Deus
693 4752 736 4820 sit
761 4753 875 4820 bonus
897 4766 956 4822 aut
972 4755 1108 4824 miseri-

1159 498 1310 570 tantium
1327 509 1361 565 et
1376 491 1711 586 blasphemantium.

1260 597 1331 669 Sed
1347 597 1597 690 promissiones
1614 599 1657 667 de
1670 594 1814 683 Christo
1828 604 2085 677 concionantur
2097 609 2141 678 de

1157 701 1309 790 gratuita
1326 701 1534 770 remissione
1547 715 1782 794 peccatorum,
1809 707 1900 775 etde
1914 710 2065 796 gratuita
2081 733 2140 780 ac·

1159 803 1367 894 repletione.
1426 799 1503 872 Hae
1531 802 1782 893 promissiones
1804 807 2001 880 exuscitant
2021 811 2140 896 fidem,

1159 917 1193 974 et
1227 904 1435 974 confirmant
1469 918 1603 973 mentes
1636 918 1757 974 contra
1791 909 2068 997 dubitationem,
2099 926 2140 984 ut

1159 1007 1323 1090 credant,
1350 1018 1384 1073 et
1406 1005 1587 1085 invocent,
1616 1019 1649 1075 et
1670 1007 1822 1079 sentiant
1844 1034 1880 1080 re
1902 1015 2080 1102 exaudiri,
2106 1028 2138 1086 et

1159 1104 1234 1177 Deo
1249 1131 1353 1177 curae
1364 1130 1448 1178 esse.
1475 1101 1531 1176 Ad
1546 1102 1608 1176 bas
1620 1108 1868 1197 promissiones
1877 1114 2001 1184 referri
2011 1118 2141 1186 debent

1160 1207 1288 1301 passim
1311 1209 1402 1279 dicta
1423 1210 1467 1277 de
1489 1207 1729 1280 misericordia
1749 1207 1828 1286 Dei.
1878 1212 1968 1285 Nam
1988 1219 2154 1310 populus

1159 1309 1228 1381 Dei
1250 1310 1408 1382 intuetur
1430 1311 1682 1402 promissiones
1711 1325 1744 1381 et
1767 1314 1835 1383 lide
1871 1342 1950 1385 vera
1984 1334 2141 1411 expectat

1162 1411 1459 1492 misericordiam,
1493 1426 1526 1482 et
1551 1436 1630 1481 vere
1653 1414 1775 1484 statuit
1797 1439 1834 1486 se
1860 1419 1984 1510 respici
2010 1445 2029 1489 a
2052 1419 2141 1504 Deo,
2263 1407 2268 1420 ’

1161 1527 1196 1584 ει
1213 1527 1390 1605 acceptum
1409 1536 1482 1583 esse
1498 1538 1561 1605 per
1576 1514 1872 1600 misericordiam,
1901 1533 2044 1611 propter
2058 1547 2141 1612 pro.

1161 1616 1306 1686 missum
1329 1617 1580 1685 redemtorem:
1607 1615 1743 1686 etiamsi
1757 1617 1890 1691 interea
1906 1623 2062 1711 agnoscit
2086 1624 2144 1693 in·

1162 1718 1370 1808 dignitatem
1390 1740 1499 1790 suam.

1264 1817 1385 1908 Quare
1399 1814 1484 1889 haec
1500 1820 1593 1888 dieta
1610 1820 1648 1888 in
1664 1817 1814 1890 Psalmis
1832 1823 1876 1890 de
1899 1825 2142 1897 misericordia

1163 1945 1236 1990 non
1252 1921 1301 1990 sic
1317 1921 1545 2010 intelligenda
1562 1938 1662 2002 sunt,
1689 1922 1779 1992 sieut
1801 1924 1905 1992 etiam
1931 1943 2051 2016 gentes
2075 1930 2143 1999 tri·

1162 2024 1278 2102 buunt
1292 2019 1367 2093 Deo
1394 2023 1690 2092 misericordiam:
1722 2025 1782 2092 sed
1806 2025 1995 2096 discrimen
2017 2042 2142 2099 tenen-

1162 2127 1248 2194 dum
1271 2138 1333 2198 est.
1384 2123 1506 2213 Longe
1521 2125 1624 2194 aliter
1644 2125 1842 2218 loquuntur
1863 2129 1906 2197 de
1930 2129 2087 2202 bonitate
2111 2146 2144 2201 et

1162 2226 1400 2295 misericordia
1415 2223 1483 2295 Dei
1498 2222 1700 2316 Xenophon
1724 2242 1755 2298 et
1772 2231 1956 2316 promissio
1980 2231 2143 2322 Evange-

1161 2328 1212 2403 lii.
1265 2326 1398 2398 Gentes
1416 2350 1489 2396 non
1507 2328 1639 2397 norunt
1655 2329 1896 2400 remissionem
1910 2346 2144 2424 peccatorum,

1162 2455 1226 2499 nec
1248 2432 1395 2499 credunt
1415 2429 1481 2497 sibi
1507 2429 1613 2518 gratis
1634 2430 1786 2519 ignosci,
1820 2448 1881 2502 aut
1904 2457 1940 2504 se
1966 2436 2142 2506 exaudiri:

1160 2533 1220 2601 sed
1248 2531 1315 2620 pii,
1342 2530 1404 2624 qui
1421 2544 1555 2601 norunt
1571 2532 1821 2624 promissiones
1836 2529 2041 2626 Evangelii,
2069 2562 2143 2606 cre·

1161 2635 1252 2703 dunt
1275 2633 1517 2703 remissionem
1543 2646 1786 2722 peccatorum,
1822 2657 1903 2704 vere
1926 2650 2087 2709 statuunt
2108 2662 2144 2708 εε

1160 2735 1320 2804 exaudiri
1342 2760 1382 2804 ac
1406 2734 1560 2804 defendi.
1608 2734 1710 2833 ¹Haec
1735 2736 1896 2806 doctrina
1915 2739 2064 2829 singulis
2080 2763 2144 2810 ne-

1159 2836 1307 2906 cessaria
1329 2848 1398 2919 est,
1432 2849 1471 2904 ut
1497 2835 1688 2923 agnoscant
1719 2838 1914 2906 naturalem
1949 2842 2145 2913 dubitatio·

1159 2962 1243 3008 nem
1257 2940 1301 3006 de
1316 2937 1556 3006 misericordia
1571 2932 1659 3015 Dei,
1687 2952 1720 3008 et
1737 2955 1919 3028 opponant
1937 2944 2145 3030 promissio·

1160 3064 1221 3109 nes
1235 3038 1418 3130 Evangelii
1433 3039 1597 3130 propriae
1612 3039 1847 3110 imbecillitati
1868 3053 1902 3110 et
1927 3066 1962 3111 se
1980 3044 2050 3113 lide
2074 3047 2144 3114 eri-

1159 3154 1252 3232 gant.

1212 3301 1351 3375 Escam
1370 3299 1469 3373 dedit
1485 3302 1697 3376 timentibus
1712 3330 1760 3380 se.

1258 3437 1349 3508 Cum
1366 3438 1530 3509 nominat
1545 3433 1704 3524 Escam',
1729 3441 1899 3530 significat
1922 3465 2052 3531 agnum
2075 3440 2145 3514 Pa·

1161 3537 1306 3610 schatis:
1334 3564 1417 3610 nam
1434 3541 1686 3632 supradictum
1702 3556 1772 3628 est,
1797 3545 1892 3636 quod
1911 3539 1969 3613 hic
1985 3541 2145 3616 Psalmus

1162 3644 1323 3711 videatur
1338 3643 1446 3711 fnisse
1461 3642 1653 3730 gratiarum
1669 3645 1778 3726 actio,
1802 3667 1890 3737 quae
1905 3646 2007 3715 solita
2026 3662 2075 3718 est
2088 3671 2145 3718 re-

1162 3745 1261 3814 citari
1279 3743 1318 3810 in
1334 3743 1439 3815 Festo
1455 3739 1646 3817 Paschatis.
1698 3740 1921 3817 Annumerat
1944 3749 2053 3838 igitur
2065 3774 2145 3819 cae-

1161 3847 1245 3916 teris
1267 3846 1444 3915 benefieiis
1464 3846 1728 3914 ordinationem
1750 3849 1795 3916 de
1819 3849 2028 3920 mactatione
2051 3853 2144 3943 agni,

1162 3964 1195 4018 et
1214 3947 1360 4040 reliquis
1383 3947 1603 4019 ceremoniis.
1619 3949 1623 3956 '
1662 3947 1820 4038 lugentia
1854 3951 2021 4021 beneficia
2035 3965 2037 3968 ’
2052 3969 2145 4040 sunt,

1162 4051 1255 4142 quod
1268 4045 1374 4118 Deus
1390 4049 1529 4119 vocavit
1544 4062 1577 4117 et
1599 4051 1757 4122 defendit
1770 4045 1866 4119 hune
1882 4054 2052 4144 populum
2070 4079 2144 4123 ma-

1163 4152 1241 4241 gnis
1259 4151 1458 4234 miraculis,
1483 4152 1580 4244 quod
1604 4153 1702 4223 dedit
1725 4153 1757 4222 ei
1776 4152 1934 4222 Verbum
1953 4169 1986 4222 et
2000 4152 2143 4245 Legem,

1163 4254 1257 4345 quod
1274 4252 1453 4322 ordinavit
1476 4267 1586 4322 certas
1607 4255 1841 4337 ceremonias,
1868 4255 1949 4346 quia
1966 4256 2064 4326 Dens
2087 4281 2144 4326 so-

1163 4355 1210 4424 let
1233 4353 1449 4423 ceremonias
1478 4357 1606 4424 addere
1633 4358 1761 4445 verbo,
1795 4355 1976 4443 videlicet,
2007 4374 2047 4429 ut
2073 4360 2143 4430 sint

1162 4457 1260 4546 signa
1276 4457 1520 4526 conservantia
1535 4460 1741 4532 memoriam
1758 4459 1858 4527 verbi
1875 4452 1953 4531 Dei.

1264 4555 1404 4628 Rursus
1436 4575 1552 4632 autem
1588 4553 1645 4626 bic
1674 4562 1918 4630 admonendus
1948 4576 1999 4631 est
2022 4562 2143 4647 lector,

1161 4656 1387 4728 Ceremonias
1408 4684 1481 4729 non
1509 4663 1672 4750 prodesse
1694 4687 1734 4730 ex
1757 4684 1863 4752 opere
1886 4676 2046 4753 operato:
2081 4669 2144 4733 sed

1162 4785 1235 4828 esse
1256 4762 1375 4850 signa,
1400 4787 1489 4854 quae
1513 4784 1579 4829 nus
1603 4765 1646 4831 de
1670 4765 1777 4832 verbo
1806 4778 1839 4832 et
1860 4766 1927 4833 lide
1951 4768 2143 4836 admonere

118 4877 222 4936 cors,
255 4865 372 4924 tamen
396 4851 451 4920 lex
472 4866 525 4922 est
547 4853 819 4936 conditionalis,
855 4853 891 4921 id
916 4867 983 4940 est,
1015 4856 1109 4925 iudi-
1161 4863 1322 4931 debeant.
1380 4862 1439 4934 Sic
1472 4864 1580 4949 igitur
1614 4879 1763 4954 prosunt
1794 4867 2030 4949 ceremoniae,
2063 4893 2142 4937 cum

118 4970 180 5027 cat
195 4955 316 5026 Deum
333 4956 467 5022 bonum
491 4968 525 5024 et
541 4955 804 5025 misericordem
825 4977 920 5038 esse,
946 4951 1020 5041 his,
1047 4958 1109 5050 qui
1161 4964 1266 5033 nobis
1281 4965 1429 5034 verbum
1447 4965 1611 5053 redigunt
1629 4967 1666 5034 in
1683 4969 1909 5050 memoriam,
1936 4983 1970 5041 et
1993 4971 2061 5040 fide
2084 4994 2143 5040 ex-

117 5054 307 5130 suntinrti
331 5070 365 5124 et
386 5056 462 5123 sine
485 5072 645 5147 peccato,
674 5082 746 5127 non
769 5058 871 5128 docet
892 5058 936 5126 de
959 5058 1109 5148 gratuita
1161 5067 1289 5135 citatur
1314 5062 1494 5136 Invocatio
1519 5081 1552 5137 ct
1576 5065 1782 5140 Gratiarum
1801 5070 1913 5139 actio:
1942 5071 2021 5141 ideo
2046 5072 2142 5162 prius
2258 5134 2261 5139 .

117 5157 330 5263 remissione
347 5170 580 5249 peccatorum.
633 5159 717 5228 ldeo
734 5174 853 5248 gentes
870 5182 942 5228 non
961 5177 1109 5252 possunt
1161 5167 1375 5252 dictumest,
1402 5168 1790 5243 Memoriamfecitetc.
1833 5171 1881 5245 Ut
1894 5175 2052 5266 requirat
2067 5173 2142 5243 cub

117 5257 256 5334 lubere
277 5259 399 5344 fidem,
437 5284 500 5329 nec
524 5283 605 5329 vere
629 5261 794 5330 invocare
817 5258 948 5330 Deum:
983 5265 1042 5333 sed
1070 5264 1108 5333 in
1160 5282 1217 5341 tus
1238 5270 1443 5356 interiores,
1477 5274 1581 5340 lidem
1613 5287 1648 5343 et
1678 5274 1958 5358 invocationem,
1995 5290 2028 5345 et
2047 5298 2144 5344 nnnc

115 5362 313 5459 pavoribus
330 5362 584 5455 opprimuntur
602 5348 823 5434 dubitatione
838 5376 874 5467 et
893 5364 1109 5457 desperatio·
1132 5420 1136 5455 ,
1160 5371 1279 5457 addit,
1312 5373 1521 5446 timentibus
1548 5397 1647 5462 cum,
1680 5376 1982 5465 significassetis
2010 5389 2142 5466 gratam

1533 5477 1609 5548 82*
2154 5499 2156 5502 ·
