4538 5754
65 247 147 326 240
636 246 703 327 lll.
754 240 914 320 lNlTIA
937 240 1234 321 DOCTRINAE
1258 240 1515 323 PllYSlCAll.
2019 236 2130 316 Μ’,
2225 250 2227 255 ’

63 435 161 506 ειιεε,
186 420 341 506 diluvia,
371 421 608 513 pestilentias,
635 419 729 491 bella
756 431 790 490 et
811 440 959 507 magnas
986 418 1060 488 cla·
1109 417 1334 510 quadrantis,
1361 418 1424 512 qui
1439 432 1491 489 εει
1506 417 1600 488 inter
1613 412 1837 488 horizontem
1864 427 1898 486 et
1922 384 2093 507 punctum

61 527 128 593 des
142 523 262 594 statim
278 538 359 614 post
375 523 553 594 lominum
568 522 724 593 delectus
737 520 917 607 accidisse,
939 532 979 592 ut
994 519 1057 590 illa
1108 518 1297 605 verticale,
1321 534 1474 614 suntque
1487 520 1651 612 aequales
1665 516 1807 607 auguli,
1833 538 1923 610 quos
1937 517 2095 588 taetras-

60 625 161 694 mala
175 647 266 715 pene
283 625 494 696 denunciari
509 622 878 695 viderenturacoelo.
1106 619 1187 689 dius
1212 621 1372 692 incidens
1399 646 1478 692 cum
1509 622 1617 712 plano
1648 614 1862 702 horizontis,
1895 631 1929 688 et
1954 641 2093 689 summo

169 724 245 796 Nec
263 726 442 796 laudanda
463 738 515 798 est
529 725 676 797 Periclis
696 736 730 796 et
753 722 925 794 similium
946 720 1058 791 auda-
1107 743 1296 810 gnomone.
1348 722 1408 793 Fit
1432 723 1541 812 igitur
1565 721 1761 793 necessario
1784 719 1912 797 umbra
1935 720 2095 813 aequalis

61 827 139 911 cia,
165 827 230 919 qui
249 826 495 918 disputarunt,
522 829 605 922 quia
620 826 723 897 certis
735 837 898 896 motuum
918 822 1057 911 legibus
1106 825 1288 913 gnomoni.
1339 820 1387 894 Et
1404 825 1442 892 in
1459 824 1579 893 medio
1594 824 1722 894 mundi
1737 834 1866 892 terram
1889 820 1993 890 sitam
2019 844 2094 893 εεεε

61 931 193 999 tierent
225 929 404 1000 luminum
436 929 722 1013 obscurationes,
760 926 841 996 ideo
872 919 966 994 nihil
999 945 1056 992 eas
1106 925 1260 995 ostendit
1293 925 1437 1008 umbra,
1480 949 1571 1018 quae
1599 926 1657 996 die
1680 922 1856 995 solstitiali
1881 933 1916 991 et
1936 922 2094 995 brumali

64 1030 152 1099 mali
173 1030 411 1115 denunciare,
444 1029 535 1100 sicut
556 1031 657 1100 aiunt
672 1027 843 1098 Periclem
857 1026 1055 1115 ingressum
1104 1026 1302 1096 contrarias
1323 1027 1435 1097 lineas
1456 1028 1633 1114 efficiunt,
1665 1048 1816 1121 quarum
1836 1035 2018 1096 contactus
2039 1037 2092 1096 est

65 1131 105 1198 in
122 1131 258 1210 navim,
280 1154 363 1199 cum
376 1143 519 1221 repente
533 1129 703 1202 terribilis
716 1128 855 1220 eclipsis
869 1126 966 1199 Solis
980 1125 1056 1218 pri·
1104 1123 1160 1223 ias'
1177 1122 1339 1208 εὐθείας.
2169 1122 2174 1131 ’

61 1256 122 1300 mo
152 1254 252 1301 anno
287 1232 374 1300 belli
403 1230 697 1324 Peloponnesiaci
729 1241 914 1322 conspecta
954 1239 1056 1312 esset,
1206 1226 1329 1322 Neque
1342 1224 1410 1299 boc
1425 1243 1562 1301 tantum
1577 1230 1726 1300 umbrae
1740 1239 1996 1310 monstrarunt,
2022 1225 2090 1299 So-
2155 1264 2159 1279 ›

62 1326 254 1402 Navarcbo
271 1332 425 1402 voluisse
441 1357 608 1424 pavorem
625 1332 787 1403 eximere.
837 1328 927 1400 Nam
947 1321 1054 1397 buius
1104 1329 1174 1398 lem
1189 1353 1264 1399 esse
1280 1331 1449 1400 maiorem
1466 1345 1570 1412 terra,
1595 1331 1656 1401 sed
1673 1331 1779 1401 etiam
1795 1325 1862 1399 boc
1877 1351 2018 1422 quoque
2032 1328 2092 1397 in-

61 1433 188 1502 oculos
203 1431 312 1523 pallio
333 1434 484 1518 velavit,
510 1457 550 1504 ec
566 1446 686 1525 postea
712 1443 830 1502 amoto
857 1430 969 1522 pallio
996 1429 1054 1497 in·
1104 1430 1287 1516 dicarunt,
1313 1447 1484 1526 quantum
1501 1434 1609 1524 spacii
1625 1433 1664 1501 in
1680 1447 1774 1503 terra
1791 1432 2005 1520 respondeat
2024 1428 2091 1499 nni

61 1534 278 1624 terrogavit,
302 1535 468 1628 nunquid
485 1534 553 1626 ipsi
568 1549 629 1606 aut
641 1533 720 1605 aliis
735 1531 872 1627 aliquid
886 1530 972 1600 mali
994 1553 1054 1601 ac·
1103 1534 1228 1621 gradui
1242 1535 1280 1602 iu
1297 1534 1418 1620 coelo,
1440 1536 1539 1603 unde
1561 1547 1680 1626 postea
1704 1546 1779 1607 toto
1802 1532 1941 1602 ambitu
1960 1531 2092 1623 depre-

61 1635 206 1707 cidisset
220 1647 420 1727 propterea,
444 1639 541 1729 quod
559 1637 685 1726 exiguo
699 1647 858 1726 tempore
874 1632 971 1703 oculi
986 1631 1053 1700 im·
1104 1629 1235 1721 hanso,
1256 1636 1402 1725 cogitari
1419 1638 1572 1707 ambitus
1587 1651 1701 1708 terrae
1715 1635 1843 1730 potuit,
1863 1632 1925 1727 qui
1941 1645 1992 1702 εει
2005 1631 2090 1701 mil·

62 1737 176 1827 pediti
194 1750 319 1820 essent,
343 1759 392 1807 nc
407 1737 549 1827 longios
563 1735 828 1832 prospicerent?
845 1728 906 1804 'lta
923 1732 1054 1828 inquit,
1101 1735 1244 1806 liarium
1261 1734 1375 1811 5400.
2108 1808 2114 1817 ,

63 1860 132 1907 nec
146 1837 224 1908 Soli
244 1861 311 1907 nec
334 1839 441 1910 nobis
459 1854 581 1926 nocet,
606 1836 665 1911 bic
686 1839 902 1909 intercursus
916 1835 1054 1921 Lunae,
1204 1836 1344 1909 Deinde
1359 1841 1513 1933 quaesita
1527 1853 1579 1913 est
1593 1840 1779 1913 subtiliore
1802 1840 1940 1911 ratione
1961 1859 2089 1928 corpo·

62 1939 126 2031 qui
140 1938 323 2031 paulisper
337 1939 442 2010 nobis
455 1937 549 2011 Solis
567 1954 794 2035 conspectum
811 1936 948 2010 adimit.
1102 1963 1195 2026 mm,
1211 1939 1317 2027 Solis,
1333 1940 1467 2011 Terrae
1482 1956 1516 2012 et
1529 1940 1664 2027 Lunae,
1677 1942 1873 2034 proportio.
1898 1938 1946 2011 Et
1959 1942 2088 2030 depre-

165 2037 242 2110 Sed
264 2038 418 2109 Pericles
449 2039 524 2132 ipse
548 2044 632 2113 satis
655 2042 773 2114 tristes
799 2063 929 2133 poenas
954 2037 1054 2109 dedit
1102 2036 1253 2112 beusum
1275 2056 1343 2128 est,
1381 2042 1502 2114 Solem
1534 2040 1609 2113 css‘e
1637 2044 1808 2113 maiorem
1838 2056 1931 2113 terra
1954 2039 2088 2110 centies

61 2153 285 2233 contemptae
301 2141 445 2211 divinae
458 2142 727 2218 admonitionis.
760 2140 851 2212 Nam
869 2153 904 2210 ει
916 2139 1051 2209 bellum
1102 2144 1273 2234 sexagies,
1306 2145 1435 2229 sexies,
1466 2157 1501 2215 et
1526 2144 1672 2236 insuper
1699 2144 1881 2215 continere
1911 2156 1983 2212 tres
2004 2141 2082 2211 eius

60 2239 203 2312 exitiale
219 2241 285 2314 toti
300 2242 472 2315 Graeciae
485 2245 617 2325 movit,
643 2258 677 2315 et
691 2267 774 2313 mox
789 2255 906 2313 secuta
922 2252 975 2310 εει
990 2264 1053 2332 ρε-
1102 2257 1252 2317 octavas.
1311 2245 1460 2316 Terram
1493 2269 1578 2315 vero
1605 2247 1776 2317 maiorem
1800 2245 1903 2316 Luna
1926 2242 2085 2333 trigesies

58 2343 221 2415 stileutia
246 2345 336 2413 adeo
360 2365 484 2429 saeva,
516 2358 558 2416 ut
579 2341 747 2437 brachia,
776 2343 909 2435 capita,
934 2343 1052 2434 pedes,
1104 2347 1229 2416 novies
1245 2347 1439 2439 etinsuper
1454 2347 1636 2419 continere
1651 2349 1760 2417 lerme
1774 2347 1939 2418 trientem
1960 2359 2086 2417 terrae.

59 2443 328 2534 aegrotantibus
350 2466 371 2514 a
393 2445 534 2539 reliquo
556 2469 704 2539 corpore
733 2446 926 2537 putrefacta
954 2443 1052 2514 deci·
1202 2444 1270 2518 Est
1290 2448 1398 2539 igitur
1419 2448 1559 2541 eclipsis
1572 2446 1696 2520 Lunae
1711 2448 1864 2540 privatio
1886 2446 1976 2517 lucis
1991 2446 2085 2515 sola·

57 2546 191 2620 demut.
1101 2548 1151 2618 ris
1165 2549 1205 2618 in
1221 2547 1344 2632 Luna,
1370 2574 1461 2644 quae
1483 2551 1636 2643 privatio
1658 2575 1700 2621 eo
1723 2551 1779 2636 tn,
1805 2550 1887 2644 quia
1903 2547 2006 2618 Luna
2026 2547 2085 2615 ina

159 2646 333 2720 Mirando
348 2661 466 2719 autem
481 2650 631 2722 consilio
646 2646 743 2721 Deus
763 2648 927 2718 umbram
952 2647 1052 2716 ordi·
1101 2651 1212 2722 currit
1236 2651 1275 2719 in
1295 2653 1459 2722 umbram
1482 2665 1615 2737 terrae,
1643 2653 1869 2743 interpositae
1893 2649 2086 2720 diametra-

59 2749 183 2830 navit,
206 2773 297 2843 quae
312 2750 415 2844 quasi
424 2752 658 2824 'monstratrix
677 2750 748 2824 tuis
761 2750 954 2821 multarum
970 2771 1052 2839 par·
1101 2751 1182 2822 liter
1199 2752 1293 2822 inter
1307 2752 1425 2825 Solem
1450 2765 1484 2822 et
1499 2750 1651 2827 Lernam.
1702 2753 1782 2824 Hoc
1802 2753 1859 2834 tit,
1885 2772 1966 2822 com
1981 2748 2084 2820 Luna

58 2851 148 2922 tium
166 2851 205 2919 in
222 2846 288 2921 bac
303 2852 478 2922 doctrina.
1101 2853 1200 2922 venit
1215 2853 1258 2922 ad
1275 2867 1380 2945 caput
1393 2867 1453 2924 aut
1466 2858 1612 2924 caudam
1629 2851 1823 2939 Draconis,
1848 2867 1890 2925 ut
1905 2872 2013 2943 supra
2027 2851 2084 2920 di-

162 2951 327 3023 Primum
344 2953 440 3022 enim
456 2954 641 3026 manifesta
665 2968 700 3026 et
722 2976 796 3023 non
819 2949 1049 3022 subtilissima
1100 2969 1194 3025 ctum
1218 2969 1288 3039 est,
1323 2951 1391 3025 hoc
1413 2968 1481 3040 εει,
1513 2979 1593 3025 com
1617 2954 1841 3028 latitudinem
1863 2966 1926 3024 aut
1945 2952 2083 3022 nullam

58 3053 234 3125 indicatio
247 3054 505 3143 magnitudinis
518 3079 728 3148 corporum,
752 3053 847 3125 Solis
868 3065 904 3123 ct
927 3065 1050 3138 terrae,
1100 3052 1224 3140 babet,
1263 3069 1324 3127 aut
1347 3056 1524 3125 minorem
1547 3057 1695 3126 minutis
1715 3055 1890 3146 sexaginta
1910 3053 2081 3147 quinque.

58 3172 93 3227 et
107 3154 305 3226 multorum
320 3168 482 3228 motuum
498 3154 594 3229 Solis
614 3172 649 3230 ct
664 3155 807 3241 Lunae,
832 3154 986 3225 sumitur
1007 3179 1049 3223 ex
1097 3157 1188 3228 Nam
1219 3157 1479 3227 semidiameter
1501 3158 1649 3228 umbrae
1670 3158 1820 3228 maxima
1848 3170 1900 3227 εει
1927 3154 2083 3248 quadra-

58 3256 198 3328 ombra.
1098 3260 1195 3351 ginta
1212 3273 1345 3351 septem
1358 3259 1580 3331 minutorum
1594 3261 1678 3331 iere.
1713 3256 1982 3332 semidiameter
1996 3279 2081 3325 vero

157 3354 227 3429 Est
250 3370 368 3428 autem
398 3359 526 3430 umbra
558 3359 711 3453 privatio
739 3358 829 3429 lucis
857 3355 1049 3449 impeditae
1096 3359 1221 3431 Lunae
1234 3384 1404 3452 apparens
1417 3360 1856 3432 maximaestminutorum
1872 3356 2081 3442 octodecim,

59 3460 223 3554 opposito
243 3483 391 3550 corpore
406 3485 535 3553 opaco,
560 3465 655 3555 quod
673 3461 814 3531 radium
830 3458 1047 3528 incidentem
1098 3486 1187 3556 quae
1200 3486 1357 3533 summae
1373 3463 1538 3533 collectae
1555 3463 1690 3533 faciunt
1704 3463 1755 3534 dd
1770 3463 1920 3537 minuta.

58 3560 263 3634 certissimis
285 3561 390 3633 lineis
409 3577 445 3634 et
470 3581 565 3635 certo
585 3562 704 3654 spacio
731 3575 846 3647 arcet,
880 3572 1048 3652 tantaque
1199 3561 1306 3635 Unde
1335 3565 1393 3649 lit,
1425 3576 1466 3636 ut
1490 3581 1681 3636 cernantur
1710 3564 1899 3634 dissimiles
1924 3561 2080 3654 partium

57 3664 234 3737 certitudo
259 3675 332 3747 est,
356 3677 397 3735 ut
422 3663 649 3734 manifestum
674 3663 737 3748 sit,
762 3686 835 3733 nou
860 3682 961 3746 caso,
985 3661 1046 3730 sed
1094 3663 1218 3736 Lunae
1240 3664 1524 3751 obscurationes,
1557 3680 1663 3758 prout
1685 3665 1788 3737 Luna
1815 3679 1876 3736 aut
1905 3665 1945 3733 in
1975 3663 2080 3733 nodis

57 3764 232 3837 divinitus
246 3777 322 3834 arte
337 3764 541 3837 institutum
560 3788 633 3836 esse
647 3761 743 3834 huuc
757 3766 930 3837 ordinem.
956 3760 1047 3830 Am·
1095 3766 1191 3858 ipsis,
1217 3780 1276 3837 aut
1293 3767 1379 3836 citra
1395 3754 1875 3861 aliquantulum'coustituta,
1899 3767 1954 3835 vel
1971 3765 2094 3860 paulo.

56 3868 216 3959 plissima
233 3877 351 3936 autem
369 3865 532 3937 doctriua
547 3879 598 3937 est
618 3867 818 3956 opticorum
837 3865 881 3932 de
898 3863 1046 3949 umbris,
1093 3867 1244 3938 ulterius
1267 3889 1467 3959 progressa,
1510 3869 1549 3936 in
1578 3869 1741 3939 umbram
1773 3882 1886 3939 terrae
1916 3867 2079 3951 incurrit,

56 3995 96 4040 ex
110 3990 181 4064 qua
198 3990 312 4059 pauca
326 3967 565 4039 recitabimus.
616 3966 767 4037 'l'erram
784 3990 857 4038 εεεε
869 3965 1045 4035 minorem
1093 3964 1163 4040 boc
1185 3982 1255 4054 est,
1281 3983 1389 4059 prout
1417 3969 1642 4041 latitudinem
1664 3983 1724 4040 aut
1747 3971 1903 4057 nullom,
1929 3983 1991 4039 aut
2010 3969 2079 4037 ali-

55 4069 158 4157 sote,
178 4066 408 4139 manifestum
423 4083 474 4141 εει
494 4092 537 4139 ex
551 4069 759 4140 umbrarum
774 4067 947 4141 doctrina.
986 4065 1045 4139 Fit
1093 4095 1218 4165 quam,
1257 4073 1317 4140 sed
1341 4071 1517 4141 minorem
1545 4069 1594 4143 65
1621 4072 1771 4155 minutis
1791 4065 1910 4166 babet.
1969 4066 2078 4139 Ponit

55 4174 150 4242 euim
169 4169 301 4240 umbra
323 4164 543 4264 κωνοειδῆς,
575 4172 861 4267 quandocunque
884 4167 1043 4239 lucidum
1092 4189 1209 4245 autem
1228 4168 1454 4244 Ptolemaeus
1477 4174 1657 4246 lunarium
1687 4174 1872 4270 eclipsium
1906 4171 2078 4242 terminos

53 4294 182 4366 corpus
198 4270 315 4340 maius
328 4294 459 4362 opaco,
483 4271 615 4343 minori
638 4271 840 4365 oppositum
863 4281 934 4351 est,
959 4270 1042 4364 quia
1091 4276 1185 4345 ultra
1208 4286 1243 4344 et
1265 4274 1355 4345 citra
1377 4278 1511 4360 nodos,
1539 4272 1587 4349 15
1610 4278 1757 4367 gradus,
1784 4277 1877 4345 intra
1893 4295 1982 4366 quos
1996 4293 2077 4361 gra·

54 4376 152 4469 copia
168 4371 262 4443 locis
276 4371 511 4443 circumfusae
526 4374 699 4465 paulatim
714 4382 934 4454 attenuatur,
958 4395 1042 4462 por-
1090 4378 1157 4446 dus
1174 4398 1254 4446 cum
1269 4389 1428 4467 tempore
1440 4377 1674 4468 oppositionis
1691 4390 1849 4446 versatur
1862 4373 1985 4460 Luna,
2009 4372 2077 4444 ob-

54 4491 145 4547 recta
169 4473 245 4543 iere
266 4493 380 4565 usque
401 4476 446 4543 ad
470 4475 594 4545 orbem
610 4473 774 4549 Veneris.
824 4471 1042 4546 AcuisiSol
1090 4475 1224 4547 scurari
1238 4489 1353 4568 potest
1369 4478 1424 4546 vel
1446 4491 1537 4563 tota,
1563 4479 1619 4547 vel
1641 4480 1760 4571 aliqua
1781 4500 1822 4546 ex
1848 4489 1965 4568 parte,
1991 4475 2075 4570 quia

54 4578 167 4661 multo
183 4573 301 4644 maior
314 4587 424 4660 esset,
449 4598 555 4669 quam
571 4586 683 4661 terra,
708 4589 744 4646 et
757 4589 830 4646 ιεω
845 4572 970 4669 procul
983 4574 1041 4643 di·
1088 4590 1174 4649 tunc
1190 4577 1342 4649 latitudo
1358 4577 1482 4650 Lunae
1498 4580 1618 4649 minor
1633 4593 1701 4660 est,
1727 4602 1835 4672 quam
1856 4581 1949 4648 duae
1969 4578 2075 4647 semi·

51 4691 178 4762 ειεεει,
218 4698 293 4744 non
310 4688 424 4746 essent
440 4697 541 4766 pares
564 4677 713 4747 umbrae
737 4679 860 4748 eodem
883 4688 1041 4766 tempore
1089 4679 1255 4750 diametri
1275 4680 1503 4766 coniunctae,
1529 4679 1652 4750 Lunae
1674 4679 1837 4751 videlicet
1859 4694 1894 4751 ει
1916 4681 2073 4752 umbrae.

50 4779 85 4849 in
101 4778 246 4851 oriente
259 4787 291 4844 et
307 4774 501 4847 occidente.
537 4773 589 4849 Et
610 4776 781 4869 paulatim
804 4802 868 4870 pro
883 4797 1040 4869 propor-
1087 4778 1235 4852 Neccsse
1257 4796 1309 4853 est
1330 4783 1439 4872 igitur
1456 4783 1613 4877 aliquam
1634 4782 1760 4854 Lunae
1782 4796 1915 4876 partem
1940 4783 1979 4850 in
1993 4806 2073 4850 um-

48 4881 147 4952 tione
171 4889 257 4949 ante
278 4876 484 4963 meridiem,
509 4890 544 4950 et
568 4893 648 4972 post
670 4878 855 4950 meridiem
878 4894 1040 4951 crescunt
1086 4881 1395 4957 bramincurrere.

46 4997 79 5053 et
99 4984 330 5058 decrescunt,
366 4976 415 5049 ita
442 4992 483 5050 ut
504 4981 631 5051 umbra
655 5003 793 5074 semper
814 4981 860 5052 tit
881 4978 1039 5070 aequalis
1187 4981 1258 5054 Sed
1275 4983 1305 5052 si
1321 4984 1471 5055 latitudo
1484 4984 1609 5056 Lunae
1621 5000 1763 5080 superat
1778 4999 1893 5078 partes
1905 4986 2074 5058 semidia-

45 5082 189 5176 corpori
203 5080 411 5172 ubicunque
425 5091 461 5149 et
475 5083 762 5176 quandocunque
775 5081 871 5153 Solis
884 5078 1037 5153 altitudo
1059 5141 1062 5151 .
1087 5095 1282 5153 metrorum
1299 5084 1517 5172 coniunctas,
1542 5112 1634 5182 quae
1648 5101 1688 5160 nt
1703 5089 1788 5175 dixi,
1807 5111 1881 5158 uon
1899 5090 2072 5160 excedunt

47 5198 97 5255 est
110 5184 288 5276 aeduum
306 5176 376 5266 4⁶,
401 5180 494 5253 sicut
511 5194 552 5255 ut
567 5180 728 5255 Venetiis
750 5182 788 5252 in
809 5179 1035 5277 aequinoctio
1058 5157 1062 5235 i
1085 5185 1264 5276 sexaginta
1280 5187 1438 5280 quinque
1453 5189 1609 5279 minuta,
1634 5192 1734 5263 nulla
1757 5213 1838 5283 pars
1859 5189 1984 5262 Lunae
2006 5193 2072 5261 ob-

45 5288 175 5357 umbra
189 5281 349 5378 aequalis
366 5293 417 5352 est
431 5285 621 5372 gnomoni,
646 5285 735 5379 quia·
750 5309 801 5356 eo·
816 5285 895 5356 loco
919 5282 1037 5354 eleva·
1083 5283 1265 5374 scuratur,
1289 5289 1350 5359 sed
1364 5302 1477 5360 totum
1495 5292 1570 5362 eius
1586 5318 1717 5386 corpus
1733 5306 1828 5363 extra
1843 5317 1972 5364 conum
1990 5314 2071 5362 um-

45 5386 163 5458 tioest
179 5387 357 5477 graduum
372 5379 441 5457 45.¹
483 5382 590 5457 Tunc
604 5385 699 5457 euim
713 5385 777 5460 Sol
792 5398 843 5459 cst
859 5386 899 5457 in
914 5385 1034 5459 medlo
1056 5442 1061 5460 .
1081 5388 1168 5461 brae
1187 5391 1418 5481 transcurrit,
1449 5416 1624 5491 nosquam
1642 5396 1745 5466 illum
1762 5392 1948 5487 attingens.
1990 5390 2071 5465 Po·
