4538 5754
123 277 195 356 ess
750 276 814 353 tv,
866 273 1142 351 acaunum
1168 272 1503 351 nnuroarcus.
1821 248 1830 263 ‘
2012 228 2134 365 'soc

122 444 249 528 Tecta,
275 471 343 544 pru
365 444 544 521 iediiciis‘.
579 448 646 520 Vel
668 472 749 521 cum
773 472 838 541 pro
864 460 963 541 parte
990 461 1102 519 totum
1248 439 1493 541 Κατᾶχρησις.
1536 441 1645 513 Verbi
1668 445 1799 520 abusus
1818 460 1889 534 est,
1913 463 1954 522 ut
1975 455 2137 546 parricia'

120 547 283 635 dicimus,
297 563 339 619 ut
354 573 434 620 cum
448 551 746 644 dicimnsaliquid
762 551 892 620 factum
908 570 992 633 esse,
1007 550 1102 642 quod
1146 547 1228 615 dam
1253 546 1404 618 dicimus
1435 570 1500 639 pro
1523 567 1582 630 eo,
1621 546 1684 638 qui
1713 549 1955 645 propinquum
1985 557 2126 633 occidit.

119 648 194 718 fieri
218 649 354 740 coepit,
384 661 427 721 ut
453 653 585 722 mortui
601 666 776 743 peccato,
817 651 882 744 qui
911 662 1102 739 coeperunt
1148 644 1309 718 Gratiam
1324 645 1449 717 dicant
1459 642 1648 734 Theologi,
1671 671 1746 719 uon
1763 661 1900 724 tantum
1913 677 1979 746 pro
1991 658 2126 748 'favore,

118 749 223 820 mori.
274 748 335 821 ste
357 751 509 822 dicimus
533 754 723 823 exercitum
744 774 819 822 esse
835 773 995 834 caesum,
1019 750 1101 841 quia
1147 747 1329 818 sedetiam
1350 745 1487 818 Graeco
1500 759 1562 817 aut
1576 741 1731 818 Ebraico
1747 773 1843 822 more
1863 756 2122 845 probenelicio

119 849 264 942 plurimi
282 851 567 925 interfectisunt.
603 852 830 923 Sicdicimus
847 848 1018 942 populum
1033 846 1101 918 Dei
1146 859 1388 920 anemonen.
1438 847 1510 920 Sed
1534 847 1573 915 in
1595 849 1703 948 sacris
1724 850 1837 921 literis
1857 856 1967 926 multa
1991 860 2124 934 similia

119 963 278 1020 sanctum
301 973 393 1032 esse,
417 953 501 1045 quia
522 952 634 1046 aliqui
654 955 881 1027 suntsancti.
932 949 999 1018 Vel
1020 972 1099 1018 cum
1146 948 1302 1037 exempla
1317 961 1445 1033 extant,
1470 948 1553 1042 quia
1569 949 1821 1041 interpretibus
1837 978 1910 1024 non
1927 958 2026 1029 licuit
2040 961 2123 1031 ubi·
2225 1025 2233 1037 ,

120 1051 306 1120 continens
333 1076 397 1142 pro
420 1065 586 1123 contento
613 1055 785 1134 sumitur,
811 1066 868 1138 ut,
901 1065 1022 1142 epotos
1042 1072 1099 1118 ca·
1146 1071 1213 1140 que
1230 1045 1399 1118 Graecam
1414 1062 1475 1118 aut
1489 1045 1677 1119 Ebraicam
1692 1046 1839 1142 phrasin
1860 1071 2007 1130 mutare.
2055 1059 2123 1134 Est

118 1151 180 1219 dos
212 1174 280 1242 pro
302 1152 388 1220 vino
409 1165 526 1241 epoto.
575 1152 642 1222 Vel
663 1154 809 1224 materia
836 1174 901 1245 pro
924 1164 1018 1236 toto,
1048 1163 1100 1236 ut,
1145 1163 1178 1219 et
1200 1141 1423 1243 κατάχρησις
1443 1174 1548 1242 quam
1573 1150 1918 1240 singulari-consilio
1941 1158 2122 1232 interdum

115 1250 249 1321 ferrum
264 1274 329 1342 pro
349 1252 480 1340 gladio.
520 1252 589 1322 Vcl
610 1255 729 1345 prius,
753 1243 815 1325 aut
838 1251 1032 1347 posterius,
1057 1273 1098 1319 ex
1143 1271 1373 1339 usurpamus,
1406 1264 1446 1320 ut
1474 1274 1553 1320 cum
1575 1273 1640 1342 pro
1663 1253 1855 1325 virtutibus
1878 1258 1997 1329 vicina
2020 1261 2123 1349 vicia,

116 1373 185 1442 quo
202 1365 339 1422 caetera
354 1353 507 1443 intelligi
521 1367 681 1445 possunt,
703 1367 755 1441 ut,
771 1366 958 1424 concutere
977 1372 1098 1419 muros
1144 1361 1207 1418 aut
1228 1365 1369 1440 econtra
1395 1351 1587 1430 tradimus,
1610 1364 1651 1422 ut
1671 1376 1737 1443 pro
1759 1357 1968 1430 crudelitate
1989 1365 2122 1431 severi·

115 1473 180 1541 pro
212 1453 488 1542 oppugnatione.
550 1449 659 1524 Oculi
677 1452 827 1525 Domini
850 1475 956 1544 super
975 1451 1098 1529 iustos,
1143 1461 1268 1528 tatem,
1295 1474 1359 1539 pro
1376 1451 1527 1521 avaricia
1544 1451 1808 1541 parsimoniam.

114 1550 151 1620 id
167 1549 240 1632 est,
265 1575 361 1636 cura,
387 1554 470 1645 quia
485 1555 675 1643 diligenter
687 1555 970 1637 consideramus,
994 1551 1098 1631 etin·
1238 1562 1529 1659 ’opopmowta
1560 1591 1654 1639 nova
1682 1572 1844 1643 confictio
1875 1587 1926 1646 οη
1954 1579 2124 1668 nominis,

113 1665 257 1723 tuemur
271 1652 351 1737 illa,
378 1676 467 1746 quae
488 1678 663 1729 curamus.
714 1653 844 1725 Vultus
867 1649 1015 1723 Domini
1037 1675 1097 1720 su·
1142 1664 1404 1736 uthombarda,

114 1775 176 1869 pes
200 1752 371 1823 satient&
394 1756 506 1872 mala,
530 1756 570 1874 id.
592 1769 660 1836 0⁸²2
686 1756 766 1873 lfflg
783 1753 874 1872 Νθξῦ
896 1753 978 1822 lilii
995 1751 1097 1868 “¹¹9¹
1244 1778 1326 1852 lure
1354 1792 1584 1854 recensentur
1609 1785 1706 1858 inter
1728 1803 1849 1883 tropos
1877 1787 2063 1889 ὑπερβολὴ
2087 1810 2123 1872 et

113 1864 329 1969 mtssfsslpfg
355 1851 573 1926 H⁰¹⁰⁸ffl⁰d¹
602 1855 733 1947 fidum
754 1856 914 1926 ¹¹¹fi¹¹¹l³⁰
944 1864 1027 1922 ⁸⁰⁰¹
1058 1875 1097 1920 ¹¹¹
1143 1882 1320 1951 contraria
1343 1883 1554 1954 extenuatio.
1587 1884 1660 1959 sed
1678 1888 1723 1959 de
1745 1886 1800 1960 his
1821 1892 1915 1963 infra
1935 1899 1979 1963 de
1993 1898 2123 1988 ampli·

114 1972 220 2022 setrts
234 1953 358 2027 hiem·
1142 1981 1487 2053 ficationcdiccmus.

211 2099 470 2196 Μετωνυμία,
496 2104 625 2196 partim
640 2105 841 2197 metalepsi,
866 2101 997 2195 partim
1012 2124 1097 2196 syn·
1241 2093 1455 2196 'Aliqyopc‘a
1478 2114 1621 2172 nonest
1646 2101 1684 2171 in
1700 2087 1816 2176 'verbo
1838 2110 1900 2178 sed
1923 2111 1960 2178 in
1981 2127 2123 2184 senten·

114 2198 268 2274 ecdoche
292 2220 458 2294 cognata,
502 2228 627 2274 verum
655 2205 796 2275 videtur
823 2204 967 2273 mollior
988 2203 1098 2291 figura
1142 2197 1210 2282 tia,
1235 2222 1315 2268 cum
1332 2199 1449 2293 aliqua
1463 2222 1520 2269 res
1541 2199 1759 2290 significatur
1776 2207 2011 2280 similitudine
2033 2237 2124 2306 qua.
2157 2224 2165 2235 ⁸

114 2327 206 2391 esse,
229 2328 337 2398 quam
359 2305 453 2374 illae.
509 2302 598 2374 Nam
621 2305 779 2374 vicinum
801 2327 933 2373 nomen
957 2326 1021 2395 pro
1043 2302 1099 2370 vi·
1143 2299 1245 2383 dam,
1270 2312 1331 2379 ut,
1354 2294 1409 2368 Ne
1428 2298 1577 2370 obiicias
1597 2305 1821 2392 margaritam
1845 2311 1979 2400 porcis,
2003 2308 2061 2384 hic
2083 2315 2124 2384 in

115 2405 194 2475 cino
210 2404 384 2490 sumitur,
408 2417 448 2474 ut
462 2404 602 2492 siguum
629 2429 694 2495 pro
718 2405 876 2495 signato,
899 2418 940 2474 ut
962 2415 1098 2494 sceptra
1143 2398 1243 2467 nulla
1259 2422 1343 2469 voce
1360 2411 1482 2489 tropus
1495 2400 1591 2471 ullus
1612 2415 1681 2487 est,
1705 2407 1767 2474 sed
1788 2419 1876 2479 tecte
1895 2412 1992 2481 aliud
2015 2414 2125 2508 quid-

114 2527 325 2598 proregno,
349 2506 459 2575 fasces
475 2529 540 2596 pro
565 2505 734 2596 imperio,
759 2506 873 2575 claves
895 2528 959 2594 pro
981 2502 1097 2572 officio
1143 2500 1224 2568 dam
1243 2493 1309 2569 hac
1333 2499 1567 2571 similitudine
1587 2502 1805 2592 significavit.
1859 2502 1948 2580 Nam
1968 2508 2126 2613 dliqyo.

114 2607 170 2675 vel
182 2618 376 2698 potestate,
400 2620 479 2696 toga
497 2629 561 2695 pro
580 2629 675 2699 pace.
728 2602 798 2676 Hic
821 2617 876 2700 est
893 2625 1004 2693 agnus
1019 2599 1099 2686 Dei,
1144 2594 1207 2694 pia
1229 2599 1403 2670 eiusmodi
1427 2612 1481 2671 est
1500 2600 1661 2688 collatio,
1683 2604 1723 2673 in
1744 2630 1815 2700 qua
1836 2609 1952 2682 simile
1966 2616 2126 2687 ostendi.
2201 2605 2204 2609 ’

115 2706 240 2793 idest,
264 2707 425 2792 victima,
450 2719 501 2777 est
524 2708 620 2776 enim
643 2729 774 2775 nomen
799 2704 927 2794 speciei
950 2725 1015 2794 pro
1038 2724 1097 2792 ge·
1144 2714 1222 2783 tur,
1247 2723 1312 2769 nec
1328 2713 1446 2769 tamen
1463 2701 1608 2773 additur
1622 2727 1780 2793 expresse
1795 2708 1902 2780 altera
1916 2736 1998 2803 pars
2015 2716 2125 2786 colla-

102 2831 198 2878 nere
220 2807 298 2881 scil.
312 2806 468 2877 victima.
518 2802 567 2876 Et
596 2828 708 2895 agnus
733 2805 960 2897 peculiariter
988 2802 1098 2890 signi·
1143 2800 1273 2883 tionis,
1325 2823 1387 2869 seu
1408 2812 1449 2870 ut
1464 2800 1577 2869 dicam
1602 2802 1721 2888 aliter,
1754 2808 1920 2899 allegoria
1943 2827 1994 2883 est
2015 2818 2126 2887 muti-

113 2907 238 2980 beabat
258 2903 459 2987 Christum,
493 2907 555 2998 qui
576 2919 650 2976 erat
669 2909 810 2977 futurus
835 2929 916 2975 vera
943 2903 1098 2974 victima.
1144 2901 1254 2969 latum
1270 2896 1506 2995 enthymema.
1543 2900 1791 2988 Quintilianus
1807 2925 1909 2981 vocat
1921 2930 2127 3006 perpetuam

114 3006 358 3103 Metonymiae
386 3008 556 3078 dicuntur
587 3007 712 3090 etiarn,
758 3030 838 3075 cum
869 3006 1098 3074 inventorum
1143 2995 1404 3101 metaphoram,
1445 3013 1582 3088 gratum
1613 3003 1651 3071 in
1681 3007 1842 3078 oratione
1871 3013 1973 3081 usum
2008 3012 2126 3098 habet,

117 3131 178 3179 seu
192 3101 360 3180 autorum
374 3107 520 3178 nomina
533 3121 723 3177 sumuntur
737 3129 802 3197 pro
823 3108 949 3188 rebus,
973 3117 1013 3174 ut
1026 3101 1099 3173 Ba·
1145 3123 1247 3190 parce
1261 3114 1448 3191 usurpata,
1472 3114 1532 3185 ut,
1557 3098 1639 3171 Non
1654 3107 1862 3196 profecturis
1877 3111 1996 3184 littora
2010 3117 2126 3187 bobus

115 3203 201 3279 chus
225 3234 293 3303 pro
320 3209 425 3294 vino,
466 3206 573 3279 Ceres
598 3232 665 3300 pro
689 3208 868 3296 frugibus,
909 3204 1009 3275 Mars
1035 3227 1099 3294 pro
1144 3213 1239 3286 arat,
1272 3198 1354 3270 Non
1377 3203 1482 3271 datur
1498 3203 1543 3270 ad
1558 3225 1674 3273 musas
1691 3231 1832 3279 currere
1846 3212 1915 3281 lata
1932 3214 2008 3300 via,
2041 3215 2128 3286 Vin

115 3309 231 3392 bello,
263 3308 385 3383 Moses
408 3334 471 3400 pro
496 3309 590 3398 lege,
618 3303 782 3379 Christus
805 3331 869 3400 pro
890 3301 1099 3392 Evangelio.
1145 3314 1256 3371 tutem
1279 3324 1427 3392 posuere
1448 3302 1501 3370 dii
1523 3304 1653 3374 sudore
1676 3310 1881 3398 parandam.
1934 3312 1980 3384 -si
2002 3319 2127 3389 crebra

115 3407 155 3480 lu
169 3410 281 3481 saeris
295 3410 408 3481 literis
423 3410 540 3480 variae
555 3423 638 3479 sunt
654 3408 912 3502 metonymiae,
937 3420 972 3477 et
986 3405 1025 3473 in
1043 3399 1100 3473 his
1144 3402 1269 3487 fuerit,
1309 3403 1433 3480 reddet
1463 3403 1661 3474 orationem
1688 3409 1873 3480 obscuram
1903 3427 1938 3484 et
1957 3416 2127 3509 ineptam.

115 3512 313 3582 nonnullae
333 3512 475 3597 ignotae
498 3511 577 3580 aliis
599 3510 752 3600 linguis,
775 3522 816 3579 ut
835 3509 926 3577 calix
948 3530 1012 3597 pro
1036 3529 1100 3574 sua
1145 3500 1268 3594 Itaque
1285 3516 1367 3572 sunt
1383 3502 1606 3595 ineptissimi,
1618 3507 1682 3599 qui
1695 3510 1735 3580 in
1748 3513 1855 3582 sacris
1863 3513 2128 3599 litterisomnia

117 3611 287 3709 cuiusque
305 3613 488 3703 portione,
512 3624 548 3682 et
563 3609 857 3689 deindeutterius
878 3607 1101 3688 transfertur,
1144 3602 1398 3674 transformant
1414 3604 1453 3672 iu
1468 3605 1665 3696 allegorias.

115 3736 151 3783 ac
163 3736 231 3805 pro
248 3712 440 3809 afflictione
456 3710 646 3803 accipitur,
671 3726 798 3781 unctus
814 3733 877 3800 pro
889 3731 981 3798 rege.
1008 3704 1099 3776 Nam
1146 3724 1148 3728 ⁴

116 3807 179 3885 bae
207 3813 330 3885 minus
356 3816 466 3898 durae
496 3825 595 3895 sunt,
635 3812 733 3901 virga
765 3835 829 3903 pro
861 3808 1101 3899 castigatione,
1180 3806 1241 3876 De
1264 3812 1429 3899 quatuor
1450 3804 1623 3909 sensibus
1644 3830 1841 3886 sumntum
1863 3816 2075 3895 literarum.

116 3937 198 3987 trux
215 3939 281 4009 91⁸⁰
295 3915 508 3993 affllssllffl‘e
534 3912 706 3983 iudicium
725 3937 790 4004 ΡΝ
803 3934 930 4003 P⁰²¹¹³·
1243 3954 1316 4027 Sed
1334 3956 1504 4051 quoniam
1522 3952 1628 4029 huius
1641 3959 1695 4028 rei
1710 3964 1843 4036 mentio
1858 3967 1976 4038 obiter
1989 3970 2126 4058 incidit,

204 4059 494 4159 Ἀντονομασία.
535 4060 627 4134 Cum
659 4062 904 4131 definitionem
935 4074 997 4133 aut
1024 4073 1101 4155 ety-
1144 4056 1229 4127 duxi
1256 4056 1363 4129 etiam
1386 4057 1623 4129 adiiciendam
1645 4083 1722 4131 esse
1746 4070 1969 4158 quarundam
1997 4095 2124 4141 vooum

116 4166 305 4256 molosiam
321 4183 383 4237 aut
405 4165 697 4255 descriptionem,
722 4186 789 4255 pro
813 4162 933 4254 aliquo
955 4162 1101 4231 nomine
1144 4157 1485 4253 interpretationem,
1508 4160 1937 4253 quaealicubioccurrunt
1952 4169 1991 4236 iu
2000 4165 2124 4240 Theo-

116 4269 302 4357 pouimus,
333 4280 374 4338 ut
397 4290 462 4357 pro
484 4263 643 4333 Homero
668 4261 834 4346 Poe’tam,
870 4287 935 4353 pro
960 4259 1101 4335 Christo
1144 4259 1248 4348 logis.
1298 4254 1457 4346 Quidam
1468 4260 1567 4329 enim
1589 4261 1708 4354 inepte
1726 4267 1948 4337 tradiderunt
1967 4283 2124 4361 quatuor

117 4367 358 4447 Salvatorem,
383 4391 449 4459 pro
464 4363 657 4436 Aristotele
672 4357 944 4454 Philosophum,
967 4386 1033 4454 pro
1049 4362 1101 4432 ira
1142 4382 1217 4428 esse
1230 4357 1425 4448 scripturae
1436 4381 1577 4431 sensus:
1601 4361 1807 4450 Literalem,
1834 4363 2124 4459 Tropologicum,

117 4467 224 4539 bilem
241 4469 541 4539 effervescentem.
591 4462 662 4535 Pro
686 4464 882 4535 ambitione
903 4463 993 4535 dixit
1010 4458 1103 4533 Ovi·
1143 4457 1384 4548 Allcgoricum
1399 4472 1435 4531 et
1448 4457 1704 4550 Anagogicum.
1753 4461 1802 4537 Et
1821 4467 1898 4536 sine
1916 4468 2122 4543 discrimine

119 4568 215 4650 dius,
251 4567 324 4638 Nec
348 4567 436 4637 levis
459 4566 607 4637 ambitio
634 4566 846 4659 perfusaque
874 4564 986 4655 gloria
1008 4563 1102 4639 luco.
1141 4581 1266 4631 omues
1282 4582 1402 4631 versus
1417 4561 1525 4632 totius
1537 4562 1730 4652 scripturae
1745 4567 1996 4657 quadrifariam
2011 4571 2122 4642 iuter-

118 4666 186 4740 Pro
194 4669 360 4749 avaricia,
375 4666 632 4758 Magnarumve
640 4667 749 4737 fames
763 4665 966 4752 sollicitavit
979 4687 1101 4757 opum.
1141 4660 1270 4753 pretati
1289 4673 1385 4733 sunt.
1436 4658 1477 4732 ld
1504 4675 1620 4733 autern
1637 4686 1743 4756 quam
1763 4666 1812 4736 sit
1833 4668 2003 4741 viciomm
2017 4672 2121 4745 facile

120 4767 332 4865 Quanquam
351 4782 470 4839 autem
490 4791 564 4836 non
587 4765 682 4835 idem
707 4769 805 4836 decet
831 4766 870 4834 iu
889 4764 1045 4834 carmine
1065 4775 1102 4835 et
1141 4761 1293 4832 iudicari
1310 4774 1435 4852 potest.
1485 4759 1655 4832 Fiteuim
1679 4765 1811 4838 incerta
1827 4771 1960 4857 oratio,
1985 4772 2121 4844 discer-

119 4873 232 4942 soluta
249 4870 431 4951 oratione,
453 4880 574 4939 tamen
589 4862 726 4938 ethaec
740 4865 896 4936 admittit
918 4866 1100 4935 interdum
1141 4877 1201 4957 pta
1221 4864 1259 4931 in
1283 4877 1337 4933 tot
1356 4861 1560 4932 sententias.
1611 4862 1682 4935 sea
1707 4862 1771 4937 has
1792 4890 1904 4960 nugas
1927 4877 2120 4946 commenti

119 4971 390 5062 descriptiones,
411 4965 682 5042 utcumCicero
699 4991 764 5060 pro
780 4967 1025 5037 coniuratione
1041 4964 1100 5034 di·
1139 4976 1225 5034 sunt
1241 4960 1403 5032 homines
1427 4961 1608 5049 illiterati,
1631 4965 1793 5058 quicum
1815 4972 1952 5046 nullam
1975 4975 2119 5047 dicendi

120 5070 178 5140 eit:
203 5071 438 5143 domesticum
460 5069 704 5151 latrocinium,
730 5091 798 5160 pro
816 5067 993 5160 improbis
1010 5065 1101 5135 civi-
1140 5063 1314 5134 rationem
1328 5077 1507 5149 tenerent,
1530 5077 1705 5136 ettamen
1727 5070 1886 5142 viderent
1909 5073 2119 5165 scripturam

120 5169 201 5242 bus:
242 5185 376 5264 pestem
408 5182 444 5242 et
471 5183 645 5240 strumam
670 5168 833 5241 civitatis.
891 5163 941 5238 Et
967 5164 1102 5237 Paulus
1141 5165 1283 5257 plenam
1303 5186 1380 5233 esse
1402 5165 1613 5253 figurarum,
1638 5191 1713 5237 nou
1737 5184 1929 5262 potuerunt
1949 5189 2050 5267 aptae
2073 5180 2118 5247 de

121 5272 341 5347 amatissime
356 5294 423 5362 pro
437 5272 513 5360 lege
527 5269 616 5340 dicit
626 5262 1019 5368 xopdypupor‘eoutra
1032 5287 1101 5338 nos
1138 5265 1262 5354 figuris
1275 5263 1443 5339 iudicare.
1495 5263 1617 5362 ltaque
1631 5270 1740 5341 coacti
1755 5286 1838 5342 sunt
1855 5298 1982 5344 novam
2004 5290 2120 5371 quan·

118 5371 300 5464 seriptum,
412 5418 428 5425 --
1138 5367 1222 5437 dam
1242 5360 1454 5458 rhetoricam
1475 5368 1718 5458 comminisci,
1742 5387 1782 5445 ut
1803 5396 1890 5444 cum
1908 5375 2136 5463 interum-

163 5476 344 5545 mnium.
369 5477 475 5546 Ores.
499 5474 582 5541 Vos.
609 5471 704 5540 Xlll.
1017 5467 1021 5477 '
1295 5514 1298 5520 ·
1568 5469 1624 5543 bh
