4538 5754
113 241 190 320 ors
361 207 917 300 maternarum
940 173 1069 286 utsr.
1093 206 1238 290 enon.
1263 208 1332 286 ur
1357 206 1551 290 runos
1576 174 1902 290 secernunt.
1999 293 2004 299 ,
2076 218 2144 295 oar

508 380 719 452 murana.

1158 382 1347 455 efficientia
1371 384 1599 476 praecedere,
1623 381 1714 454 Nam
1738 386 1852 458 forma
1869 402 1920 460 est
1935 386 1977 456 iu
1990 392 2143 463 materia.

223 508 298 579 Lex
319 495 501 583 reserenda
524 505 577 562 est
590 493 635 562 ad
654 512 776 562 causas
792 489 999 572 efficientes,
1026 484 1110 578 quia
1157 483 1299 558 Rursus
1320 499 1459 572 autem,
1492 486 1565 557 ubi·
1580 508 1654 555 non
1679 500 1732 559 est
1753 492 1869 562 forma
1892 489 2144 578 substantialis,

80 660 87 667 .
122 631 178 695 ω
191 604 356 700 cogitatio
372 594 617 690 principaliter
630 614 779 662 movens
793 604 965 682 agentem.
1017 585 1111 658 Cum
1158 588 1210 657 ibi
1232 611 1298 659 nec
1318 611 1374 659 res
1398 601 1453 660 est
1474 588 1551 659 eius
1575 587 1725 680 speciei,
1749 592 1851 664 cuim
1873 607 1927 664 est
1948 591 2067 664 forma
2089 592 2143 664 tna

126 714 236 812 igitur
250 705 427 779 actionum
444 696 635 768 efficientes
650 716 775 764 causae
788 706 1028 787 quaeruntur,
1054 688 1110 758 lex
1159 689 1330 782 specifica.

126 821 232 893 etiam
260 802 462 905 quaerenda
495 811 557 871 est.
624 792 791 868 Ionathas
822 795 909 866 texit
936 792 1109 863 Davidem

126 934 247 996 contra
277 909 431 980 edictum
456 901 588 992 patris,
619 899 688 969 sed.
707 911 822 967 motus
845 901 895 966 est
917 918 998 964 vera
1024 895 1111 983 lege,

126 1018 306 1096 videlicet,
339 1007 424 1079 Non
455 1019 508 1077 est
536 1001 666 1071 iniuste
692 1000 894 1069 faciendum
926 1010 1110 1088 parentum

1312 789 1443 862 Stellae
1459 813 1534 860 non
1550 786 1684 865 habent
1699 793 1837 866 animas
1853 795 1992 890 insitas,

1313 891 1427 982 igitur
1443 916 1516 962 non
1533 908 1618 965 sunt
1633 895 1813 967 animalia.

1259 993 1397 1065 Eodem
1417 997 1525 1065 modo
1546 996 1593 1066 ab
1609 997 1888 1071 accidentalibus
1903 1001 2032 1072 formis
2048 1025 2142 1092 argu·

127 1139 188 1200 aut
209 1117 404 1189 amicorum
427 1128 548 1188 causa,
574 1115 614 1173 ιιι
637 1102 781 1172 dicitur:
807 1099 891 1170 Non
911 1097 1112 1169 communi·
1160 1110 1379 1168 mentamur:

28 1248 31 1252 ·
66 1240 71 1247 “
128 1249 184 1300 ιιι
205 1215 331 1291 alienis
354 1208 515 1305 peccatis.
564 1200 675 1275 Recte
697 1203 807 1292 igitur
827 1203 910 1271 iecit
932 1196 1111 1272 Ionathas.

127 1325 231 1399 Talia
259 1324 464 1407 argumenta
497 1333 516 1379 a
547 1308 624 1397 lege
652 1308 757 1376 ducta
785 1305 966 1397 pertinent
990 1306 1035 1371 ad
1058 1303 1112 1370 lo-

127 1451 209 1503 cum
223 1441 406 1495 causarum
424 1410 663 1483 efficientium.

522 1605 721 1677 Tredecima.

231 1726 263 1795 A
277 1720 391 1793 causis
407 1740 468 1810 per
484 1714 646 1785 accidens
661 1735 736 1780 non
747 1711 838 1780 valet
852 1707 1115 1802 consequentia.

129 1831 220 1902 Nam
236 1821 436 1918 saepissime
452 1819 501 1904 bt,
525 1828 654 1886 utnon
670 1810 1033 1907 sequantureffectus,
1058 1820 1114 1878 ut:

282 1921 476 2011 Laboravit
491 1918 595 2001 febri,

336 2023 431 2116 Ergo
447 2023 557 2093 iactus
572 2031 625 2090 cst
639 2032 850 2110 temperans.

280 2127 391 2198 Venit
408 2127 446 2194 iu
461 2122 644 2205 iudicium,

338 2225 542 2321 lgiturodit
557 2220 820 2307 adversarium,
846 2233 912 2292 etc.

238 2464 316 2537 nto
339 2460 513 2548 primam
533 2451 720 2542 repetam
740 2451 786 2517 de
808 2448 1013 2517 Materia.

235 2605 307 2678 coi
331 2601 502 2673 adimitur
524 2594 688 2678 materia,
715 2594 923 2664 adimuntur
946 2604 981 2660 et
1005 2604 1121 2680 partes

131 2711 300 2786 materiae
323 2718 359 2775 et
380 2699 574 2784 accidentia
595 2696 740 2789 propria
764 2696 818 2765 illi
841 2694 1023 2774 materiae,
1058 2714 1120 2762 seu

132 2816 311 2892 subiecto,
335 2819 392 2878 ut:

287 2910 420 2984 Stellae
435 2917 520 2978 sunt
535 2923 683 2993 corpora
701 2898 840 2986 lucida,
864 2901 925 2970 sed
943 2922 1018 2969 non
1034 2921 1120 2968 con-

339 3011 422 3082 flata
438 3030 480 3078 ex
496 3003 679 3084 elementis
697 3002 793 3071 inter
806 3026 842 3072 se
856 3001 987 3084 mixtis,

285 3110 382 3206 Ergo
404 3108 524 3180 nullae
547 3118 631 3176 suut
652 3117 769 3196 partes
786 3118 967 3175 terrestres
984 3102 1022 3170 in
1039 3101 1122 3171 stel-

341 3216 405 3300 lis,
431 3234 497 3281 nec
511 3209 658 3279 aluntur
673 3207 793 3276 stellae
808 3206 1013 3298 vaporibus.

549 3401 708 3469 Secunda.

239 3515 446 3596 decidentia
476 3508 620 3603 propria
651 3506 799 3592 mentis,
843 3531 917 3578 nou
946 3519 1029 3579 runt
1059 3506 1124 3577 tri·

136 3629 277 3705 bucnda
292 3616 454 3710 corpori,
479 3634 544 3688 nec
560 3622 721 3690 econtra,
749 3622 805 3679 uu

289 3723 333 3794 ln
350 3731 463 3792 statua
478 3738 554 3784 nou
572 3725 625 3786 est
640 3735 754 3796 mens,

288 3823 384 3913 Ergo
403 3844 468 3891 uec
483 3815 616 3888 noticia
634 3813 691 3883 vel
707 3812 885 3903 cogitatio.

567 3995 693 4065 Tertia.

238 4110 446 4190 Accidentia
476 4129 549 4174 uon
581 4119 729 4194 possunt
758 4127 832 4173 esse
856 4101 932 4169 sine
954 4102 1123 4173 subiecto.

138 4227 260 4318 Quare
282 4223 461 4292 destructo
487 4205 645 4278 subiecto
667 4204 861 4277 accidentia
885 4202 989 4273 etiam
1013 4207 1125 4276 inter-

139 4342 241 4413 eunt,
267 4336 325 4394 ut:

290 4419 429 4493 Oculus
445 4420 632 4500 corruptus
647 4414 709 4490 est,
790 4480 794 4488 ,

291 4521 389 4613 Ergo
405 4517 557 4589 extincta
574 4525 625 4581 ιιι
641 4509 743 4578 visio.

561 4692 702 4774 Quana.

240 4812 410 4884 Diversae
425 4803 594 4876 materiae
609 4801 749 4871 variant
767 4820 888 4866 rerum
906 4796 1128 4887 dignitatem,

139 4933 198 4991 ut:
222 4909 368 4986 Thorax
383 4929 509 4981 aureus
523 4917 575 4975 est
589 4901 781 4994 preciosior
794 4900 922 4970 ferreo.

358 5140 438 5210 Dic
466 5135 654 5225 rapulam
683 5133 730 5200 de
758 5131 910 5208 Fossrma.

240 5279 360 5359 Posita
382 5286 498 5355 forma
521 5275 763 5358 substantiali,
788 5296 846 5344 res
871 5273 944 5363 ipsa
969 5273 1128 5364 ponitur,

138 5394 228 5468 Nam
251 5412 331 5461 cum
348 5387 463 5457 forma
482 5379 647 5473 ponitur,
672 5398 812 5447 necesse
827 5390 877 5446 est
894 5375 1078 5447 materiam
1093 5388 1128 5446 et

1314 1196 1358 1268 ln
1371 1191 1429 1266 his
1440 1200 1630 1271 ruderibus
1644 1202 1821 1274 destructa
1833 1215 1885 1274 cst
1894 1204 2007 1293 figura
2016 1207 2142 1288 domus,

1313 1298 1428 1390 Igitur
1442 1294 1527 1370 haec
1542 1303 1669 1373 rudera
1686 1327 1760 1373 non
1777 1318 1860 1375 sunt
1877 1306 2018 1377 domus.

1311 1514 1392 1581 Dic
1419 1513 1590 1602 repulus
1618 1516 1665 1583 dr
1691 1516 1831 1586 Gaura
1856 1517 2006 1606 finali.

1563 1633 1677 1702 Prima
1698 1640 1762 1703 erl.

1268 1730 1406 1807 Omnes
1428 1761 1483 1808 res
1506 1739 1543 1806 in
1568 1752 1640 1810 tota
1666 1756 1792 1812 natura
1815 1745 1979 1815 conditae
2005 1758 2087 1814 sunt
2107 1747 2144 1812 ad

1165 1839 1304 1932 aliquos
1316 1838 1422 1925 fines,
1448 1839 1484 1909 id
1501 1853 1571 1925 est,
1597 1843 1641 1911 ad
1658 1866 1742 1913 usus
1757 1844 1908 1938 aliquos.
1962 1844 2050 1917 ldeo
2068 1846 2147 1916 dixit

1166 1937 1391 2011 Aristoteles:
1433 1939 1569 2012 Natura
1602 1939 1696 2014 nihil
1725 1945 1809 2015 lacit
1837 1949 1980 2017 frustra.
2051 1944 2145 2017 ltem:

1166 2041 1301 2115 Natura
1330 2043 1402 2132 agit
1433 2057 1578 2135 propter
1606 2045 1723 2120 finem.
1790 2044 1843 2117 Ex
1873 2043 1941 2118 hoc
1974 2050 2075 2120 fonte
2096 2073 2147 2119 ιι-

1167 2158 1292 2218 truunt
1307 2140 1518 2236 Philosophi
1532 2148 1735 2217 universam
1750 2144 1915 2221 Ethicen.
1968 2148 2017 2223 Ut
2034 2152 2148 2221 vident

1168 2261 1321 2319 caeteras
1341 2269 1415 2333 res,
1449 2246 1544 2319 Solis
1567 2272 1729 2337 cursum,
1763 2253 1897 2340 fruges,
1924 2253 2086 2342 plantas,
2110 2254 2147 2320 acl

1169 2363 1282 2421 certos
1304 2371 1390 2419 usus
1409 2373 1471 2419 seu
1494 2350 1582 2420 lines
1605 2352 1718 2422 nasci:
1746 2354 1793 2423 ita
1812 2367 1904 2422 recte
1920 2354 2084 2426 iudicant
2097 2378 2149 2444 ge·

1169 2476 1236 2523 nus
1257 2445 1455 2522 humanum
1479 2454 1524 2522 ad
1548 2468 1683 2524 certum
1709 2455 1818 2524 linem
1844 2457 1953 2530 nasci.
2006 2452 2148 2527 Etcum

1168 2553 1369 2646 saepissime
1389 2555 1567 2624 ducantur
1587 2557 1633 2625 ab
1650 2555 1774 2625 officiis
1790 2571 2017 2646 argumenta,
2044 2559 2149 2627 scien-

1170 2657 1255 2726 dum
1273 2667 1325 2726 est
1339 2678 1379 2725 ea
1396 2655 1487 2725 sumi
1503 2679 1544 2724 ex
1560 2679 1661 2727 causa
1680 2657 1787 2731 finali.

1582 2819 1743 2888 Secunda.

1275 2923 1391 2999 Unius
1410 2928 1464 2998 rei
1484 2941 1632 3020 possunt
1656 2953 1728 2998 esse
1743 2929 1846 2999 multi
1864 2930 1971 3012 fines,
1997 2932 2060 3002 sed
2075 2931 2149 3000 sub-

1172 3029 1329 3100 ordinati
1353 3053 1414 3100 seu
1437 3029 1568 3111 vicini,
1602 3043 1658 3099 ut:
1694 3028 1829 3100 Vinum
1853 3033 1970 3103 nutrit
1991 3047 2026 3104 et
2049 3044 2149 3114 sanat,

1171 3129 1290 3201 Homo
1306 3133 1473 3203 conditus
1486 3144 1556 3217 est,
1581 3146 1622 3204 ut
1636 3149 1802 3223 agnoscat
1817 3148 1850 3204 et
1865 3134 2022 3206 celebret
2036 3135 2149 3215 Deum,

1173 3232 1335 3304 doctrina
1357 3248 1393 3304 et
1414 3233 1630 3304 obedientia.
1683 3231 1753 3304 Hic
1776 3250 1828 3305 est
1842 3236 2056 3328 praecipuus
2070 3234 2148 3306 bnis.

1173 3334 1298 3405 Postea
1320 3336 1493 3406 accedunt
1516 3335 1596 3420 alii,
1623 3332 1672 3406 Ut
1695 3336 1792 3408 iuvet
1808 3343 2034 3408 communem
2051 3337 2148 3407 socie-

1174 3451 1298 3522 tatem,
1322 3434 1413 3509 Nam
1435 3450 1471 3507 et
1492 3436 1639 3508 societas
1659 3451 1803 3530 propter
1823 3434 1916 3509 hanc
1939 3463 2081 3511 causam
2102 3439 2148 3506 in·

1173 3540 1295 3611 stitnta
1317 3554 1387 3626 est,
1413 3551 1456 3608 ιιι
1477 3539 1539 3608 alii
1564 3538 1653 3610 alios
1674 3540 1809 3610 deDeo
1826 3542 1918 3610 etde
1934 3542 2042 3612 rebus
2059 3539 2149 3610 bonis

1174 3643 1335 3711 doceant.
1384 3637 1493 3710 Miles
1508 3640 1652 3711 dimicat
1669 3642 1929 3732 principaliter,
1953 3656 1995 3712 ιιι
2003 3640 2080 3715 Deo
2095 3641 2150 3712 ob

1174 3755 1365 3834 temperet,
1389 3743 1715 3833 obtemperaturus,
1741 3745 1880 3815 etiamsi
1900 3767 1977 3813 non
1993 3745 2149 3815 darentur

1173 3843 1340 3937 praemia.
1390 3841 1576 3929 Secundo,
1601 3857 1641 3916 ut
1661 3844 1805 3916 adiuvet
1820 3845 2064 3918 defensionem
2077 3868 2149 3914 suo-

1175 3969 1267 4020 rum.
1326 3942 1468 4029 Tertio,
1499 3958 1540 4016 ut
1560 3945 1777 4036 stipendium
1799 3948 1957 4036 accipiat.
2019 3947 2070 4018 lta
2088 3966 2150 4016 una

1175 4048 1266 4119 actio
1290 4048 1420 4118 multos
1437 4040 1543 4119 habet
1558 4047 1663 4130 bues,
1688 4048 1749 4118 sed
1765 4061 1881 4117 tamen
1899 4048 1988 4118 alios
2003 4049 2082 4119 aliis
2098 4070 2151 4137 po·

1176 4151 1293 4222 tiores.
1351 4144 1481 4241 loseph
1503 4150 1658 4219 abstinet
1682 4150 1728 4219 ab
1751 4143 1859 4218 herili
1882 4151 2053 4240 coniuge,
2084 4147 2152 4219 Pri·

1176 4270 1294 4336 mum,
1317 4265 1358 4322 ιιι
1372 4247 1451 4322 Deo
1473 4252 1702 4340 obtemperet.
1754 4248 1937 4335 Secundo,
1965 4275 2010 4322 ne
2034 4249 2152 4343 punis·

1176 4370 1236 4427 tur
1264 4377 1283 4423 a
1308 4347 1386 4422 Deo
1415 4352 1472 4422 vel
1499 4350 1651 4424 aeternis
1679 4351 1737 4421 vel
1759 4353 2005 4443 praesentibus
2027 4350 2151 4445 poeuis.

1177 4455 1314 4538 Tertio,
1338 4478 1384 4523 ne
1397 4454 1534 4526 amittat
1550 4453 1799 4545 praestantiam
1814 4456 2002 4527 donorum.
2046 4452 2152 4544 Quar-

1177 4573 1234 4643 to,
1268 4579 1313 4625 ne
1341 4558 1514 4627 deformet
1539 4556 1740 4627 doctrinam
1765 4556 1952 4629 scandalis.
2014 4555 2153 4646 Quinto,

1177 4683 1223 4729 ue
1247 4682 1310 4728 suo
1336 4669 1476 4750 peccato
1498 4672 1623 4729 noceat
1646 4658 1789 4728 alterius
1814 4657 2074 4742 conscientiae,
2099 4676 2155 4726 occ

1177 4759 1290 4832 aDeo
1314 4761 1442 4832 avellat
1463 4759 1638 4842 animam,
1663 4773 1698 4828 et
1720 4758 1880 4850 impellat
1897 4758 1935 4827 in
1952 4774 2154 4850 perpetuum

1177 4863 1333 4935 exitium.
1393 4860 1519 4942 Sexto,
1553 4884 1599 4930 ne
1621 4872 1744 4931 noceat
1766 4858 1936 4951 Reipubl.
1995 4860 2156 4953 Septimo,

1178 4989 1223 5035 ne
1247 4964 1416 5056 puniatur
1437 4962 1561 5056 poenis
1578 4961 1754 5032 civilibus.
1808 4960 1858 5031 lta
1877 4964 1990 5033 sciant
2007 4963 2160 5034 iuniores

1113 5070 1117 5074 ’
1178 5091 1280 5161 saepe
1302 5067 1433 5137 multos
1450 5065 1537 5135 fines
1551 5086 1780 5148 concurrere,
1807 5077 1841 5132 et
1858 5065 2045 5154 diligentia
2058 5065 2157 5156 digua

1179 5181 1229 5241 est
1251 5164 1418 5249 homine,
1450 5165 1537 5236 fines
1560 5165 1741 5237 actionum
1763 5187 1887 5254 magna
1912 5189 1999 5236 cura
2024 5164 2157 5259 prospi-

1178 5295 1274 5356 cere,
1297 5284 1336 5342 ut
1352 5267 1457 5358 vulgo
1473 5269 1621 5340 dicitur:
1649 5342 1653 5354 ,
1728 5365 1729 5369 ¹
2043 5332 2047 5337 .

1250 5376 1408 5462 Quicquid
1422 5382 1503 5460 egis,
1531 5379 1690 5460 prudenter
1707 5395 1794 5458 agas,
1821 5391 1849 5439 et
1867 5380 1980 5460 respice
1995 5380 2098 5441 linem.
