4538 5754
17 183 20 189 ⁵
116 220 191 301 oea

127 406 238 466 totam
254 385 552 481 propositionem,
576 382 673 454 utin
695 383 954 475 permutatione
972 383 1114 474 siguum

104 488 108 496 ’
127 497 221 566 idem
235 493 447 569 retineatur,
473 500 531 558 ut:

276 592 384 664 Nulla
401 589 502 661 stella
521 586 763 670 consumitur,

278 691 374 783 Ergo
396 691 496 762 nulia
519 689 685 775 flamma,
712 712 819 782 quam
840 689 1002 762 videmus
1024 714 1114 761 eon·

329 793 445 878 sumi,
471 806 522 862 est
545 790 658 861 stella.

229 910 330 982 Talis
344 907 559 1001 permutatio
577 929 653 976 non
675 906 715 975 fit
736 905 775 974 in
800 906 994 977 universali
1017 907 1112 975 affir-

126 1015 269 1088 mativa.
299 1010 440 1083 Recitat
456 1022 571 1079 autem
588 1005 798 1078 Aristotcles
814 1009 1011 1078 doctrinam
1027 1031 1112 1076 con-

128 1118 333 1189 versionum
351 1125 385 1182 et
399 1124 544 1204 propter
559 1105 656 1180 hunc
670 1132 796 1194 usum,
821 1123 860 1178 ut
882 1126 1002 1202 postea
1023 1112 1113 1179 duas

128 1222 256 1309 figuras
269 1215 568 1311 syllogismorum,
594 1212 785 1281 secundam
800 1225 835 1280 et
852 1213 1007 1297 tertiam,
1025 1235 1112 1280 con-

128 1323 243 1391 firmet
260 1331 294 1388 et
311 1317 483 1401 illustret,
510 1310 638 1383 harum
656 1314 957 1406 aequivalentium
979 1336 1112 1404 propo.

127 1423 297 1493 sitionum
322 1440 508 1488 consensu.
567 1412 664 1487 Haec
695 1416 739 1485 de
772 1416 927 1486 utilitate
956 1416 1113 1484 breviter

127 1521 308 1594 monuisse
327 1520 412 1589 satis
426 1519 483 1592 sit.

304 1697 402 1778 Quot
425 1699 512 1763 sunt
539 1688 642 1763 modi
670 1692 934 1762 conversionis.

229 1827 335 1897 Tres:
362 1823 558 1895 Conversio
575 1823 741 1913 simplex,
767 1820 962 1893 Conversio
978 1842 1111 1911 perac-

128 1932 268 2014 cidens,
294 1942 330 1998 et
343 1924 538 1997 Conversio
557 1950 619 2017 per
636 1924 987 2026 contrapositionem.

231 2045 424 2119 Conversio
442 2044 590 2137 simplex
608 2057 680 2127 est,
705 2067 785 2115 cum
800 2041 1028 2114 manentibus
1047 2039 1110 2106 iis-

127 2154 208 2221 dem
223 2148 342 2240 signis,
368 2159 533 2216 manente
547 2158 581 2216 et
599 2146 720 2215 eadem
736 2147 922 2239 qualitate,
948 2165 990 2209 ex
1007 2164 1110 2232 prae-

103 2259 108 2274 *
128 2255 242 2325 dicato
262 2250 478 2330 subiectum,
503 2261 594 2318 etex
612 2248 770 2318 subiecto
794 2248 833 2318 fit
855 2243 1109 2338 praedicatum.

127 2355 228 2426 Talis
250 2351 461 2445 permutatio
487 2362 624 2419 tantum
647 2348 686 2418 fit
707 2349 746 2418 in
769 2345 981 2418 universalis
1002 2367 1109 2434 nega-

127 2458 219 2542 tiva,
245 2468 276 2524 et
293 2452 499 2544 particulari
516 2450 746 2534 affirmativa,
772 2465 829 2522 ut:

277 2554 389 2623 Nemo
416 2553 545 2622 timens
568 2548 684 2621 Deum
708 2552 926 2623 contaminat
950 2573 986 2620 se
1006 2548 1109 2619 adul-

331 2655 440 2739 terio,
876 2669 878 2673 ’

277 2753 373 2848 Ergo
392 2778 497 2825 nemo
521 2755 768 2826 contaminans
785 2775 822 2823 se
838 2752 1036 2838 adulterio,
1061 2751 1108 2823 ti-

329 2871 403 2928 met
418 2857 545 2928 Deum.

277 2994 419 3088 Aliquis
434 2988 566 3063 humor
579 2991 619 3061 in
636 3013 786 3082 corpore
801 2985 958 3061 humano
978 2993 1109 3063 mixtus

331 3095 497 3186 sanguini
516 3117 673 3177 amarus,
698 3106 749 3163 est
767 3093 867 3178 bilis,

278 3196 373 3288 Ergo
391 3199 509 3292 aliqua
526 3196 610 3267 bilis
625 3209 676 3265 est
692 3217 823 3265 amara.

227 3316 422 3389 Conversio
438 3340 501 3407 per
517 3315 676 3384 accidens
700 3326 772 3396 est,
798 3336 877 3381 cum
902 3338 941 3383 er
966 3317 1108 3405 praedi-

130 3437 206 3494 cato
227 3423 266 3490 fit
286 3419 503 3500 subiectum,
535 3429 568 3485 et
596 3438 636 3482 ex
665 3413 823 3483 subiecto
857 3417 1109 3505 praedicatum,

128 3535 293 3594 manente
308 3521 430 3590 eadem
447 3517 629 3611 qualitate,
646 3516 707 3584 sed
723 3516 868 3585 mutatis
881 3518 1001 3607 signis.
1036 3517 1107 3590 Ta.

78 3625 80 3629 ’
127 3628 173 3696 lis
186 3622 369 3696 conversio
385 3621 425 3691 fit
441 3621 480 3688 in
496 3616 688 3687 universali
701 3616 931 3705 affirmativa,
956 3634 1012 3692 ut:

279 3720 411 3795 Omnis
425 3716 534 3791 homo
552 3733 602 3790 est
619 3719 833 3804 substantia,

278 3822 375 3913 Ergo
389 3825 562 3917 quaedam
578 3822 773 3893 substantia
790 3836 842 3894 est
857 3819 975 3895 homo.

226 3942 345 4015 Huius
365 3941 606 4012 conversionis
624 3965 762 4011 causam
781 3956 814 4014 ct
826 3966 930 4012 usum
947 3944 1109 4013 conside-

128 4073 206 4124 rare
220 4047 310 4118 utile
327 4057 390 4116 est.
439 4039 553 4112 Causa
569 4058 620 4114 est
635 4044 730 4112 enim
753 4068 843 4136 quae
864 4044 904 4112 in
926 4045 1013 4114 locis
1036 4059 1108 4114 tra-

127 4156 243 4224 ditur:
277 4146 396 4219 Posita
415 4144 531 4236 specie
557 4167 696 4213 necesse
720 4159 773 4214 est
797 4145 882 4237 poni
899 4169 1021 4235 genus.
1066 4146 1107 4216 ld

126 4258 167 4326 fit
182 4255 221 4322 in
235 4246 301 4320 hac
317 4246 560 4319 conversione.
610 4241 752 4316 Et’cum
770 4248 922 4339 a'specie
937 4250 982 4318 ad
999 4271 1109 4338 genus

126 4355 280 4448 plurima
302 4360 507 4440 argumenta
532 4349 727 4428 ducantur,
759 4373 840 4441 sape
860 4352 1033 4421 utendum
1057 4365 1109 4422 est

126 4455 193 4528 hac
207 4453 455 4536 conversione,
480 4473 570 4543 quae
587 4461 639 4519 est
655 4450 749 4520 bona
765 4454 1035 4546 consequentia,
1061 4454 1108 4522 si-

128 4558 225 4629 milis
242 4555 321 4624 aliis
338 4576 413 4622 non
428 4551 565 4623 vitiosis
581 4554 960 4642 argumentationibus.
1013 4554 1108 4626 Con-

128 4659 243 4732 versio
266 4679 330 4748 per
352 4653 685 4746 contrapositionem
710 4666 779 4740 est,
803 4678 884 4724 cum
905 4680 946 4723 ex
967 4659 1108 4748 praedi-

128 4774 205 4833 cato
228 4759 267 4828 fit
296 4754 511 4846 subiectum,
551 4767 646 4826 etex
668 4756 825 4828 subiecto
856 4758 1109 4848 praedicatum,

128 4865 178 4936 ita
200 4873 241 4933 ut
270 4855 467 4928 remotione
493 4857 688 4949 praedicati
715 4857 755 4927 in
788 4881 957 4929 conversa
978 4883 1111 4944 ‚remo-

127 4978 251 5036 veatur
265 4959 474 5032 subiectum.
524 4957 625 5027 Talis
641 4961 826 5031 conversio
842 4962 883 5032 fit
900 4960 940 5029 in
964 4962 1110 5032 univer-

125 5067 191 5139 sali
209 5059 440 5142 affirmativa,
465 5071 521 5128 ut:

277 5160 408 5234 Omnis
427 5155 537 5229 homo
555 5173 607 5231 est
624 5161 776 5249 animal,

276 5262 372 5356 Ergo
404 5260 581 5356 quidquid
607 5286 681 5332 non
706 5277 756 5334 est
778 5264 930 5354 animal,
964 5278 1113 5337 nonest

328 5362 448 5443 homo.

356 178 567 289 scatent
592 209 668 285 en.
693 204 810 285 nur.
836 209 904 283 ao
929 208 1059 284 ansr.
1084 207 1230 295 reor.
1254 205 1323 291 ur
1349 214 1544 295 anuos.
1569 215 1890 342 seueranna

2071 226 2146 302 588

1319 385 1450 460 Omnis
1465 392 1566 462 stella
1584 407 1635 464 est
1648 419 1777 490 corpus
1794 414 2025 493 perpetuum,

1318 487 1414 583 Ergo
1429 493 1603 587 quidquid
1621 521 1694 567 non
1709 514 1762 571 est
1775 525 1904 595 corpus
1925 518 2149 597 perpetuum,

1369 618 1443 663 non
1459 609 1509 664 est
1524 597 1635 667 stella.

1268 693 1468 787 Imperitis,
1493 697 1554 790 qui
1572 701 1732 770 noudum
1748 708 2022 777 considerarunt
2039 708 2149 780 multa

1165 797 1324 886 exempla
1348 797 1387 865 in
1410 799 1566 868 materiis
1594 802 1835 890 gravioribus,
1878 810 2022 880 videtur
2045 808 2150 881 ludus

1165 920 1240 967 esse
1256 898 1416 982 inutilis,
1442 912 1476 967 et
1490 923 1580 989 pene
1600 902 1792 991 ridiculus,
1815 908 1863 978 ita
1885 924 2044 981 retexere
2067 935 2150 1001 pro·

1164 999 1378 1090 positiones,
1400 1012 1434 1070 et
1449 1002 1621 1071 vocabula
1638 1020 1850 1094 permutare.
1887 1008 1936 1082 Et
1951 1012 2150 1085 insulsitate

1166 1102 1405 1191 exemplorum
1441 1114 1475 1171 et
1502 1103 1788 1176 cavillationssrus
1812 1112 1964 1180 obscura
1989 1127 2042 1183 est
2064 1109 2149 1184 haec

1165 1203 1337 1272 doctrina.
1400 1200 1565 1293 Explosis
1580 1204 1690 1295 igitur
1718 1211 2008 1283 cavillationibus
2035 1214 2148 1286 itrntes

1164 1316 1198 1373 et
1215 1303 1402 1374 utilitatem
1421 1304 1695 1378 consideremus.

1266 1420 1384 1491 Huius
1406 1423 1531 1491 tertiae
1554 1424 1689 1495 formae
1711 1452 1858 1519 magnus
1875 1457 1959 1503 usus
1976 1447 2039 1508 est.
2091 1435 2149 1507 Sic

1165 1523 1259 1592 euim
1286 1536 1320 1593 et
1336 1521 1449 1592 Filius
1472 1520 1539 1592 Dei
1562 1544 1829 1614 argumentatur
1854 1528 1977 1607 lohan.
1996 1536 2047 1604 8.:
2076 1534 2148 1624 Qui

1164 1649 1204 1694 ex
1221 1627 1300 1696 Deo
1316 1634 1387 1708 est,
1412 1626 1518 1695 verba
1534 1624 1603 1696 Dei
1620 1630 1728 1703 audit.
1766 1631 1837 1702 Vos
1853 1635 1961 1722 igitur
1976 1660 2057 1706 cum
2075 1662 2148 1707 non

1163 1727 1337 1806 audiatis,
1365 1751 1405 1795 ex
1418 1723 1495 1796 Deo
1512 1752 1585 1797 non
1602 1731 1695 1801 estis.
1747 1728 1794 1802 Et
1815 1737 1907 1806 valet
1926 1761 2146 1831 consequen-

1163 1828 1211 1899 tia
1237 1853 1278 1898 ex
1300 1829 1378 1897 loco
1404 1853 1422 1896 a
1447 1851 1573 1919 genere
1595 1833 1638 1900 ad
1656 1833 1827 1923 speciem,
1854 1860 1916 1906 scu
1935 1862 2147 1933 quocunque

1163 1930 1407 2000 communiore
1422 1932 1595 2001 vocabulo
1612 1935 1655 2001 ad
1673 1937 1874 2024 angustius,
1902 1941 2033 2032 dequo
2057 1956 2147 2012 recte

1162 2033 1358 2123 praedicari
1374 2044 1488 2122 potest
1512 2033 1600 2102 illud
1622 2038 1857 2111 communius.
1909 2037 2064 2112 Remoto
2090 2066 2148 2131 ge-

1163 2158 1245 2203 nere
1263 2157 1402 2204 necesse
1422 2146 1474 2202 est
1489 2136 1662 2204 removeri
1679 2140 1840 2228 speciem.
1890 2136 1939 2210 Et
1954 2142 2146 2213 observan-

1162 2238 1247 2305 dum
1264 2250 1351 2307 esta
1371 2238 1471 2323 signo
1495 2237 1687 2306 universali
1708 2234 1858 2325 Omnis,
1884 2243 1989 2311 talem
2013 2269 2145 2314 conne-

1161 2338 1302 2407 xionem
1320 2337 1511 2429 superioris
1531 2363 1610 2408 curn
1627 2339 1788 2411 inferiori
1805 2344 2017 2432 significari,
2045 2360 2103 2416 ut:

1312 2435 1433 2510 Omne
1451 2463 1577 2510 aurum
1596 2464 1725 2529 purum
1745 2457 1796 2513 est
1815 2445 1976 2519 rutilum.

1316 2537 1412 2630 Ergo
1427 2541 1601 2633 quidquid
1622 2567 1694 2611 non
1720 2559 1770 2616 est
1793 2546 1963 2630 rutilum,
1996 2571 2071 2617 non
2098 2562 2145 2618 est

1365 2665 1491 2713 aurum
1507 2667 1649 2731 purum.

1262 2757 1316 2828 De
1340 2754 1407 2829 hac
1430 2761 1542 2829 forma
1568 2785 1691 2831 rursus
1717 2764 1854 2834 dicetur
1878 2767 1971 2835 infra
1993 2766 2033 2834 in
2049 2767 2144 2851 locis,

1161 2859 1225 2928 ubi
1240 2875 1274 2932 et
1292 2884 1376 2931 usus
1391 2862 1502 2951 magis
1517 2863 1673 2954 conspici
1691 2868 1830 2954 poterit.
1881 2865 1927 2939 Et
1951 2864 2038 2938 hacc
2060 2892 2143 2937 con-

1160 2961 1278 3030 versio
1304 2962 1417 3053 gignit
1448 2965 1636 3032 secundam
1669 2965 1815 3054 figuram
1849 2969 2144 3061 syllogismorum,

1162 3065 1257 3156 quod
1273 3064 1463 3155 diligenter
1478 3065 1775 3136 considerandum
1792 3083 1854 3142 est.
2047 3064 2057 3072 “

1469 3304 1536 3387 De
1565 3302 1830 3394 Modalibus.

1349 3486 1446 3575 Quid
1471 3497 1529 3561 est
1551 3495 1755 3584 propositio
1781 3491 1967 3564 modalis?

1263 3619 1399 3694 Usitate
1423 3636 1570 3692 vocatur
1594 3625 1789 3715 propositio
1814 3626 1983 3710 modalis,
2014 3628 2053 3697 iu
2077 3653 2142 3722 qua

1127 3780 1129 3785 ,
1161 3723 1308 3812 copulae
1327 3724 1528 3794 annectitur
1543 3725 1672 3818 aliquis
1688 3721 1816 3798 horum
1834 3730 2039 3824 modorum:
2074 3728 2142 3800 Ne-

1161 3846 1274 3908 cesse,
1311 3824 1553 3915 impossihile,
1597 3828 1822 3917 contingens,
1864 3831 2050 3919 possibile,
2089 3845 2142 3902 ut:

1161 3921 1260 3994 Paris
1275 3927 1523 4016 contingenter
1542 3928 1662 4018 rapuit
1678 3929 1864 4001 Helenam.

1160 4114 1234 4185 Gur
1255 4137 1330 4186 non
1354 4111 1539 4188 dicuutur·
1553 4122 1825 4209 propositiones
1845 4117 2032 4212 nsodoles,
2060 4125 2146 4194 aliis

1453 4217 1654 4291 adiectieis
1675 4219 1857 4292 insertis?

1264 4350 1443 4423 Differunt
1462 4348 1500 4422 hi
1524 4354 1622 4423 modi
1643 4355 1688 4423 ab
1711 4355 1790 4423 aliis
1816 4357 2011 4432 adiectivis.
2063 4355 2144 4428 Alia

1160 4454 1332 4525 adiectiva
1357 4467 1440 4525 sunt
1464 4455 1613 4525 subiecti
1634 4469 1696 4527 aut
1721 4456 1915 4547 praedicati
1937 4459 2145 4552 descriptio·

1160 4580 1239 4641 nes,
1264 4579 1329 4625 nec
1346 4556 1526 4647 pertinent
1540 4557 1584 4623 ad
1607 4558 1791 4648 copulam,
1818 4581 1882 4627 nec
1905 4559 2039 4628 similes
2063 4575 2145 4633 sunt

1160 4658 1442 4742 universalibus,
1468 4681 1533 4726 nec
1548 4670 1691 4727 mutant
1714 4682 1841 4747 genera
1868 4661 2145 4751 oppositionum,

1160 4773 1201 4830 ut
1223 4753 1263 4828 hi
1285 4759 1403 4845 modi,
1430 4781 1539 4851 quare
1560 4782 1636 4827 nou
1659 4761 1829 4829 dicuntur
1852 4763 2027 4846 modales,
2053 4778 2093 4835 ut
2116 4766 2148 4833 si

1161 4863 1272 4931 dicas:
1298 4859 1382 4931 Dux
1398 4859 1632 4951 peritissimus
1647 4874 1681 4932 et
1696 4861 1945 4933 callidissimus
1961 4861 2147 4936 Hannibal

1161 4987 1234 5033 non
1268 4963 1423 5046 viribus,
1460 4962 1521 5030 sed
1551 4962 1677 5031 astutia
1708 4960 1918 5033 Terentium
1946 4963 2145 5037 Varronem

1161 5066 1287 5135 rudem
1304 5079 1338 5134 et
1351 5062 1577 5135 temerarium
1594 5063 1719 5134 ducem
1735 5064 1828 5134 vicit.
1878 5063 1975 5135 Haec
1992 5081 2044 5138 est
2062 5070 2147 5138 sim·

1163 5167 1242 5259 pler
1258 5164 1476 5260 propositio,
1502 5164 1639 5233 etiarnsi
1656 5166 1760 5256 plura
1775 5168 1945 5236 vocabula
1963 5170 2147 5240 adduntur

1162 5268 1320 5340 subiecto
1336 5281 1370 5337 et
1385 5265 1598 5358 praedicato.
1623 5262 1794 5357 Exempla
1812 5272 2015 5353 ostendunt,
2032 5287 2148 5343 tranr-

1162 5370 1235 5442 lata
1250 5369 1450 5459 negatione,
1471 5383 1643 5461 quantum
1661 5363 1711 5439 sit
1722 5367 1925 5440 discrimen.
1951 5371 2034 5443 Alia
2051 5372 2148 5443 enirn
