4538 5754
121 219 224 300 test

118 460 124 475 ,
226 386 319 465 Cum
349 390 460 482 igitur
488 378 866 486 consideramus‘quid
889 393 934 464 sit
957 393 1112 479 dilectio,

116 504 157 575 et
175 509 483 587 quarepraecepta
505 496 570 574 sit,
603 508 637 564 et
661 497 842 587 quomodo
866 497 902 563 in
928 495 1032 565 nobis
1054 519 1111 564 re·

113 595 293 669 astruatur
306 611 341 667 et
356 600 569 668 accendatur
583 595 764 686 agnitione
778 593 861 665 Filii
875 594 941 666 Dei
950 586 1111 688 ,perspi-

112 695 233 768 ritum
250 710 432 783 sanctum,
465 699 658 770 excitemur
672 698 777 767 etiam
795 713 834 769 ut
850 724 925 767 eam
949 723 1111 769 exercea-

112 821 215 867 mus.
274 795 470 871 Exercetur
501 814 618 871 autem
647 800 771 887 studio⁴
789 801 996 871 retinendae
1014 801 1110 892 pacis

113 922 203 973 cum
221 900 317 986 aliis,
341 926 431 994 quae
449 927 516 994 pax
533 901 741 972 nominatur
754 902 956 976 concordia.

225 1016 378 1089 Dilectio
404 1032 456 1090 est
477 1043 557 1109 erga
583 1042 707 1088 omnes
727 1019 833 1090 etiarn
859 1019 1042 1104 inimicos,
1074 1033 1109 1090 et

113 1133 173 1188 est
188 1116 266 1188 Deo
285 1121 430 1190 obedire
447 1123 543 1193 iuxta
557 1121 677 1192 omnia
696 1125 880 1207 mandata,
913 1145 994 1190 cum
1018 1146 1107 1214 qua-

113 1222 200 1289 dam
219 1221 358 1293 laeticia
373 1223 410 1291 in
425 1223 502 1314 ipso
520 1238 554 1294 et
568 1225 703 1297 unione
719 1246 798 1293 cum
817 1248 879 1309 eo,
905 1237 938 1293 et
955 1238 1006 1293 est
1021 1247 1106 1314 pro-

111 1335 200 1413 pter
214 1322 327 1393 Deum
342 1338 519 1415 praestare
535 1327 616 1395 aliis
631 1324 754 1395 omnia
767 1325 880 1395 ollicia
891 1323 996 1396 aDeo
1006 1348 1106 1395 man·
1128 1393 1133 1406 ,

114 1426 202 1494 data
218 1424 323 1495 etiam
342 1426 508 1501 inimicis.

223 1540 292 1612 Sed
325 1545 482 1615 studium
517 1546 726 1615 concordiae
759 1543 805 1614 sit
839 1566 920 1634 erga
946 1547 1105 1615 membra

115 1644 278 1713 eiusdem
303 1643 483 1736 corporis,
524 1646 687 1719 videlicet
712 1669 814 1716 verae
836 1646 1032 1732 Ecclesiae,
1071 1661 1105 1718 et

116 1761 171 1815 est
188 1746 279 1815 velle
295 1748 450 1817 retinere
465 1771 674 1818 consensum
693 1749 730 1816 in
746 1748 912 1832 veritate,
946 1763 980 1819 et
1004 1772 1105 1839 prae-

117 1861 213 1916 stare
228 1847 343 1917 officia
359 1849 572 1934 dilectionis,
587 1874 651 1920 nec
669 1845 865 1920 distrahere
882 1849 1104 1919 coniunctio-

116 1972 200 2017 nem
218 1949 294 2021 sine
311 1951 503 2021 necessaria
521 1974 638 2037 causa,
661 1951 757 2022 iuxta
775 1947 842 2020 hoc
860 1951 1015 2022 dictum:
1032 1951 1102 2021 Fac

115 2063 159 2120 ut
175 2074 289 2120 unum
304 2052 376 2121 sint
392 2054 431 2120 in
450 2053 567 2128 nobis.

221 2164 292 2236 Hic
307 2168 414 2239 etiam
431 2168 675 2240 consideretur
690 2192 796 2262 quam
813 2166 925 2239 tristia
939 2167 1031 2273 mala
1048 2189 1103 2237 se-

115 2283 275 2363 quantur
290 2293 330 2342 ex
347 2272 535 2340 discordia.

219 2388 381 2458 Primum
396 2390 471 2484 ipsa
489 2389 692 2460 dilaceratio
715 2389 792 2458 sine
815 2410 917 2458 causa
942 2410 1101 2458 necessa-

114 2491 170 2561 ria
187 2514 257 2581 per
266 2513 339 2563 sese
362 2505 412 2562 est
433 2506 633 2581 peccatum,
664 2492 759 2560 iuxta
784 2491 918 2560 dictum
936 2487 1099 2559 Salomo-

113 2590 189 2662 nis':
225 2589 298 2682 Qui
314 2593 400 2663 serit
414 2593 628 2664 discordiam
650 2593 743 2663 inter
762 2593 889 2662 fratres
913 2591 1099 2661 abomina-

113 2693 167 2763 tio
181 2707 236 2764 est
249 2691 337 2767 Deo.

219 2791 358 2865 Deinde
374 2819 455 2864 mox
469 2795 506 2864 in
524 2819 736 2890 quacunque
751 2792 927 2864 discordia
945 2792 1020 2860 sive
1035 2815 1100 2883 pn-

111 2896 229 2983 litica,
256 2896 330 2966 sive
347 2897 433 2982 alia,
458 2899 619 2991 sequitur
633 2898 788 2969 turbatio
803 2894 1050 2968 invocationis.

218 3016 343 3107 Tertio
359 3017 390 3084 si
406 3031 458 3088 est
481 3017 653 3087 dissensio
676 3019 720 3086 de
745 3014 924 3100 doctrina,
956 3037 1098 3085 necesse

110 3132 165 3190 est
181 3117 330 3189 alteram
345 3133 480 3207 partem
497 3142 631 3203 errare,
653 3142 732 3189 cum
747 3117 858 3207 igitur
874 3115 1098 3186 mendacium

110 3233 316 3312 spargatur,
351 3218 450 3290 Deus
472 3220 686 3291 contumelia
708 3219 888 3302 adficitur,
921 3231 957 3288 et
981 3217 1020 3287 in
1044 3219 1098 3288 al-

111 3322 260 3415 terutris
276 3346 421 3413 prorsus
437 3322 587 3393 extincta
605 3336 656 3392 est
670 3319 859 3395 invocatio.

216 3438 354 3528 Quarto
369 3465 412 3511 ex
427 3440 707 3511 dissensionibus
722 3436 1097 3510 oriuntursaevissima

108 3543 217 3623 odia,
246 3543 432 3627 factiones,
465 3543 557 3613 bella
575 3558 609 3614 et
631 3543 844 3613 vastationes
866 3539 1006 3629 generis
1027 3533 1097 3608 hu-

107 3645 212 3715 mani
237 3659 270 3716 et
295 3668 428 3734 poenae
448 3657 624 3715 aeternae.
675 3645 728 3715 Ac
749 3645 887 3713 furores
906 3640 1013 3710 semel
1038 3663 1096 3709 ac·

108 3769 238 3843 censos
270 3747 308 3814 in
341 3742 529 3815 hominum
563 3746 692 3814 animis
718 3740 940 3814 horribiliter
965 3753 1096 3831 augent

105 3846 267 3931 diaboli,
306 3848 369 3940 qui
402 3848 579 3917 laetantur
604 3861 637 3916 et
660 3845 884 3917 contumeliis
905 3841 992 3924 Dei,
1033 3866 1095 3913 seu

106 3949 325 4029 mendaciis,
363 3973 424 4018 seu
456 3943 669 4019 homicidiis.
732 3946 870 4018 Horum
896 3944 1094 4035 ingentium

106 4051 290 4121 malorum
324 4050 537 4139 cogitatione
566 4045 854 4120 cohorrescamus
886 4063 921 4118 et
956 4047 1093 4116 animos

106 4153 379 4236 confirmemus,
430 4165 470 4222 ut
514 4174 738 4221 communem
796 4148 1093 4218 consociationem

105 4269 253 4338 ament,
293 4267 328 4324 et
352 4253 490 4324 discant
511 4255 641 4348 quibus
664 4250 779 4320 modis
802 4264 836 4320 et
860 4249 990 4343 quibus
1014 4248 1092 4318 offi-

106 4356 176 4427 ciis
192 4356 323 4426 tuenda
348 4354 408 4440 sit,
442 4379 507 4423 nec
529 4369 694 4424 moveant
715 4351 907 4421 certamina
932 4375 1005 4420 non
1029 4374 1092 4419 ne-

105 4458 278 4542 ccssaria,
302 4457 398 4528 iuxta
413 4457 521 4526 dicta:
550 4455 624 4545 Qui
640 4479 703 4524 vos
725 4455 846 4524 turbat
868 4476 1019 4544 poenam
1042 4452 1092 4520 le-

104 4573 175 4631 ret.
225 4555 274 4629 Et
287 4556 472 4629 Salomon:
508 4557 582 4648 Qui
598 4558 716 4647 diligit
731 4556 841 4640 rixas,
871 4555 988 4644 diligit
1011 4577 1092 4645 pec-

106 4676 242 4732 catum.

212 4758 423 4851 Cogitentur
445 4762 550 4832 etiam
574 4771 756 4850 praecepta
781 4759 824 4826 de
845 4756 1036 4826 dilectione
1059 4767 1091 4822 et

103 4867 152 4934 de
182 4865 391 4948 concordia,
424 4878 465 4933 ut
494 4861 733 4945 laudationes,
767 4883 807 4928 ac
843 4858 1028 4949 praecipue
1053 4850 1089 4923 hi

103 4981 181 5038 tres
196 4965 274 5037 loci.
325 4963 424 5035 Deus
447 4964 589 5033 dilectio
613 4978 684 5048 est,
715 4961 778 5056 qui
800 4973 920 5029 manet
942 4961 980 5027 in
1002 4957 1091 5027 dilc-

103 5068 244 5148 ctione,
270 5066 307 5135 in
322 5066 399 5138 Deo
418 5079 553 5150 manet,
578 5077 612 5134 et
626 5062 724 5134 Deus
740 5065 777 5132 in
795 5086 847 5135 eo.
900 5059 1003 5130 ltem:
1021 5057 1090 5128 Pa·

105 5182 163 5250 ter
188 5168 244 5237 lac
266 5183 306 5240 ut
328 5193 441 5240 unum
465 5167 597 5237 sintin
624 5167 748 5245 nobis,
777 5179 809 5236 et
835 5159 892 5233 hic
911 5161 1091 5231 Psalmust

725 218 789 294 nr.
840 213 1206 297 counanmnu
1229 149 1550 303 m'esauuos.

2055 184 2174 319 cers

1264 387 1406 461 Primus
1420 414 1542 463 versus
1564 397 1760 487 propositio
1783 416 1852 488 ert,
1882 428 2078 499 quaecum
2103 413 2150 485 sit

1163 489 1320 560 laudatio
1337 496 1565 581 concordiae,
1579 496 1818 590 intelligamus
1834 522 2059 602 praeceptum
2075 536 2149 584 esse

1163 594 1207 661 de
1226 596 1356 663 tuenda
1374 597 1578 668 concordia.

1263 708 1450 783 Secundus
1468 739 1590 786 sersus
1607 717 1806 790 similitudo
1829 739 1900 813 est,
1933 753 2004 824 qua
2028 734 2147 803 suavi·
2250 767 2253 771 ·

1161 822 1214 880 tas
1227 813 1426 883 ostenditur
1442 819 1604 910 exemplo
1619 821 1671 889 rei
1693 822 2010 915 fragrantissimae,
2044 836 2144 928 quasi

1161 913 1273 1003 dicat,
1300 929 1371 985 tam
1388 918 1502 986 dulcis
1517 943 1571 990 res
1590 936 1642 992 est
1656 926 1865 1015 concordia,
1898 956 2005 1023 quam
2030 936 2145 1007 dulcis
2176 999 2178 1002 .

1160 1028 1211 1082 est
1224 1018 1315 1083 odor
1332 1018 1481 1086 balsami
1505 1023 1635 1091 summi
1655 1026 1864 1115 sacerdotis,
1896 1037 1993 1126 quod
2021 1037 2144 1128 singu-

1159 1115 1225 1185 lari
1240 1120 1346 1187 modo
1362 1122 1609 1210 apparabatur.

1261 1235 1336 1307 Cur
1352 1253 1467 1309 autem
1482 1242 1695 1315 nominatim
1710 1241 1767 1318 hic
1783 1250 1829 1318 de
1846 1251 2004 1325 balsamo
2026 1278 2142 1328 sacer-

1159 1339 1251 1409 dotis
1267 1341 1422 1411 dicitur?
1448 1340 1543 1430 Quia
1556 1345 1730 1434 significat
1753 1350 1908 1439 primum
1922 1361 2141 1430 concordiae

1158 1440 1341 1511 vinculum
1373 1466 1447 1512 esse
1477 1460 1639 1543 oportere
1669 1471 1880 1524 consensum
1903 1459 1948 1526 de
1969 1456 2142 1531 vera'do-

1157 1541 1291 1624 ctrina,
1318 1543 1410 1616 sicut
1422 1540 1602 1618 Dominus
1619 1550 1753 1643 inquit:
1783 1552 1865 1626 Sint
1879 1581 1993 1631 unum
2010 1560 2049 1629 in
2063 1554 2141 1632 'no-

1157 1642 1224 1715 bis.
1275 1640 1323 1714 Et
1344 1645 1407 1715 ubi
1432 1648 1616 1720 doctrinae
1638 1676 1830 1726 consensus
1854 1671 1924 1741 est,
1958 1662 2009 1730 ibi
2033 1662 2140 1733 etiam

1156 1745 1259 1833 ungit
1282 1749 1387 1816 corda
1402 1745 1517 1820 Filius
1535 1746 1604 1822 Dei
1627 1775 1786 1826 summus
1815 1764 1980 1832 sacerdos
2000 1760 2139 1855 Spiritu

1156 1869 1220 1915 suo
1253 1863 1393 1934 sancto,
1433 1847 1486 1921 Ac
1511 1853 1596 1924 tales
1616 1856 1770 1948 copulati
1791 1881 1932 1932 summo
1961 1866 2135 1937 sacerdoti

1154 1943 1317 2035 Christo,
1360 1964 1443 2021 sunt
1477 1953 1547 2023 iam
1575 1957 1786 2046 adglutinati
1813 1963 1857 2031 ad
1883 1988 2007 2036 verum
2034 1982 2141 2060 caput

1154 2047 1289 2131 Deum,
1333 2052 1381 2124 ita
1409 2069 1528 2125 sanata
1560 2057 1828 2149 dilaceratione,
1870 2089 1975 2159 quam
2010 2068 2140 2142 iecerat

1154 2151 1339 2238 diabolus,
1363 2157 1453 2224 ordo
1470 2157 1684 2246 restituitur,
1705 2163 1838 2235 scilicet
1853 2167 1941 2238 unio
1957 2170 2000 2238 ad
2011 2166 2140 2253 Deum,

1155 2253 1215 2344 qui
1235 2276 1357 2324 rursus
1373 2252 1509 2329 habitat
1524 2260 1563 2329 in
1578 2263 1747 2334 membris
1762 2261 1907 2353 Christl,
1922 2282 1956 2339 et
1970 2293 2033 2340 sua
2047 2272 2139 2359 luce,

1154 2355 1326 2445 sapientia
1344 2371 1379 2428 et
1405 2359 1543 2429 iusticia
1568 2376 1603 2433 et
1627 2363 1763 2435 laeticia
1789 2391 1828 2438 ea
1853 2372 2015 2461 complet.
2067 2373 2137 2445 Sed

1152 2449 1240 2526 haec
1256 2458 1344 2528 liunt
1364 2483 1426 2550 per
1445 2484 1623 2532 summum
1644 2469 1879 2556 sacerdotem,
1905 2470 2039 2543 Filium
2055 2472 2137 2556 Dei,

1152 2581 1216 2645 per
1231 2582 1334 2650 quem
1351 2586 1419 2630 vox
1427 2559 1614 2653 Evangelii
1628 2589 1669 2635 ex
1684 2566 1766 2639 sinu
1781 2574 1915 2642 aeterni
1931 2575 2041 2664 patris
2054 2600 2138 2668 pro·
2156 2589 2161 2597 '

1153 2659 1221 2730 lata
1240 2673 1311 2745 est,
1337 2663 1449 2757 etqui
1468 2665 1563 2736 tollit
1579 2680 1716 2755 peccata
1733 2686 1871 2760 nostra,
1894 2688 1929 2746 et
1942 2675 2057 2745 lucem
2077 2702 2139 2749 vc·

1152 2760 1266 2831 ritatis
1280 2775 1314 2832 et
1328 2764 1554 2840 dilectionem
1570 2766 1608 2835 in
1626 2771 1851 2844 credentibus
1867 2775 1996 2848 incoat.

1251 2873 1349 2947 Haec
1365 2880 1484 2950 omnia
1499 2880 1693 2971 significata
1709 2900 1792 2959 sunt
1809 2891 1990 2961 mentloue
2000 2893 2139 2982 Aaron,

1150 2975 1283 3048 scilicet
1299 2981 1385 3049 oriri
1402 2982 1628 3054 dilectionem
1648 2999 1682 3059 et
1702 2992 1929 3068 concordiam
1951 3016 1973 3068 a
1996 3017 2137 3068 summo

1148 3081 1328 3172 sacerdote
1344 3077 1500 3158 Christo.

1252 3197 1345 3270 Nota
1371 3200 1417 3271 sit
1438 3214 1557 3272 autem
1578 3198 1716 3295 phrasis
1740 3206 1779 3277 in
1804 3211 2013 3301 repetitione
2031 3210 2136 3286 Bar·

1149 3295 1254 3383 bam,
1285 3295 1459 3371 Barbam
1477 3297 1627 3391 Aaron,
1654 3307 1829 3396 significat
1845 3313 1939 3382 enlm
1962 3316 2136 3390 distribu-

1149 3403 1296 3476 tionem.
1352 3402 1437 3473 Vult
1457 3421 1572 3476 autem
1599 3412 1746 3479 eandem
1769 3413 1968 3488 doctrinam
1993 3421 2038 3488 ab
2061 3445 2135 3492 uno

1148 3505 1262 3597 capite
1276 3499 1419 3575 Christo
1432 3507 1625 3579 stillantem
1644 3516 1770 3582 souare
1793 3539 1917 3586 omnes
1941 3519 2134 3593 ministros.

1249 3619 1371 3693 Altera
1388 3625 1606 3712 similitudo,
1626 3626 1718 3698 Tam
1736 3633 1852 3702 suavis
1868 3651 1919 3708 est
1932 3641 2134 3734 concordia,

1147 3747 1252 3816 quam
1270 3738 1389 3814 gratus
1406 3740 1456 3794 est
1471 3751 1529 3797 ros
1544 3729 1737 3817 pullulanti
1753 3736 1877 3825 segeti,
1903 3751 1938 3815 et
1951 3741 2134 3830 pullulan-
2225 3762 2228 3769 ’

1147 3826 1242 3895 tibus
1261 3828 1428 3896 arborum
1444 3829 1638 3917 fructibus,
1662 3833 1824 3923 indigent
1839 3839 1935 3913 enim
1950 3842 2134 3932 rigatione,

1146 3951 1190 3994 ne
1207 3927 1360 3998 siccitate
1377 3942 1411 3999 et
1425 3943 1520 4001 aestu
1538 3949 1695 4022 pereant.
1732 3934 1829 4010 Haec
1844 3941 2040 4014 similitudo
2057 3969 2130 4015 non

1146 4042 1197 4099 est
1214 4030 1381 4114 obscura,
1412 4032 1495 4124 quia
1512 4034 1738 4107 manifestum
1756 4054 1807 4112 est
1822 4043 2010 4118 discordiis
2024 4047 2132 4116 dissi-

1146 4130 1221 4220 pari
1240 4155 1363 4200 omnes
1380 4147 1521 4215 coetus,
1549 4149 1582 4206 et
1599 4137 1737 4211 animos
1754 4137 1943 4218 homiuum
1958 4168 2040 4216 vere
2056 4161 2131 4218 tor-

1145 4231 1261 4300 reberi
1277 4245 1311 4301 et
1326 4236 1426 4327 sequi
1443 4236 1632 4310 vastitates.
1701 4283 1710 4294 ι

1248 4346 1297 4420 Ut
1310 4363 1427 4419 autem
1445 4355 1544 4442 prior
1557 4357 1754 4428 similitudo
1771 4352 1984 4434 hauddubie
1993 4365 2130 4457 siguifi-

1144 4465 1199 4521 cat
1233 4454 1459 4521 concordiam
1487 4459 1709 4529 sacerdotum
1735 4483 1795 4531 seu
1823 4464 2043 4536 docentium:
2079 4469 2128 4539 ita

1146 4547 1231 4622 baec
1257 4554 1430 4641 posterior
1452 4556 1648 4627 similitudo
1670 4567 1929 4639 accommodari
1948 4581 2061 4657 potest
2083 4573 2128 4641 ad

1145 4654 1322 4746 politicam
1349 4660 1595 4748 concordiam,
1635 4661 1715 4730 ideo
1743 4664 1838 4732 enim
1863 4669 2027 4740 nomiriat
2051 4672 2128 4753 loca

1144 4779 1236 4848 quae
1258 4760 1514 4846 propemodum
1538 4759 1667 4830 limites
1690 4763 1851 4852 fuerunt,
1890 4784 1930 4842 ut
1956 4771 2128 4861 significet

1142 4859 1237 4926 sede
1255 4853 1321 4926 hac
1335 4857 1409 4948 ipsa
1425 4859 1524 4951 loqui
1541 4860 1676 4932 inclusa
1693 4865 1786 4937 inter
1800 4862 1866 4938 hos
1879 4871 2020 4948 limites.
2042 4874 2127 4947 Fuit
2143 4928 2147 4938 .

1143 4958 1238 5027 enim
1253 4957 1413 5029 Libanus
1428 4961 1529 5030 limes
1549 4987 1669 5037 versus
1693 4959 1993 5061 septentrionem,
2024 4973 2125 5048 leru-

1142 5060 1248 5130 salem
1269 5085 1390 5136 versus
1406 5064 1608 5149 meridiem,
1643 5092 1747 5160 quam
1763 5073 1946 5161 nominat,
1977 5102 2057 5148 cum
2079 5079 2126 5150 sit

1141 5161 1234 5250 regia
1252 5164 1369 5247 sedes,
1392 5165 1527 5236 etiamsi
1543 5190 1616 5237 uon
1632 5184 1707 5241 erat
1721 5187 1915 5247 extremum
1941 5181 2125 5271 oppidum,
2197 5230 2203 5241 ·

103 5265 531 5365 Eccequambouum'et
552 5292 657 5361 quam
681 5268 894 5347 iucundum,
928 5259 1090 5336 habitare
1141 5264 1242 5357 quasi
1268 5265 1381 5349 dicat,
1413 5280 1487 5338 toto
1512 5283 1651 5360 pectore
1672 5296 1736 5345 oro
1759 5272 1893 5362 Deum,
1931 5293 1972 5350 ut
1992 5282 2030 5348 in
2056 5276 2124 5352 hoc

103 5374 235 5442 fratres
250 5373 288 5442 in
305 5397 430 5447 unum.

1110 5358 1117 5452 l
1140 5389 1273 5456 regno,
1305 5379 1339 5437 et
1355 5366 1395 5437 iu
1421 5363 1488 5441 hoc
1510 5371 1661 5462 populo,
1694 5376 1752 5448 cui
1771 5374 1869 5451 Deus
1892 5372 1985 5450 hanc
2005 5384 2123 5455 sedem

1454 5474 1457 5478 ’
1572 5467 1654 5542 77·
