4538 5754
95 217 173 307 stc

102 383 253 459 ridicule
269 381 381 469 dixit,
405 378 545 472 regredi
560 377 703 464 Solem,
726 381 810 476 quia
826 380 957 470 frigore
972 380 1089 473 repel-

101 491 254 567 leretur,
294 507 376 555 cum
406 481 562 553 venisset
584 484 630 551 ad
655 496 765 554 metas
798 482 953 557 solstitii.
1017 480 1090 553 Sed

103 611 188 659 vera
210 607 313 656 causa
329 597 381 655 est
397 579 525 655 harum
545 584 826 675 regressionum,
849 585 948 678 quod
969 577 1089 655 archi-

103 689 187 762 tecti
200 686 352 758 consilio
367 697 485 758 motus
498 685 549 755 sic
563 686 720 757 ordinati
736 699 832 761 sunt.

360 872 534 957 Quintum
556 879 833 967 argumentum.

105 1009 201 1079 Ante
215 1027 358 1078 omnem
375 1017 510 1077 motum
524 1020 578 1077 est
592 1019 724 1092 motus.
755 1012 760 1025 '

86 1177 89 1181 .
109 1106 205 1198 Ergo
223 1120 339 1177 motus
354 1119 407 1177 est
423 1120 604 1193 aeternus,
630 1109 726 1177 unde
748 1106 908 1201 sequitur
931 1118 966 1177 et
981 1129 1088 1177 mun-

159 1211 245 1280 dum
261 1220 442 1278 aeternum
457 1230 542 1278 esse.

210 1322 431 1397 Antecedens
460 1325 644 1395 confirmat
676 1324 915 1411 Aristoteles,
945 1325 1028 1418 quia
1058 1324 1089 1394 si

110 1432 228 1498 motus
250 1426 359 1516 cepit,
392 1448 531 1495 necesse
555 1440 605 1496 est
629 1441 746 1497 tamen
774 1426 906 1495 mobile
927 1448 1088 1518 praeces·

110 1528 205 1599 sisse.
263 1525 303 1598 Si
327 1527 512 1618 praecessit
539 1528 691 1612 mobile,
723 1541 785 1597 aut
807 1527 875 1597 tuit
893 1540 1088 1615 aeternum,

108 1641 171 1699 aut
198 1627 290 1720 cepit
314 1651 377 1719 per
403 1628 512 1699 alium
544 1643 690 1702 motum.
757 1625 833 1697 Iam
856 1627 888 1696 si
907 1629 1000 1720 cepit
1026 1651 1089 1718 per

109 1729 219 1800 alium
236 1742 393 1812 motum,
417 1728 486 1798 fuit
503 1743 621 1800 motus
637 1740 719 1799 ante
741 1728 892 1808 mobile,
917 1730 1015 1822 quod
1038 1742 1090 1800 εει

109 1828 339 1920 impossibile.
391 1826 625 1924 Relinquitur
647 1852 729 1920 ergo
750 1830 883 1899 mobile
900 1831 1008 1901 fuisse
1029 1853 1088 1900 ae-

110 1943 262 2004 ternum.

479 2110 704 2191 Responsio.

210 2225 379 2318 Negauda
396 2238 447 2298 est
461 2221 548 2297 haec
562 2227 831 2322 consequentia,
856 2228 886 2297 si
904 2230 1090 2318 praecessit

100 2326 260 2412 mobile,
293 2329 385 2420 cepit
408 2328 601 2420 paralium
627 2342 775 2404 motum.
834 2327 924 2398 Nam
948 2332 1090 2416 mobile,

109 2428 146 2497 id
163 2419 215 2498 εει
233 2429 388 2516 eoelum,
412 2452 486 2497 nou
503 2431 596 2519 cepit
612 2453 675 2519 per
689 2429 800 2498 aliurn
824 2442 959 2499 motum
981 2432 1089 2502 ullius

110 2528 202 2599 finiti
218 2529 394 2620 corporis,
418 2530 480 2599 sed
502 2552 565 2620 per
584 2532 763 2599 decretum
777 2543 811 2599 et
824 2530 938 2598 ideam
957 2532 1091 2620 primae

112 2650 234 2698 causae
249 2627 434 2701 condentis
458 2644 492 2702 ει
513 2631 698 2700 formantis
722 2645 905 2713 naturam,
931 2631 1007 2702 sine
1031 2654 1091 2701 ex-

113 2742 216 2818 terpo
238 2730 389 2816 auxilio,
421 2743 456 2801 et
479 2731 555 2800 sine
577 2732 773 2802 mutatione
799 2732 837 2801 in
861 2732 949 2822 ipsa.
998 2732 1091 2804 Nam

23 2882 26 2889 -
114 2831 293 2917 decretum
310 2832 400 2902 illud
418 2845 453 2902 et
467 2832 545 2902 idea
562 2833 765 2903 admirandi
788 2834 925 2926 operis,
951 2848 1093 2906 nonest

111 2944 228 3002 motus
241 2945 337 3002 extra
354 2946 507 3004 mentem
525 2928 724 3015 architecti,
757 2958 822 3004 nec
844 2933 951 3006 efficit
975 2949 1092 3006 muta-

112 3030 245 3102 tionem
262 3033 298 3101 iu
315 3032 391 3127 ipso
408 3029 612 3107 architecto.

196 3145 293 3220 Haec
309 3163 392 3221 sunt
410 3153 596 3245 praecipua
610 3167 830 3244 argumenta,
845 3176 935 3246 quae
951 3155 995 3222 ad
1007 3175 1093 3222 con-

112 3250 323 3320 firmandam
344 3254 586 3324 aeternitatem
609 3255 654 3322 ab
677 3249 867 3324 Aristotele
890 3255 1093 3338 recitantur,

113 3375 266 3468 quorum
303 3352 514 3422 senteutiam
542 3355 724 3471 'mediocri
757 3354 1006 3446 perspicuitate
1032 3377 1091 3424 ex·

114 3472 228 3543 posuis

214 3567 395 3641 Hactenus
418 3571 563 3642 recitavi
578 3571 782 3665 praecipuas
796 3572 980 3659 materias,
1004 3595 1094 3666 quae

114 3668 343 3740 continentur
365 3671 404 3740 iu
418 3685 497 3743 octo
512 3673 615 3758 libris
628 3668 881 3769 physicorum,
905 3689 946 3744 ut
963 3683 1094 3744 vocant

114 3783 190 3854 tur,
216 3785 404 3864 quaesunt
419 3774 666 3864 exiguainitia
692 3775 872 3848 doctrinae
897 3777 942 3845 de
966 3789 1093 3845 natura

114 3894 321 3963 corporum,
347 3875 430 3966 quia
448 3874 486 3943 in
504 3899 631 3966 genere
646 3877 771 3949 dicunt
785 3877 829 3948 de
843 3877 974 3962 causis,
1001 3877 1093 3945 etde

114 3973 390 4066 proprietatibus
418 3999 629 4067 corporum,
661 3981 706 4048 de
729 3992 848 4062 motu,
881 3977 981 4062 loco,
1005 3990 1095 4046 tem·

112 4096 223 4166 pore,
246 4089 282 4144 ει
295 4075 502 4147 discernunt
522 4078 705 4148 materiam
722 4093 756 4149 et
771 4079 933 4149 formam.
990 4076 1094 4147 Nunc

113 4189 281 4268 sequetur
299 4176 461 4245 doctriua
485 4179 530 4248 de
551 4175 747 4249 Elemeutis
777 4192 812 4249 ει
835 4181 879 4248 de
910 4178 1094 4249 mixtioni-

113 4274 199 4360 bus,
224 4277 356 4370 inqua
380 4299 504 4348 causae
525 4280 795 4364 alterationum,
827 4280 1093 4370 generationum

113 4387 148 4445 et
161 4378 428 4468 corruptionum
446 4380 627 4472 propiores
640 4381 797 4474 conspici
820 4395 979 4474 possunt.

212 4508 259 4582 Et
276 4536 360 4586 risus
382 4515 530 4587 illustris
552 4530 604 4588 εει
627 4512 733 4588 hotius
757 4519 938 4589 doctrinae
962 4518 1000 4587 iu
1015 4543 1094 4589 om-

114 4610 215 4692 nium
239 4613 430 4685 mixtorum
459 4619 759 4704 consideratione,
791 4620 856 4689 ubi
880 4620 1095 4712 quaerimus,

114 4735 205 4805 quae
221 4735 276 4784 res
292 4715 422 4808 quibus
440 4716 540 4814 iungi
554 4735 618 4797 aut
632 4720 772 4791 misceri
789 4720 935 4812 possint,
957 4734 992 4790 et
1006 4745 1093 4812 qua-

340 206 549 286 scmrrn
577 206 666 305 ru.
680 197 799 284 Mur.
824 206 894 313 xo
916 208 1045 284 nisa.
1069 205 1214 287 eaor.
1238 207 1307 285 ar
1332 166 1524 291 runos.
1550 209 1870 290 sracranrn.

2043 219 2120 294 880

1141 381 1191 452 Ιεε
1215 381 1299 451 fiant
1316 382 1561 470 alterationes,
1586 399 1646 455 aut
1667 387 1927 472 generationes,
1954 398 2016 456 aut
2038 411 2120 459 eor-

1141 481 1335 573 ruptiones,
1360 484 1490 554 iunctis
1504 498 1565 556 aut
1579 486 1697 555 mixtis
1715 488 1817 557 certis
1831 490 1949 573 rebus,
1975 502 2014 556 ut
2030 489 2121 562 sicut

1141 597 1215 652 arte
1239 584 1400 653 videmus
1421 584 1556 675 lapides
1571 598 1689 656 coctos
1705 585 1801 667 fieri,
1824 604 1963 680 sumpta
1982 588 2121 661 viscosa

1141 696 1252 764 terra,
1279 698 1312 754 ει
1327 686 1517 755 madefacta
1533 710 1637 780 aqua,
1662 711 1701 756 ae
1720 688 1857 777 agitata,
1883 703 1924 759 ut
1940 713 2031 782 aqua
2050 716 2121 760 un·

1140 784 1248 876 dique
1264 785 1447 855 misceatur
1461 799 1584 858 terrae.
1609 787 1701 858 Nam
1711 785 1839 858 humor
1855 804 1908 860 est
1918 792 2120 879 coagulum,

1141 885 1216 953 sine
1232 910 1303 978 quo
1318 887 1428 956 siccae
1444 901 1558 979 partes
1575 912 1648 958 non
1667 886 1872 974 cohaerent,
1898 904 2019 983 postea
2036 916 2120 962 vero

1140 987 1430 1068 acceditassatio,
1459 1013 1529 1082 qua
1554 991 1663 1059 mules
1685 989 1747 1059 illa
1770 991 1939 1073 duratur,
1963 992 2013 1062 ita
2029 1006 2064 1063 et
2078 994 2121 1061 in

1141 1098 1234 1156 terra
1249 1101 1282 1158 et
1297 1088 1336 1156 in
1355 1088 1439 1179 ipsis
1461 1086 1647 1160 hominum
1670 1091 1816 1161 renibus
1849 1106 2046 1164 nascuntur
2066 1095 2121 1163 la-

1142 1187 1259 1278 pides,
1285 1188 1367 1281 quia
1386 1190 1526 1280 pinguis
1551 1204 1584 1259 et
1606 1190 1732 1262 biliosa
1755 1194 1981 1284 superfluitas
2001 1195 2121 1264 nutri·

1141 1289 1251 1358 menti
1265 1289 1303 1358 in
1321 1291 1465 1361 renibus
1480 1291 1649 1375 subsidit,
1674 1306 1709 1364 et
1733 1308 1877 1385 propter
1900 1295 2121 1364 debilitatem

1139 1388 1252 1458 nativi
1265 1390 1410 1470 caloris,
1437 1392 1499 1484 qui
1523 1393 1552 1461 si
1568 1393 1695 1463 fortior
1715 1407 1814 1478 esset,
1837 1395 2023 1485 dissiparet
2041 1418 2120 1463 eam

1142 1488 1322 1560 materiam
1343 1504 1378 1561 et
1398 1493 1606 1582 expelleret,
1632 1494 1802 1585 paulatim
1817 1495 1887 1564 coit
1902 1507 1937 1565 et
1953 1495 2120 1583 coagula-

1141 1604 1199 1659 tur
1226 1591 1289 1660 illa
1316 1593 1444 1676 moles,
1469 1594 1597 1662 deinde
1626 1594 1759 1665 accedit
1782 1595 1930 1679 assatio,
1963 1619 2054 1692 quae
2078 1595 2118 1664 lit

1141 1692 1288 1761 acalore
1305 1694 1606 1783 praeternaturali.
1659 1693 1707 1766 Ut
1720 1695 1815 1764 enim
1832 1696 1996 1765 calefiunt
2012 1695 2119 1764 etiam

1141 1793 1179 1859 in
1193 1788 1317 1885 hyeme
1334 1795 1482 1879 canales,
1496 1795 1579 1888 quia
1598 1790 1735 1887 halitus
1745 1795 1858 1864 elllari
1873 1820 1944 1864 uon
1963 1809 2121 1885 possunt,

1141 1894 1189 1962 ita
1213 1895 1252 1962 iu
1274 1896 1377 1963 senili
1401 1920 1565 1988 corpore,
1591 1896 1735 1986 propter
1750 1896 2017 1966 obstructiones.
2048 1893 2120 1964 Ca·

1142 1995 1197 2063 lor
1226 1995 1288 2063 ille
1324 1997 1633 2088 praeternaturalis
1665 1998 1789 2065 crescit
1818 2008 1879 2067 aut
1914 1995 2120 2065 accenditur

1143 2108 1260 2181 motu,
1281 2096 1331 2165 sie
1344 2110 1479 2167 assatur
1495 2097 1639 2166 materia
1653 2095 1692 2164 in
1708 2093 1801 2166 cavis
1817 2094 1915 2164 locis.

1243 2227 1351 2299 Vides
1368 2229 1477 2320 igitur
1491 2253 1642 2321 quarum
1663 2229 1890 2299 materiarum
1912 2229 1972 2298 hat
1985 2228 2123 2312 mixtio,

1142 2330 1276 2401 scilicet
1293 2331 1333 2399 in
1346 2332 1566 2401 nutrimento
1582 2330 1736 2421 partium
1759 2331 1931 2399 siccarum
1949 2343 1983 2398 ει
2002 2323 2122 2396 humi-

1142 2435 1287 2511 «larum,
1312 2455 1402 2525 quae
1425 2445 1506 2502 sunt
1529 2431 1568 2499 in
1590 2431 1832 2520 superfluitate
1856 2430 1990 2498 viscosa
2013 2442 2047 2497 et
2069 2442 2122 2497 ιε-

1143 2533 1232 2602 naci.
1284 2530 1394 2601 Vides
1410 2545 1446 2602 ει
1461 2554 1669 2600 concurrere
1684 2531 1871 2600 efficientes
1896 2550 2036 2613 causas,
2058 2532 2121 2596 sed

1143 2634 1284 2702 diverso
1316 2635 1442 2715 modo,
1476 2632 1586 2721 frigus
1610 2645 1644 2701 et
1667 2631 1819 2699 calorem
1844 2630 2013 2699 alienum.
2072 2625 2122 2698 Et

1142 2734 1282 2803 facilius
1312 2734 1506 2822 gignuntur
1527 2732 1654 2802 calculi
1678 2732 1715 2799 in
1739 2731 1884 2800 renibus
1908 2745 2038 2817 ,natura
2062 2730 2123 2795 ni·

1143 2834 1256 2904 mium
1271 2835 1487 2925 calentibus,
1509 2834 1592 2927 quia
1614 2857 1694 2901 cum
1710 2833 1893 2922 proprium
1917 2831 2044 2900 caloris
2062 2830 2121 2908 sit,

1144 2934 1350 3027 praesertim
1371 2933 1614 3014 immoderati,
1641 2927 1835 3016 attrahere,
1860 2953 1962 3000 renes
1985 2930 2024 2998 in
2040 2931 2124 3000 tali-

1144 3037 1211 3106 hus
1231 3037 1310 3127 plus
1325 3036 1490 3106 materiae
1505 3030 1699 3117 attrahunt,
1725 3045 1759 3102 et
1774 3031 1884 3121 magis
1898 3030 2125 3100 inflamman-

1142 3150 1202 3207 tur
1218 3150 1330 3210 motu.
1379 3134 1426 3205 Et
1440 3132 1526 3205 haec
1539 3158 1642 3205 causa
1658 3146 1727 3218 cst,
1753 3156 1816 3202 cur
1840 3126 1897 3200 hic
1918 3132 2064 3200 morbus
2085 3131 2125 3198 in

1142 3251 1244 3309 natos
1258 3251 1486 3328 propagetur,
1511 3237 1593 3329 quia
1617 3258 1742 3305 renum
1765 3247 1892 3302 natura
1912 3230 2058 3314 similis,
2085 3231 2125 3299 id

1142 3353 1210 3424 est,
1235 3337 1402 3417 calidior,
1428 3337 1626 3430 plerunque
1639 3347 1864 3426 propagatur.

1244 3472 1323 3542 Hoc
1346 3471 1545 3563 exemplum
1566 3494 1608 3540 eo
1630 3468 1793 3552 recitavi,
1825 3479 1866 3537 ut
1895 3465 2124 3537 considerent

1143 3575 1311 3652 iuniores,
1331 3574 1446 3666 qualis
1463 3573 1509 3642 sit
1521 3594 1606 3642 usus
1621 3570 1802 3640 doetrinae
1824 3590 1930 3659 supra
1947 3568 1990 3635 de
2012 3569 2127 3636 causis

1143 3678 1309 3759 traditae,
1331 3688 1364 3745 ει
1384 3673 1524 3745 ovidius
1546 3684 1728 3762 expectent
1751 3683 1955 3762 sequentem
1970 3669 2015 3736 de
2029 3667 2122 3735 mix·

1144 3778 1301 3848 tionibus
1325 3790 1360 3845 et
1385 3764 1493 3844 variis
1522 3773 1732 3865 qualitatum
1768 3769 1976 3840 actionibus.
2041 3761 2128 3837 Dixi

1143 3874 1201 3948 hic
1224 3876 1408 3947 materiam
1438 3875 1568 3965 lapidis
1595 3897 1668 3945 esse
1698 3871 1867 3963 pinguem
1893 3880 1928 3937 ει
1959 3866 2125 3937 hiliosam

1144 3977 1432 4069 superfluitatem.
1488 3972 1627 4045 Deinde
1650 3996 1753 4045 eausa
1776 3994 1840 4039 cur
1863 3968 1974 4038 moles
1999 3992 2127 4038 cumu-

1144 4082 1256 4165 letur,
1290 4090 1441 4148 nonest
1468 4075 1639 4167 positiva,
1674 4074 1734 4156 sed
1766 4071 1963 4163 privativa,
1993 4069 2128 4141 scilicet

1144 4181 1298 4251 deiectus
1319 4179 1456 4252 caloris.
1516 4175 1610 4248 lacet
1642 4172 1786 4243 materia
1819 4171 1965 4241 immota
1988 4184 2022 4244 et
2045 4172 2128 4252 coit,

1144 4283 1226 4375 quia
1256 4306 1330 4351 non
1361 4280 1558 4372 expellitur.
1617 4275 1688 4347 Sed
1710 4295 1814 4343 causa
1840 4271 1989 4364 positiva
2012 4283 2064 4341 est
2088 4272 2127 4338 in

1144 4385 1312 4467 assando,
1331 4382 1428 4453 calor
1449 4381 1585 4449 alienus
1598 4376 1660 4471 qui
1677 4379 1782 4446 durat
1796 4369 1889 4442 hanc
1910 4372 2061 4458 molem,
2087 4385 2128 4440 ut

1145 4485 1183 4555 tit
1200 4487 1238 4553 in
1257 4484 1363 4553 coctis
1378 4481 1570 4573 lapidibus.
1606 4475 1693 4548 Sed
1710 4477 1747 4543 in
1764 4488 1863 4565 parte
1878 4472 2014 4565 operis,
2037 4495 2127 4566 quae

1146 4585 1328 4680 sequitur,
1354 4584 1458 4675 plura
1474 4579 1631 4671 exempla
1648 4577 1884 4647 recitabimus.

1560 4689 1709 4774 Τέλος.

928 4974 1301 4992 ..Ἤκουσα-...ια
