4538 5754
124 232 221 313 1299
440 296 445 301 .
719 218 843 296 Ptttn.
872 216 988 291 MEL.
1012 214 1222 290 SCRIPTA
1247 211 1546 294 EXEGETICA.
2057 215 2134 291 tttt

123 403 245 477 multis
260 399 375 470 modis
392 421 428 469 se
444 394 599 467 ostendit
611 393 765 472 mundo,
792 405 827 461 et
854 390 1013 482 patefecit
1042 415 1105 460 vo·
1157 391 1279 462 multis
1294 390 1412 460 verbis
1427 391 1616 484 amplificat
1630 390 1729 460 illam
1746 413 1867 461 veram
1885 390 2062 481 gloriam,
2084 391 2134 462 sci·

125 508 296 579 luntatem
312 525 422 572 suam.
604 524 610 537 ·
1158 493 1259 578 licet,
1286 496 1382 586 quod
1399 490 1495 563 Deus
1512 517 1594 563 vere
1611 494 1725 564 adfuit
1741 506 1849 586 atque
1864 492 2034 564 innotuit
2057 492 2134 563 inil-

228 603 310 675 ldeo
333 599 390 672 bic
414 600 573 671 Psalmns
595 598 660 669 ait:
695 599 881 668 scrutanda
908 618 981 665 esse
1002 614 1107 684 opera
1158 595 1228 664 lius
1245 596 1368 687 populi
1385 594 1588 674 vocatione,
1604 597 1864 685 gubernatione
1878 609 1919 666 et
1936 595 2133 682 defensione,

125 704 306 791 Domini,
337 706 431 775 iuxta
455 702 576 772 omnia
599 700 846 769 desiderabilia
868 722 950 782 sua,
982 698 1019 766 id
1047 710 1108 779 est,
1159 720 1220 787 per
1239 699 1386 767 verbum
1402 710 1437 767 et
1454 698 1700 789 perexempla.
1751 695 1822 768 Hie
1846 697 1965 788 igitur
1976 697 2133 770 discam

126 811 340 908 querendam
361 829 434 875 esse
452 806 490 872 in
508 804 578 872 illis
595 798 685 871 banc
702 802 949 870 admirandam
967 800 1107 890 sapien·
1158 822 1276 867 veram
1295 800 1443 890 gloriam
1461 822 1534 869 esse
1551 813 1585 870 et
1600 798 1820 893 superiorem
1843 801 2024 871 omnibns
2038 799 2133 890 regnis

126 916 229 997 tiam,
256 909 472 1001 agnitionem
489 902 572 989 Dei,
598 904 833 974 eruditionem
848 916 882 971 et
896 901 1109 971 consolatio·
1161 902 1304 986 mundi,
1330 904 1425 995 quod
1442 898 1636 973 Ecclesiam
1654 904 1829 993 gubernat
1845 924 2018 994 expresso
2035 902 2132 982 verbs

127 1026 391 1086 nemnostram.
442 1007 524 1078 Non
542 1007 636 1075 enim
653 1007 738 1074 alibi
751 1004 958 1096 sapientiam
974 1002 1041 1073 Dei
1058 1004 1106 1073 ita
1159 1004 1255 1096 qnod
1272 1026 1450 1095 expressas
1466 1005 1717 1096 promissiones
1737 1000 1935 1091 babemus,
1960 1006 2132 1100 qnodrert

127 1119 237 1199 lucet,
265 1115 354 1183 sicut
379 1113 416 1179 in
441 1106 497 1179 bis
520 1110 619 1178 lactis
642 1123 676 1178 et
699 1108 736 1174 in
763 1104 830 1176 boc
854 1107 984 1189 verbo,
1010 1106 1106 1194 quod
1161 1106 1244 1176 velit
1260 1100 1454 1175 Ecclesiam
1471 1107 1648 1177 exaudire.

127 1218 259 1313 populo
284 1214 392 1284 lsraiil
418 1213 574 1283 tradidit.
635 1207 913 1278 Meminerimus.
933 1228 1016 1296 ergo
1041 1207 1108 1275 hoc

126 1331 369 1413 praeceptum,
403 1328 443 1384 ut
465 1337 570 1405 opera
593 1311 657 1382 Dei
686 1311 733 1381 ita
758 1311 1037 1392 consideremus,
1066 1319 1110 1378 'ut

127 1420 285 1511 exempla
300 1438 366 1487 nos
386 1428 569 1496 moveant,
595 1413 684 1482 sicut
707 1436 808 1503 saepe
830 1412 916 1479 alias
937 1410 1110 1501 praecipi·
1263 1404 1456 1494 Aptissima
1482 1407 1643 1498 sequitur
1667 1408 1711 1476 de
1735 1407 1952 1491 duratione,
1980 1406 2132 1500 qnasidi-

128 1539 197 1596 tur.
249 1518 299 1591 Ut
314 1517 475 1588 Psalmus
492 1517 568 1588 78.;
594 1512 774 1613 Attqndite
793 1513 920 1605 popule
938 1535 1037 1581 meus
1060 1513 1111 1580 le·
1161 1519 1234 1589 cat,
1257 1506 1368 1595 gloria
1386 1507 1497 1574 nostri
1519 1507 1663 1597 populi,
1687 1507 1958 1602 scilicet,quod
1974 1507 2133 1580 Densnos

128 1649 205 1716 gem
225 1645 349 1701 meam,
377 1618 460 1688 Filii
478 1619 539 1712 qui
557 1630 745 1685 nascentur
762 1618 958 1685 narrabunt
972 1611 1110 1683 cafiliis
1162 1608 1318 1693 vocavit,
1343 1609 1440 1700 quod
1454 1608 1552 1681 dedit
1565 1611 1714 1679 verbum
1728 1632 1851 1696 snum,
1876 1613 1980 1704 quod
2003 1636 2070 1682 nos
2089 1614 2133 1680 de·

128 1727 219 1810 suis,
251 1738 291 1794 ut
314 1734 448 1813 ponant
469 1721 506 1787 in
532 1716 609 1788 Deo
634 1742 732 1808 spem
757 1743 854 1788 snam
879 1732 912 1787 et
929 1738 1002 1785 non
1018 1715 1112 1785 obli·
1162 1709 1275 1778 fendit
1291 1710 1502 1799 ingensest,
1529 1723 1570 1781 ut
1585 1711 1718 1783 dictum
1735 1724 1805 1795 est,
1830 1715 1895 1781 sed
1911 1708 1984 1784 boe
2008 1714 2134 1809 nornine

130 1828 310 1898 viscantur
327 1844 473 1914 operum
490 1822 570 1891 Dei.
1163 1825 1314 1902 praestat
1331 1811 1476 1879 caeteris
1494 1812 1629 1901 regnis,
1651 1814 1747 1906 quod
1764 1827 1815 1882 cst
1831 1814 2016 1884 durabilis
2031 1815 2135 1904 gloria,

1162 1913 1261 2006 quasi
1271 1913 1380 1982 dicat:
1396 1910 1548 2003 Imperia
1558 1913 2020 1987 abaliislataeeversissnis
2031 1919 2136 1986 rebus·

156 2046 220 2121 ΠΙ,
260 2047 468 2118 ggorsmm
495 2050 530 2111 eg
552 2035 795 2135 ,mmmmm
820 2047 878 2109 m
902 2058 994 2128 (ΨΜ
1016 2039 1112 2124 effug,
1164 2015 1314 2105 publicis
1332 2015 1507 2132 delentnr.
1523 2013 1614 2134 ,sed
1632 2017 1770 2087 vocatio
1784 2011 1895 2086 buius
1911 2018 2136 2110 populi,facta

231 2155 303 2222 epe,
898 2198 909 2224 κ
1163 2140 1227 2208 per
1244 2118 1392 2186 verbum
1408 2116 1494 2201 Der,
1521 2141 1558 2185 sn
1573 2143 1645 2210 quo
1661 2119 1826 2210 patefecit
1848 2115 1953 2190 Deus
1976 2120 2136 2192 iusticiam

1162 2242 1280 2303 suam,
1307 2231 1342 2289 et
1365 2242 1427 2310 per
1450 2218 1658 2290 admiranda
1681 2233 1715 2289 et
1738 2221 1830 2291 insta
1847 2225 2034 2315 exempla,
2058 2245 2137 2292 nnn·

231 2327 375 2419 Repetit
402 2323 619 2414 superiorem
654 2320 883 2401 sententiam,
923 2320 1020 2411 qnod
1051 2318 1112 2386 illa
1163 2345 1268 2414 quam
1291 2321 1360 2390 erit
1380 2320 1491 2393 irrita.
1545 2318 1586 2389 ln
1608 2316 1675 2391 boc
1692 2322 1826 2413 populo
1842 2346 1991 2413 semper
2004 2323 2136 2396 eritbe-

129 2431 285 2523 ingentia
312 2429 400 2498 lacta
423 2426 489 2498 Dei
513 2427 550 2492 in
574 2424 731 2493 victoriis
762 2421 884 2513 populi
906 2419 1017 2491 Israel
1040 2420 1113 2490 sint
1162 2423 1287 2507 clesia,
1313 2424 1464 2494 verbum
1479 2423 1529 2491 eis
1544 2424 1685 2507 datum,
1708 2438 1743 2493 et
1766 2425 1953 2495 ordinatio
1980 2425 2136 2498 divinitus

128 2558 212 2608 rere
232 2530 404 2621 gloriosa,
431 2543 464 2597 et
492 2538 658 2616 superent
680 2524 842 2592 omnium
864 2545 985 2609 regum
1007 2535 1112 2614 atque
1162 2526 1268 2595 lacta:
1296 2547 1369 2594 non
1385 2537 1552 2615 poterunt
1569 2525 1645 2594 ulla
1659 2519 1814 2595 bumana
1829 2526 1867 2594 vi
1882 2527 2012 2598 deleri.

128 2640 381 2726 imperatorum
401 2651 455 2697 res
469 2642 580 2716 gestas
595 2638 629 2694 et
644 2621 855 2717 triumphos.
896 2619 1111 2693 Etbocdis·
1263 2624 1392 2695 Tradit
1406 2626 1513 2713 igitur
1529 2621 1588 2695 bic
1606 2649 1726 2697 versus
1741 2628 1865 2698 utilem
1891 2630 2093 2700 doctrinam
2109 2640 2135 2697 et

129 2737 261 2809 crimen
278 2732 557 2802 animadvertere
571 2729 658 2798 utile
680 2741 741 2829 est.
793 2725 1007 2804 Alexandri,
1033 2723 1111 2795 Sci·
1161 2727 1459 2809 consolationem,
1485 2727 1669 2812 videlicet,
1694 2731 1789 2821 quod
1817 2724 1982 2801 bumana
2005 2729 2135 2802 consil’n

129 2836 248 2931 pionis
268 2850 302 2906 et
324 2832 495 2902 similium
520 2853 595 2915 res,
624 2830 701 2898 sine
724 2851 885 2921 expresso
908 2823 976 2899 Dei
999 2829 1110 2897 verbo
1160 2829 1236 2900 sine
1249 2829 1433 2899 vocatione
1448 2828 1571 2899 divina
1592 2853 1666 2899 non
1687 2824 1841 2903 babeant
1855 2831 2055 2905 diuturnos
2074 2853 2135 2902 suc·

129 2951 313 3033 geruntur.
370 2933 418 3006 Et
441 2957 644 3027 quanquam
666 2929 762 3002 Deus
787 2931 825 2998 in
850 2930 922 2999 illis
941 2930 1110 3020 exemplis
1160 2954 1286 3007 cessus.
1328 2930 1428 3002 Sicut
1452 2944 1598 3023 apparet
1622 2932 1660 3000 in
1682 2932 1866 3017 omnibus,
1903 2934 2054 3027 quires
2075 2955 2134 3003 ns·

130 3044 234 3114 etiam
260 3038 417 3111 ostendit
441 3058 477 3104 ae
502 3035 629 3125 punire
651 3035 848 3127 mnndum,
883 3046 1001 3103 tamen
1031 3055 1109 3099 ver·
1160 3055 1247 3122 gnas
1267 3034 1344 3103 sine
1366 3032 1456 3102 insta
1480 3033 1665 3102 vocatione
1689 3049 1943 3124 susceperunt,
1977 3050 2021 3108 nt
2039 3032 2133 3107 Abst-

129 3146 215 3216 burn
233 3162 433 3234 expressum
448 3137 682 3207 nonaccedit.
733 3130 783 3204 Et
797 3147 888 3204 certe
903 3135 1051 3203 verbum
1066 3135 1110 3202 de
1160 3135 1243 3215 lon,
1265 3134 1411 3204 Zambri
1429 3148 1463 3206 et
1479 3134 1639 3228 plerique
1654 3134 1716 3204 alii
1730 3136 1892 3205 seditiosi
1911 3159 2015 3228 reges
2039 3138 2075 3206 in
2094 3133 2133 3205 ls-

129 3243 371 3316 misericordia
397 3264 473 3310 non
496 3239 657 3322 additur,
681 3237 863 3315 videlicet,
894 3237 991 3328 quod
1014 3232 1110 3305 Deus
1161 3238 1246 3306 rair'l.
1298 3234 1384 3307 ltem
1400 3232 1548 3320 Caesar,
1572 3235 1766 3318 Antonius,
1792 3234 1942 3318 Brutus,
1968 3251 2006 3309 et
2018 3237 2133 3311 sliiin·

129 3349 216 3419 velit
240 3346 416 3416 remittere
438 3353 595 3434 peccata,
626 3338 812 3418 exaudire,
846 3361 985 3406 servare
1007 3336 1110 3406 adssi-
1160 3338 1409 3410 numerabiles.
1478 3336 1551 3407 Nec
1585 3338 1680 3408 ullae
1711 3339 1924 3410 traditiones
1960 3330 2166 3421 humnse'

128 3465 222 3534 ctos,
252 3473 316 3517 nec
343 3445 489 3517 additur
512 3441 696 3531 promissio
719 3442 764 3509 de
786 3439 1030 3509 conservando
1054 3462 1110 3508 re·
1160 3452 1348 3512 autsectae
1370 3440 1537 3510 excitatae
1559 3453 1682 3511 contra
1700 3441 1847 3511 verbum
1864 3438 1953 3526 Dei,
1980 3442 2135 3515 suntda-

130 3575 200 3642 gno
218 3551 368 3619 incoato.
419 3544 472 3615 Ne
487 3557 613 3634 gerunt
628 3538 832 3612 Alexander
843 3554 878 3612 et
893 3538 1014 3630 Scipio
1030 3563 1111 3611 suas
1160 3541 1301 3616 rabiles.
1351 3540 1452 3614 Sicut
1466 3541 1611 3612 extincti
1628 3556 1712 3612 sunt
1729 3538 1915 3613 idolatrici
1933 3545 2063 3629 cultus,
2084 3540 2135 3635 qni

130 3675 185 3725 res
202 3651 289 3720 inssi
301 3670 463 3739 expresso
481 3647 589 3716 verbo
605 3644 683 3716 Dei.
735 3643 817 3713 Non
835 3658 919 3714 sunt
934 3642 1044 3732 igitur
1060 3643 1111 3712 ibi
1160 3643 1247 3714 olim
1271 3646 1436 3726 fuerunt,
1462 3644 1546 3713 item
1567 3657 1687 3736 postea
1707 3639 1900 3728 Haereses,
1926 3640 2135 3727 Maniebsen
2156 3644 2160 3655 '

131 3752 288 3842 exempla
310 3749 590 3831 misericordiae,
612 3747 695 3817 item
717 3748 762 3815 de
785 3745 1011 3817 invocatione
1031 3741 1110 3824 Dei,
1160 3739 1315 3816 Arriano
1343 3761 1378 3818 et
1403 3746 1512 3816 aliae:
1570 3735 1620 3815 sic
1642 3745 1843 3817 interibunt
1862 3742 2068 3820 Mabometi
2088 3767 2135 3817 se·

130 3859 175 3926 de
198 3854 291 3924 veris
313 3852 478 3922 cultibus.
529 3847 593 3920 Est
617 3848 724 3937 igitur
747 3848 886 3918 infinita
910 3847 1111 3916 differentia
1160 3860 1232 3931 eta,
1279 3863 1315 3919 et
1348 3848 1556 3939 pontificum
1590 3860 1625 3918 et
1648 3842 1909 3917 monachorum
1940 3850 2136 3921 traditiones

129 3959 223 4029 inter
248 3951 312 4023 bas
333 3951 499 4022 victorias
527 3964 561 4021 et
585 3950 828 4020 defensionem
857 3945 964 4018 buius
985 3947 1111 4038 populi
1159 3971 1230 4017 nna
1247 3973 1327 4017 cum
1346 3951 1432 4040 ipsis
1446 3949 1731 4041 persecutoribus
1745 3946 1946 4039 Evangelii.
1978 3949 2136 4022 Sientin·

127 4058 331 4137 lsra'olitici,
355 4069 390 4125 et
403 4053 556 4124 aliorum
569 4073 691 4138 regum
706 4051 807 4120 faeta.
1159 4049 1237 4143 quit
1253 4044 1431 4123 Christus:
1458 4047 1591 4121 Omnis
1606 4050 1798 4141 plantatio,
1823 4074 1934 4143 quam
1955 4074 2036 4123 non
2049 4052 2135 4145 plsn-

228 4159 343 4231 Porro
359 4157 420 4227 illa
437 4166 490 4226 est
507 4177 588 4222 vera
605 4153 728 4241 gloria,
755 4153 819 4221 ubi
835 4150 988 4221 intactis
1002 4150 1109 4220 inno-
1159 4153 1247 4223 tavit
1263 4168 1363 4242 pater
1377 4175 1495 4237 meus,
1521 4151 1772 4225 eradicabitur.
1823 4151 1896 4236 Sed
1915 4154 2068 4225 rerbnm
2080 4148 2135 4224 Μ

128 4264 229 4338 tescit
244 4277 279 4333 et
294 4260 510 4351 glorificatur
524 4253 638 4340 Deus,
663 4268 698 4324 et
715 4255 789 4324 veri
815 4254 929 4323 cultus
949 4254 1110 4345 exempla
1158 4267 1211 4324 est
1246 4267 1477 4347 perpetuum,
1520 4278 1586 4324 nec
1621 4253 1695 4324 ulla
1728 4255 1764 4324 vi
1799 4247 1960 4325 bumana
1996 4251 2135 4351 opprini

126 4367 382 4448 ostenduntur,
414 4372 450 4432 ct
473 4382 553 4430 cum
582 4357 716 4427 accedit
737 4377 937 4449 expressum
960 4356 1108 4425 verbnm
1157 4369 1283 4448 potest.

127 4467 207 4542 Dei.
258 4463 353 4555 Ergo
383 4461 550 4533 victoriae
572 4457 785 4531 Israeliticae
820 4481 901 4527 vere
935 4457 1109 4546 gloriosae
1258 4456 1379 4545 Quare
1393 4450 1452 4526 bic
1473 4455 1668 4527 versiculus
1687 4456 1725 4525 in
1742 4453 1886 4525 Psalmo
1903 4459 2136 4533 docetnosde

126 4582 222 4644 sunt.
273 4566 374 4639 Sicut
394 4560 486 4635 banc
505 4564 617 4654 ipsam
641 4561 789 4651 gloriam
808 4583 910 4651 saepe
932 4560 1109 4651 praedicat
1158 4583 1195 4629 re
1218 4581 1364 4649 magna,
1394 4559 1544 4644 seilicet,
1573 4580 1618 4627 ne
1645 4557 1722 4627 sine
1748 4558 1942 4630 vocatione
1965 4560 2061 4635 insta
2083 4558 2137 4631 ali·

125 4670 328 4761 Scriptura,
351 4665 650 4739 utPsalm.148.:
676 4663 759 4734 Non
775 4662 859 4731 iecit
874 4660 992 4731 taliter
1008 4661 1108 4729 omni
1157 4660 1243 4755 quid
1258 4660 1509 4752 suscipiamus,
1535 4674 1570 4732 et
1586 4684 1633 4728 ne
1647 4658 1858 4730 traditiones
1880 4656 2062 4734 humanas
2076 4687 2136 4734 arn-

125 4772 334 4852 nationi,et
350 4768 481 4841 indicia
498 4789 561 4836 sna
576 4791 651 4836 non
667 4763 905 4834 manifestavit
919 4763 982 4835 eis.
1018 4760 1108 4831 ltem
1156 4763 1352 4855 plectamur
1366 4778 1489 4833 contra
1505 4764 1653 4834 verbnm
1670 4757 1765 4845 Des',
1792 4785 1857 4832 nec
1879 4762 2137 4852 cogitemnsul·

125 4874 401 4946 Deuteronomii
420 4868 555 4962 primo:
581 4866 742 4938 Portarit
758 4868 803 4937 de
820 4863 997 4935 Dominus
1010 4861 1108 4934 Deus
1156 4865 1209 4934 las
1224 4865 1432 4935 traditiones
1447 4862 1641 4945 humanas,
1669 4888 1750 4936 curn
1763 4863 1837 4934 sint
1853 4866 2052 4960 periturae,
2066 4889 2136 4961 pro-

125 4991 229 5061 tuus,
254 4988 295 5045 ut
311 4976 401 5046 solet
416 4968 527 5043 bomo
542 4983 678 5060 gestare
693 4968 882 5061 parvulum
902 4967 1016 5036 tilium
1039 4980 1108 5036 ete.
1156 4968 1315 5039 dessead
1331 4967 1507 5039 iusticiam
1524 4982 1586 5038 ant
1600 4967 1711 5038 vitam
1727 4980 1930 5053 aeternam,
1956 4985 2023 5042 ant
2038 4967 2136 5040 eonti-

55 5072 57 5076 ’
123 5075 172 5155 Et
192 5077 305 5168 capite
324 5089 469 5178 quarto:
496 5070 555 5143 En
576 5073 731 5166 populus
753 5070 905 5163 sapiens.
956 5067 1030 5139 Nec
1056 5081 1109 5138 est
1156 5092 1242 5139 nere
1257 5093 1384 5162 opera,
1409 5093 1501 5163 qnae
1518 5081 1603 5142 sunt
1627 5070 1772 5157 effeetus
1793 5082 1963 5148 aeternae
1978 5071 2137 5143 institiae.

124 5181 192 5253 alia
219 5177 338 5263 natio,
370 5200 461 5271 quae
489 5169 615 5244 babeat
643 5170 739 5244 Deus
769 5171 1107 5272 appropinquantes,
1156 5168 1253 5241 Haec
1270 5195 1349 5242 cum
1367 5172 1454 5241 alibi
1470 5173 1612 5265 copiose
1627 5172 1869 5259 declarentur,
1896 5195 1977 5243 non
1994 5168 2138 5246 volabit

121 5285 210 5355 sicut
235 5279 332 5352 Dens
361 5294 482 5350 noster
509 5277 608 5346 adest
635 5277 772 5346 cunctis
799 5273 1108 5347 obsecrationibus
1155 5273 1329 5364 prolixius
1343 5274 1528 5366 explicare.
1578 5273 1744 5346 Secundo
1758 5275 1960 5348 consolatio
1978 5272 2137 5369 proponi-

123 5386 264 5459 uostris.
306 5381 408 5473 Quae
423 5395 476 5453 est
489 5378 559 5449 alia
575 5400 663 5468 gens
675 5380 765 5449 adeo
785 5376 917 5471 inclyta
933 5389 999 5453 etc.
1052 5371 1105 5447 lta
1154 5388 1245 5451 tun·
1275 5373 1353 5447 Etsi
1378 5376 1473 5447 enirn
1497 5376 1679 5468 adfligitur
1696 5372 1876 5460 Ecclesia,
1905 5392 1942 5451 et
1965 5399 2137 5475 oppugna·

1211 1266 1369 1340 Iustitia
1395 1269 1471 1340 eius
1495 1281 1619 1342 manet
1644 1269 1684 1342 in
1706 1282 1917 1360 aeternum,
1945 1281 2012 1348 erc.
