4538 5754
127 197 222 277 sss:
597 194 600 205 ·
713 190 841 274 rma
864 142 1546 297 nmscntrrarxrurrrcn
2057 197 2149 277 aas:

124 362 293 435 metionis
320 363 416 455 apud
446 360 621 454 sapientes
646 360 685 429 in
708 362 864 448 mundo,
893 361 1052 453 inopiam
1077 370 1112 431 et
1162 357 1252 431 Saul
1269 359 1440 452 implorat
1460 385 1563 453 opem
1585 385 1606 433 s
1628 361 1779 434 muliere
1793 366 1942 456 magica.
1993 365 2148 459 Etreges

125 467 254 536 similia
282 465 362 557 plns
385 477 547 536 metuunt
568 486 675 559 qnam
697 459 833 548 Deum,
865 478 977 535 ruunt
999 476 1034 534 et
1057 463 1112 531 fs·
1164 459 1315 533 ludaeae
1327 463 1579 554 confugiebant
1593 467 1639 534 ad
1655 459 1866 561 Aegyptios,
1889 482 1935 540 ut
1948 464 2079 542 Esaiae
2091 472 2147 546 df).

124 569 225 638 ciunt
248 569 419 662 quaedam
442 581 565 638 contra
583 568 747 635 mandata
761 563 841 639 Dei.
893 564 945 639 lta
964 581 1000 638 et
1016 564 1111 636 diffi·
1162 565 1315 650 dicitur,
1338 565 1401 636 uhi
1418 567 1599 658 perspicue
1614 569 1828 640 describitur
1841 570 2073 644 imbecillitas
2086 570 2147 645 hn-

124 670 247 740 dentia
268 682 430 761 peccant,
454 669 694 757 imaginantur
710 668 778 737 sibi
798 669 1019 759 profuturam
1037 690 1111 738 esse
1162 667 1260 736 mani
1283 670 1418 751 cordis,
1444 669 1541 762 quod
1563 693 1640 738 nou
1662 683 1775 755 potest
1795 695 1815 740 a
1838 674 1951 743 vmho
1972 674 2047 746 Dei
2067 700 2146 769 pen·

124 794 223 841 suam
238 772 460 864 sapientiam,
485 771 632 861 gratiam
648 770 862 862 principum,
889 768 1111 841 coniunctio·
1162 770 1265 854 dere,
1291 784 1325 839 et
1345 769 1415 839 fide
1438 792 1475 839 se
1499 784 1712 857 sustentare,
1740 775 1802 843 sed
1822 775 1966 868 quaerit
1986 801 2048 847 res
2068 780 2145 848 suh·

124 895 188 943 nes
204 874 419 955 amicorum,
445 896 540 965 opes.
1162 870 1270 941 iactas
1291 872 1424 957 oculis,
1450 886 1484 942 et
1505 896 1613 941 mann
1637 870 1932 965 comprehensas,
1957 890 2001 948 ut
2023 879 2074 949 eis
2094 879 2143 949 ni·

225 974 321 1045 Haec
350 975 477 1044 fiducia
508 969 688 1065 prohibita
719 969 855 1058 aDeo,
889 998 991 1065 saepe
1018 973 1111 1045 fallit
1162 986 1269 1045 tatur.
1320 971 1421 1046 Sicut
1444 974 1500 1044 illi
1525 977 1620 1067 apud
1635 972 1777 1047 Esaiam
1790 978 1936 1050 dicunt:
1962 976 2026 1051 Ad
2045 1005 2144 1074 equos

123 1077 230 1149 etiam
254 1077 428 1147 bonosio
451 1076 565 1146 causis
587 1076 699 1150 iustis.
750 1070 1109 1148 SicutAchashahe-
1159 1074 1346 1164 fugiemus.

122 1181 183 1251 hat
198 1179 307 1250 iustas
322 1201 442 1250 causas
459 1178 544 1248 belli
561 1191 683 1248 contra
694 1175 815 1273 Syros,
840 1190 875 1248 et
891 1193 1009 1249 tamen
1022 1179 1108 1273 quia
1193 1172 1198 1199 ²
1263 1171 1427 1267 Opponit
1442 1190 1558 1249 autem
1567 1174 1688 1247 Esaias
1702 1179 1919 1249 contrariam
1934 1183 2142 1254 doctrinam:

82 1271 92 1303 ⁸
123 1281 321 1353 confidebat
349 1279 493 1352 auxiliis
523 1275 774 1375 Assyriorum,
806 1304 881 1352 non
909 1278 1005 1363 Deo,
1040 1281 1110 1351 fnit
1160 1276 1200 1349 Si
1223 1279 1450 1348 revertemini
1475 1294 1509 1351 et
1533 1279 1738 1376 quiescetis,
1762 1281 1852 1350 salvi
1873 1283 1988 1353 eritis.
2043 1284 2083 1354 ln
2100 1288 2143 1355 si·

124 1383 262 1456 infelix.
1162 1380 1274 1450 lentio
1297 1393 1331 1450 et
1354 1402 1416 1470 spe
1437 1381 1505 1453 erit
1521 1381 1692 1453 fortitudo
1710 1396 1836 1457 vestra.
1887 1380 1976 1455 Duo
1991 1388 2142 1480 requirit,

225 1482 419 1554 Tenendae
436 1495 520 1554 sunt
533 1477 600 1553 hae
614 1482 779 1572 regulae,
803 1497 842 1554 ut
858 1507 923 1553 nos
938 1484 1033 1575 ipsos
1046 1485 1110 1553 ad·
1161 1481 1316 1575 quietem
1340 1506 1400 1551 seu
1424 1483 1624 1563 silentium,
1650 1497 1684 1555 et
1701 1506 1811 1574 spem.
1861 1481 2041 1559 Prohibet
2056 1490 2142 1557 enim

122 1602 347 1670 moneamus,
373 1598 407 1656 et
428 1584 466 1655 in
486 1586 618 1657 nostris
639 1584 796 1677 negociis
817 1599 850 1656 et
869 1586 1035 1677 periculis
1053 1610 1108 1655 re-
1160 1583 1272 1653 animi
1288 1583 1421 1653 infirmi
1436 1598 1470 1656 et
1483 1585 1679 1657 dubitantis
1695 1585 1951 1677 trepidationes
1964 1602 2001 1661 et
2015 1589 2142 1660 discur-

122 1702 207 1780 gant
223 1689 329 1759 corda
345 1700 476 1758 nostra.
1160 1684 1331 1770 sationes,
1355 1687 1515 1780 undique
1530 1688 1730 1780 quaerentis
1744 1688 1874 1758 auxilia
1889 1683 2064 1777 humana,
2086 1714 2142 1763 sen

227 1789 348 1863 lerem.
367 1787 441 1861 12:
468 1786 681 1860 Maledictus
702 1783 811 1857 homo
829 1788 892 1882 qui
907 1788 1055 1859 confidit
1070 1788 1108 1857 in
1159 1809 1320 1857 concessa
1338 1810 1400 1858 seu
1418 1789 1631 1859 inconcessa.

121 1888 287 1977 homine,
320 1903 354 1961 et
377 1891 481 1981 ponit
501 1914 642 1961 carnem
666 1883 852 1962 brachium
875 1912 1000 1972 suum,
1031 1904 1067 1961 et
1088 1913 1109 1959 a
1260 1885 1337 1960 Hae
1352 1889 1623 1961 discursationes
1637 1890 1756 1983 quales
1771 1891 1856 1976 sint,
1881 1893 2044 1987 exempla
2059 1918 2141 1989 qno-

122 1994 283 2066 Domino
298 1993 432 2064 recedit
448 2016 510 2062 cor
525 1994 610 2063 eius.
1158 1990 1314 2061 tidianae
1342 1991 1457 2073 vitae,
1487 2014 1705 2063 summorum
1733 2005 1768 2061 et
1794 1992 2004 2065 infimorum
2028 2008 2141 2067 osten·

223 2090 379 2166 Econtra
400 2118 505 2174 vero,
528 2092 654 2164 Esaiae
673 2093 753 2165 idn
781 2088 913 2163 Omnis
935 2093 998 2187 qui
1022 2117 1108 2163 con·
1159 2093 1261 2165 dunt.
1311 2089 1361 2163 E:
1389 2117 1485 2164 nunc
1515 2107 1686 2165 vocantur
1713 2095 1888 2184 practicae
1913 2109 1949 2167 et
1974 2097 2140 2187 sapientis

122 2196 201 2268 fidit
217 2196 257 2266 in
270 2193 485 2286 Dominum,
509 2219 583 2265 non
597 2196 845 2269 confundetur.
1158 2195 1318 2265 consilia.
1370 2193 1441 2266 Sed
1465 2190 1550 2266 haec
1573 2195 1760 2287 trepidatio
1782 2196 1900 2267 oritur
1923 2222 1966 2269 ex
1981 2199 2139 2269 diffiden-

223 2293 274 2369 Et
285 2295 479 2367 inPsalmis
492 2320 593 2390 saepe
604 2298 750 2390 repetita
764 2310 816 2367 est
825 2292 912 2367 haec
923 2297 1108 2367 sententia.
1159 2296 1206 2366 tia
1233 2295 1364 2378 animi,
1390 2296 1577 2386 cogitantis
1598 2321 1636 2369 se
1660 2294 1775 2368 deseri
1793 2322 1815 2367 a
1830 2296 1932 2382 Deo,
1955 2314 1993 2370 et
2007 2301 2138 2390 fugien-

208 2386 354 2470 'Psalm
377 2396 429 2473 9.:
462 2394 512 2470 Et
540 2414 680 2490 sperent
708 2400 747 2468 in
777 2413 813 2470 te
840 2397 902 2492 qui
929 2411 1109 2472 noverunt
1160 2396 1206 2468 tis
1219 2397 1354 2471 Deum.
1407 2396 1491 2469 ldeo
1507 2421 1609 2489 saepe
1625 2399 1855 2490 vituperatur.
1906 2398 2054 2473 Psalmo
2067 2397 2137 2477 dh:

121 2524 253 2573 nomen
277 2515 397 2587 tuum,
424 2500 507 2595 quia
522 2523 597 2569 non
611 2500 836 2596 derelinques
850 2514 1057 2594 quaerentes
1074 2514 1109 2572 te
1159 2496 1308 2584 Vacate,
1334 2513 1369 2571 et
1390 2500 1507 2569 videte
1527 2501 1624 2594 quod
1640 2524 1703 2591 ego
1720 2500 1787 2570 sim
1802 2497 1912 2572 Deus.
1965 2500 2072 2575 lubet
2085 2528 2137 2574 va·

121 2598 288 2678 Domine.
1157 2623 1237 2671 care
1258 2615 1294 2671 et
1313 2601 1446 2672 intueri
1468 2598 1606 2687 Deum,
1637 2602 1740 2697 qnasi
1760 2603 1870 2689 dicat,
1904 2601 2063 2677 Statuite
2083 2628 2136 2675 vos

22 2700 25 2706 ’
183 2790 187 2799 ¹
223 2702 353 2773 Psalrn.
373 2699 450 2774 24:
483 2698 652 2773 Universi
679 2704 743 2799 qui
771 2713 954 2797 expectant
978 2714 1012 2772 te
1032 2700 1108 2774 Do·
1157 2699 1233 2773 Deo
1248 2726 1353 2773 curae
1366 2725 1453 2788 esse,
1472 2717 1507 2774 et
1520 2717 1696 2799 expectate
1710 2704 1883 2775 auxilium
1899 2706 1992 2781 eius.
2027 2704 2133 2799 Ipsum

123 2804 239 2885 mine,
265 2827 338 2876 non
357 2804 633 2875 confundentur·
1157 2803 1366 2891 intuemini,
1397 2828 1472 2874 non
1500 2805 1693 2880 existimate
1715 2829 1779 2875 vos
1800 2807 1846 2876 ab
1865 2830 1912 2877 eo
1935 2808 2133 2879 desertoset

225 2905 338 2981 Palm.
352 2905 429 2979 30.:
449 2896 498 2977 ¹ln
520 2918 555 2977 te
570 2901 724 2977 Domine
747 2907 904 2999 speravi,
930 2928 1005 2977 non
1020 2929 1107 2976 con·
1156 2905 1332 3003 proiectos
1349 2929 1441 2990 esse,
1464 2930 1530 2976 nec
1545 2920 1714 3003 tanquam
1730 2906 1859 2979 deserti
1874 2932 1896 2977 a
1912 2904 1995 2981 Deo
2009 2910 2131 2981 discur-

122 3008 253 3082 fundar
266 3008 305 3078 in
321 3022 514 3079 aeternum.
1157 3005 1245 3092 rite,
1272 3008 1428 3103 quaerite
1443 3008 1603 3093 foedera,
1627 3010 1753 3095 socios,
1778 3008 1965 3101 practices,
1993 3007 2129 3083 technas

223 3108 354 3183 Psalm.
369 3108 446 3180 dh:
473 3106 543 3181 lste
567 3131 700 3199 pauper
719 3108 904 3192 clamavit,
929 3124 964 3203 et
978 3106 1106 3179 Domi·
1156 3107 1245 3180 Item
1261 3109 1472 3202 pulcerrime
1486 3111 1720 3201 significatum
1733 3124 1802 3196 est,
1827 3136 1910 3181 cum
1927 3110 2075 3211 Moyses
2085 3110 2128 3183 di-
2177 3102 2179 3187 J

122 3236 190 3283 nus
206 3210 385 3283 exaudivit
399 3235 500 3297 eum,
525 3225 560 3281 et
575 3222 616 3279 'ex
631 3209 798 3281 omnibus
812 3208 1106 3282 tribulationibus
1157 3223 1268 3297 ceret,
1299 3209 1415 3291 State,
1450 3225 1484 3281 et
1508 3211 1674 3283 videbitis
1694 3212 1869 3301 magnalis
1895 3209 1981 3286 Dei.
2041 3210 2127 3284 Vetat
2177 3258 2179 3281 ἰ

121 3314 252 3407 eripuit
269 3335 361 3383 eum.
1156 3311 1276 3402 lugere
1304 3326 1338 3384 et
1368 3312 1532 3405 dissipari
1560 3314 1732 3407 populum
1752 3315 2018 3407 desperatione·
2031 3310 2126 3387 divini

224 3412 352 3484 Psalm.
373 3410 473 3485 tta:
499 3409 574 3499 Qui
595 3407 780 3482 confidunt
799 3409 836 3479 in
854 3406 1030 3499 Domino,
1057 3414 1105 3483 si·
1155 3415 1290 3484 auxilii·

121 3529 181 3588 cut
196 3539 298 3585 mons
314 3513 424 3599 Sion,
449 3535 524 3583 non
541 3513 859 3583 commovebuntur
875 3527 941 3586 etc.
1126 3554 1131 3623 Ι
1256 3514 1379 3605 Neque
1402 3508 1487 3583 haec
1509 3512 1673 3599 vacatio,
1690 3536 1752 3583 sen
1774 3508 1843 3585 hoc
1865 3516 2056 3590 silentium
2076 3513 2128 3611 puss

221 3609 319 3689 Deus
331 3617 418 3707 ¹vult
439 3616 507 3684 sibi
527 3615 595 3685 soli
616 3614 749 3700 tribui,
774 3616 870 3709 quod
887 3639 992 3685 verax
1007 3617 1054 3686 sit
1069 3630 1102 3687 et
1156 3629 1239 3706 gnat
1254 3640 1334 3686 cnm
1349 3615 1475 3685 officiis
1487 3616 1692 3688 vocationis.
1733 3614 1803 3687 Sed
1820 3619 1984 3706 regulam
1998 3620 2127 3693 inPsal·

120 3718 359 3810 omnipotens.
410 3713 582 3788 Homines
605 3730 688 3787 sunt
709 3719 913 3803 mendaces,
939 3731 973 3788 et
995 3718 1101 3800 leves,
1154 3742 1212 3788 mo
1246 3719 1413 3789 traditam
1448 3741 1647 3788 servemus:
1691 3713 1825 3789 Revela
1854 3716 2023 3794 Domino
2051 3724 2128 3792 viam

120 3835 155 3894 et
179 3820 296 3891 omnis
320 3815 474 3889 humana
498 3818 653 3908 potentia
678 3818 866 3888 imbecillis
889 3833 949 3893 est.
1017 3818 1101 3889 ldeo
1156 3833 1273 3900 tuam,
1307 3834 1341 3892 et
1365 3819 1439 3917 ipse
1460 3819 1577 3889 faciet.
1635 3817 1748 3889 Vocat
1770 3820 1887 3907 viam,
1920 3826 2127 3896 vocationem

8 3960 13 3983 ι
119 3923 197 3993 vult
216 3919 331 4006 Deus,
358 3932 398 3991 ut
419 3932 548 3989 certam
570 3919 735 3989 fiduciam
759 3932 897 3989 tantum
921 3922 959 3989 in
984 3921 1101 4013 ipsum
1153 3935 1187 4011 et
1208 3923 1328 3991 omnia
1351 3921 1466 3990 officia
1488 3919 1702 4012 vocationis,
1729 3918 1815 3991 haec
1835 3923 1934 3993 hona
1959 3926 2128 3998 eonscien-

118 4024 352 4104 collocemus,
387 4020 450 4115 qui
476 4020 641 4112 promisit
660 4021 830 4089 auxilium
856 4034 890 4089 et
911 4036 962 4091 est
985 4046 1102 4101 verax,
1153 4023 1201 4092 tia
1224 4023 1386 4093 facienda
1409 4035 1512 4106 sunt,
1539 4020 1646 4091 Miles
1667 4024 1879 4115 praelietur,
1906 4024 2061 4101 Senator
2075 4020 2148 4119 gu·¹

119 4143 153 4201 et
172 4139 287 4219 potest
306 4148 400 4195 unus
418 4123 559 4207 iuvare,
586 4121 727 4192 sumsit
744 4122 979 4212 omnipotens.
1030 4122 1101 4194 Sed
1152 4125 1296 4210 hernet,
1321 4122 1485 4194 Pastores
1507 4125 1672 4196 doceant:
1698 4128 1758 4195 sed
1778 4119 1835 4194 his
1850 4132 2026 4218 operibus
2039 4156 2128 4201 voca-

118 4229 287 4326 quianon
305 4228 484 4310 videmus,
510 4225 691 4319 quomodo
707 4223 792 4294 velit
808 4224 995 4316 opitulari,
1021 4228 1101 4295 ideo
1154 4228 1261 4297 tionis
1284 4226 1483 4318 praeluceat
1504 4226 1606 4310 lides,
1632 4241 1753 4318 petens
1772 4242 1806 4298 et
1819 4246 2013 4320 expectans
2027 4260 2046 4303 a
2060 4234 2128 4304 Deo

119 4333 321 4428 quaerimus
343 4328 517 4422 praesidia
539 4325 653 4421 posita
678 4327 724 4396 oh
746 4326 880 4396 oculos.
947 4325 1101 4398 Difficile
1152 4328 1343 4413 auxilium,
1367 4328 1458 4397 sicut
1476 4322 1638 4417 losaplrat
1659 4328 1793 4423 inquit:
1820 4327 1966 4403 Credite
1980 4336 2128 4407 Domino

120 4447 172 4506 est
191 4459 212 4504 a
235 4435 311 4502 solo
332 4431 442 4501 verbo
457 4428 525 4500 llei
539 4429 713 4522 pendere,
739 4440 776 4497 et
790 4428 920 4498 nudari
934 4430 1102 4512 omnihus
1152 4426 1229 4501 Deo
1247 4443 1382 4515 vestro,
1405 4443 1438 4503 et
1455 4431 1569 4499 securi
1585 4430 1692 4499 eritis.
1999 4434 2003 4446 ‘

120 4532 285 4606 humanis
315 4533 512 4625 praesidiis.
569 4528 714 4602 Cruciat
740 4530 846 4600 etiarn
871 4553 988 4614 mora,
1022 4556 1101 4600 cum
1255 4528 1352 4601 llaec
1383 4544 1434 4601 est
1454 4554 1590 4600 summa
1617 4533 1810 4603 sententiae
1834 4533 1943 4603 etiam
1968 4533 2038 4609 hoc
2061 4542 2128 4609 loco

120 4659 222 4729 saepe
242 4636 429 4706 differatur
449 4633 612 4704 liberatio
634 4647 705 4703 tam
722 4632 803 4719 diu,
827 4646 867 4702 ut
885 4633 990 4703 etiam
1006 4657 1102 4702 mors
1153 4634 1318 4704 traditae:
1344 4630 1478 4702 Melius
1499 4647 1551 4703 est
1572 4635 1749 4704 confidere
1770 4635 1807 4702 in
1823 4632 2009 4725 Domino,
2034 4664 2129 4737 quam

118 4739 296 4832 opprimat
311 4737 470 4810 Sanctos.
1153 4736 1192 4804 in
1223 4731 1379 4805 homine.
1445 4732 1578 4803 Melius
1605 4750 1658 4807 est
1689 4737 1865 4805 confidere
1896 4738 1935 4806 in
1967 4742 2129 4825 Domino,
2177 4762 2179 4769 ·

223 4837 307 4908 ldco
329 4837 431 4931 impii
454 4832 547 4905 hanc
569 4835 768 4906 doctrinam
790 4836 993 4904 defideseu
1009 4836 1102 4906 lidu-
1153 4861 1259 4930 quam
1283 4835 1581 4926 in'principihus.
1641 4834 1748 4907 Vetat
1770 4838 1951 4910 confidere
1973 4839 2127 4915 humanis

121 4942 175 5011 cia
197 4940 402 5009 collocanda
423 4939 462 5007 in
477 4936 592 5005 Deum
608 4960 683 5006 non
700 4937 924 5023 intelligunt,
950 4938 1023 5005 imo
1039 4939 1102 5006 de-
1154 4938 1354 5029 praesidiis,
1392 4961 1466 5008 non
1496 4939 1631 5025 solum,
1665 4940 1749 5031 quia
1777 4939 1948 5012 voluntas
1977 4948 2127 5015 omniurn

120 5044 250 5113 rident.
315 5037 363 5110 Et
389 5036 487 5110 hunc
514 5038 743 5130 praecipuum
775 5039 931 5122 cultum,
970 5039 1102 5110 scilicet
1154 5036 1339 5110 hominum
1363 5054 1445 5110 sunt
1459 5040 1608 5111 mobiles
1622 5055 1656 5111 et
1669 5042 1928 5129 inconstantes,
1956 5050 2019 5117 sed
2034 5049 2125 5123 etiam

121 5146 296 5216 confidere
319 5138 413 5222 Deo,
444 5153 478 5209 et
499 5141 604 5210 abeo
625 5140 701 5210 solo
726 5153 843 5230 petere
863 5152 899 5208 et
921 5154 1101 5231 expectare
1152 5143 1200 5211 ob
1220 5138 1288 5212 hoc
1304 5142 1437 5234 ipsum,
1462 5143 1557 5233 qnod
1574 5143 1703 5214 auxilia
1719 5154 1804 5215 sunt
1818 5143 1975 5223 infirma.
2027 5149 2126 5240 Saepe

121 5247 314 5330 auxilium,
344 5264 418 5311 non
441 5253 590 5331 possunt
612 5255 800 5333 praestare.
850 5239 996 5344 Interim
1018 5267 1100 5312 vero
1152 5239 1332 5329 homines,
1356 5244 1386 5312 si
1409 5242 1519 5313 vel-int
1540 5267 1615 5313 non
1635 5260 1784 5335 possunt
1798 5245 1935 5320 iuvare.
1990 5250 2081 5323 Sunt
2093 5252 2125 5319 in
2176 5254 2179 5335 ξ

121 5361 296 5442 quaerunt
316 5342 491 5453 praesidia
513 5355 547 5413 et
571 5343 701 5414 auxilia
720 5346 976 5439 undecunque,
1011 5345 1100 5415 sicut
1152 5341 1310 5419 historiis
1334 5359 1368 5415 et
1383 5347 1575 5437 praeceptis
1589 5342 1739 5417 ethnicis
1753 5348 1887 5419 multae
1902 5351 2040 5425 similes
2053 5376 2123 5424 sen·
2176 5348 2179 5441 ξ
