4538 5754
67 237 112 311 si
523 331 526 336 ‚
817 225 1365 314 triumuirum
2040 240 2091 320 ss

68 402 147 479 cbsa
160 404 252 477 iacti
266 418 369 494 sunt,
396 403 850 498 etiunctipropemoduin,
873 414 916 475 ut
929 402 1055 475 diculi
1106 397 1290 475 Adiuvaii't
1307 411 1424 470 autem
1447 394 1540 471 hanc
1562 400 1841 475 contractionem
1856 421 1890 481 et
1906 407 2089 489 dilatatio·

64 509 266 596 iunguntur
284 506 326 576 in
347 509 460 580 cauda
479 506 610 579 cancri.
661 502 801 577 Horum
827 504 997 597 asperitas
1019 516 1055 576 et
1106 527 1189 575 nem
1217 501 1389 586 musculi,
1429 500 1492 595 qui
1522 514 1678 573 coeteras
1703 507 1925 598 cartilagines
1955 530 2088 587 cunno

64 609 215 679 nrietss
247 608 293 678 ad
333 630 458 679 vocem
492 607 718 678 formandam
748 605 943 677 necessaria
975 604 1055 678 iuit.
1105 617 1217 676 ctunt.
1268 602 1321 675 lta
1340 602 1500 674 variatur
1521 626 1609 683 vox,
1634 615 1674 675 ut
1695 605 1743 676 sit
1766 621 1867 679 acuta
1884 623 1946 682 aut
1962 617 2088 703 gravis,

63 707 147 781 Nou
161 708 261 779 enim
281 707 362 779 lieri
381 721 499 802 potest
521 731 611 796 vox,
636 706 707 777 nisi
723 713 784 778 air
798 705 837 776 in
853 704 975 803 aliquo
996 728 1055 777 re·
1105 706 1199 777 clara
1212 705 1269 774 vel
1283 704 1451 787 obscura,
1477 698 1543 775 hac
1564 706 1639 796 ipsa
1663 708 1903 780 contractione
1925 712 2088 804 laterum,

64 808 297 903 pensitiatur.
1105 831 1194 900 quae
1216 806 1434 877 constituunt
1455 805 1554 876 illam
1576 806 1716 880 rimam.
1771 803 1863 880 Eam
1883 813 2087 887 varietatem

167 923 338 999 vagiunt
365 938 485 998 ,utem
516 920 695 998 mehegm
727 921 932 1017 panniculi,
963 948 1055 1018 quo.
1104 909 1242 979 fistulae
1253 931 1328 979 non
1343 922 1490 997 possunt
1505 906 1641 977 efficere
1658 908 1787 999 inipso
1802 910 1911 998 rima,
1936 935 1998 985 seu
2014 916 2111 989 lin..

159 1027 380 1122 {equitnm
403 1026 488 1118 tegit
511 1026 755 1118 cgrfilggtne„
781 1023 906 1095 durio„
919 1036 970 1095 031
978 1078 989 1111 ‚
1013 1037 1054 1096 ug
1104 1009 1204 1100 gula,
1227 1011 1289 1079 sed
1303 1008 1478 1078 foramina
1495 1008 1620 1078 fistulis
1635 1009 1755 1081 addita
1770 1025 1855 1085 sunt
1869 1015 1913 1084 ad
1930 1037 2007 1087 eam
2024 1041 2088 1090 va·

67 1130 205 1202 muniat
228 1149 309 1217 eis,
339 1151 387 1199 ne
415 1129 638 1225 arrodantur]
651 1127 698 1199 ab
727 1124 868 1197 acribus
886 1124 996 1196 fumis
1019 1138 1054 1197 et
1104 1111 1264 1182 rietatem
1280 1109 1514 1187 efficiendum·

68 1226 253 1307 ⁰²¹³fo
1206 1241 1322 1336 Supra
1345 1237 1438 1314 hanc
1462 1241 1589 1314 rimam
1610 1244 1817 1337 operculum
1844 1263 1897 1323 est
1920 1252 2085 1348 laryngis,

164 1347 245 1419 lam
260 1347 434 1419 voeabula
449 1347 560 1421 totius
574 1347 722 1433 fistulae,
746 1357 780 1417 et
794 1342 951 1437 partium
966 1367 1053 1415 con·
1104 1347 1198 1437 quod
1208 1342 1423 1439 {nominatur
1439 1342 1662 1444 ἐπιγλωττὶς,
1688 1348 1784 1440 quod
1799 1362 1850 1420 est
1863 1376 1990 1445 corpus
2006 1379 2085 1426 car-

65 1450 273 1520 sideremus.
322 1446 441 1522 Totus
462 1442 521 1521 bic
537 1449 670 1520 canalis
692 1447 825 1518 sinodo
842 1445 993 1535 gutturis
1014 1446 1053 1514 in
1103 1445 1322 1536 tilaginenm,
1336 1446 1446 1535 figura
1455 1446 1636 1536 trianguli,
1660 1447 1918 1535 duriusculum,
1941 1455 2085 1543 iactum,

64 1550 272 1641 pulmonem
287 1562 490 1641 porrectus,
514 1540 1054 1633 nominaturArteriaTrachea,
1102 1557 1144 1617 ut
1163 1561 1279 1621 arceat
1299 1547 1419 1619 cibum
1442 1561 1477 1620 et
1495 1561 1639 1640 potum,
1670 1570 1718 1617 ne
1740 1550 1828 1643 quid
1852 1552 2023 1627 illabatur
2043 1556 2082 1627 in

63 1663 211 1743 propter
245 1650 471 1740 asperitatem
511 1651 780 1741 cartilaginum,
830 1669 921 1741 quae
955 1646 1052 1717 intus
1102 1643 1279 1718 trocheum
1319 1648 1494 1719 arteriam.
1565 1645 1746 1739 Singulari
1791 1652 1887 1722 enini
1932 1657 2082 1729 consilio

64 1752 163 1822 velut
183 1750 330 1821 annulis
346 1749 533 1821 distinctae
554 1764 649 1822 sunt
698 1743 763 1820 Est
781 1758 817 1818 et
831 1747 1052 1818 totiustistu·
1102 1743 1199 1818 Deus
1219 1744 1285 1819 hos
1310 1749 1466 1829 canales,
1495 1743 1734 1841 oesophagum
1761 1764 1797 1821 et
1823 1750 2000 1827 trocheum
2025 1758 2083 1827 di.

62 1851 116 1920 lae
135 1874 277 1921 nomen
293 1843 476 1948 βρόγχος,
506 1864 548 1923 ut
569 1872 731 1942 expresse
751 1849 869 1940 inquit
890 1842 1051 1918 Galenus
1101 1848 1240 1935 stinxit,
1277 1861 1314 1922 et
1349 1849 1499 1940 periculi
1536 1851 1742 1940 magnitudo
1778 1858 1951 1944 ostendit,
1990 1858 2082 1929 velle

63 1953 100 2020 in
113 1951 286 2044 pluribus
296 1952 396 2022 locis.
437 1949 550 2023 Cuius
565 1946 652 2022 baec
666 1964 751 2022 sunt
764 1948 871 2019 verba
888 1947 927 2015 in
942 1949 1051 2039 septi·
1101 1944 1236 2030 Deum,
1269 1962 1311 2021 ut
1329 1948 1423 2021 inter
1443 1952 1619 2022 edendum
1639 1953 1830 2045 quietiores
1854 1971 1889 2029 et
1912 1957 2081 2032 taciturni

62 2076 119 2122 mo
133 2052 299 2177 libroqde
320 2050 690 2123 administrationibus
715 2047 936 2121 anatomicis:
961 2045 1051 2141 ὅλην
1100 2049 1221 2125 simus.
1277 2048 1373 2138 Quia
1400 2074 1480 2120 cuin
1509 2076 1577 2122 vox
1608 2051 1745 2171 editur,
1777 2050 1852 2128 hiat
1872 2061 2080 2150 operculum

63 2145 675 2344 unicitas
690 2145 1050 2332 {sisinnii
1099 2144 2080 2338 tius,sustinuissetis„satin

62 2352 201 2424 Plinius
221 2352 448 2426 aitlib.11.:
482 2351 652 2425 Senectus
666 2352 705 2423 in
721 2350 822 2446 equis
836 2347 1051 2441 intelligitur
1098 2350 1241 2426 locatio.
1298 2346 1347 2423 Et
1376 2347 1445 2423 boe
1476 2354 1674 2444 periculum
1704 2378 1747 2426 eo
1771 2358 1910 2430 facilius
1939 2362 2079 2445 accidit,

64 2454 224 2525 dentium
239 2447 480 2527 broncbitste.
1100 2453 1182 2545 quia
1197 2447 1337 2524 trachea
1354 2454 1523 2526 collocata
1539 2468 1591 2527 est
1612 2467 1694 2527 ante
1709 2453 1959 2550 oesophagum.

159 2566 342 2640 &eumen
365 2562 477 2639 hulffl
491 2567 649 2654 fistulae,
676 2568 773 2661 quod
787 2564 908 2638 L³ll¹¹l
930 2567 1048 2689 ¹3⁰ml·
1200 2583 1242 2654 ln
1257 2580 1323 2656 hac
1338 2587 1491 2680 partium
1506 2600 1541 2658 et
1555 2588 1742 2660 nominum
1752 2591 1959 2664 recitatione
1972 2596 2078 2669 multi

63 2680 150 2740 nant
167 2667 312 2741 Nodum
333 2668 508 2793 gutturis,
540 2691 662 2759 gruere
678 2681 730 2739 esi
744 2667 886 2760 proprie
906 2669 1051 2769 tapvyt
1098 2698 1263 2758 errarunt
1282 2701 1365 2758 ante
1387 2687 1615 2770 Wesaliuui,
1639 2688 1702 2782 qui
1724 2706 1817 2763 recte
1832 2695 1963 2767 taxavit
1977 2698 2076 2790 prio-

63 2766 252 2866 εικεφαλὴ
268 2768 453 2868 βρογχου.
1097 2809 1178 2856 runi
1200 2811 1356 2873 errores,
1381 2800 1417 2859 et
1441 2791 1648 2882 depravatos
1671 2786 1803 2861 Galerii
1825 2791 1938 2866 libros
1954 2821 2075 2869 emen-

159 2884 205 2955 ln
219 2879 328 2956 buius
341 2884 575 2956 fabricatione
587 2908 645 2956 ars
659 2882 821 2954 miranda
836 2896 899 2958 est.
948 2881 1047 2956 Con·
1097 2887 1213 2973 davit,
1237 2889 1275 2957 in
1300 2889 1430 2983 quibus
1453 2890 1651 2980 promiscue
1675 2892 1804 2983 scripta
1828 2895 1969 2968 inerant
1989 2894 2074 2970 haec

63 2999 126 3058 siit
140 2986 259 3057 tribus
271 2985 558 3077 cartilaginibus,
583 3009 732 3080 quarum
755 2985 928 3064 anterior,
955 3009 1046 3078 quae
1096 2987 1168 3058 duo
1191 2989 1337 3058 nomina
1354 2985 1510 3087 γλωττὶς
1533 3004 1569 3060 et
1590 2987 1812 3089 ἐπιγλωττὶς.
1863 2992 1935 3067 Sed
1953 3022 2074 3069 rerum

62 3087 211 3157 maxima
244 3100 315 3168 est,
346 3101 446 3158 scuto
477 3085 619 3172 similis,
657 3085 787 3155 dicitur
815 3080 1044 3180 θυρεοειδὴς,
1097 3089 1315 3163 diversarum
1332 3090 1752 3183 diversasadpellationes
1768 3115 1859 3181 esse,
1885 3094 2073 3171 Wesalius

62 3189 96 3258 id
111 3201 174 3274 est,
200 3199 303 3257 scuto
317 3209 380 3258 scu
394 3187 508 3280 peltae
522 3187 664 3272 similis,
689 3187 832 3279 quaein
849 3186 941 3256 collo
956 3188 1045 3257 emi·
1095 3189 1278 3281 perspicue
1290 3191 1457 3263 ostendit.

63 3302 134 3373 ⁰²¹¹
160 3302 198 3360 ‘l
213 3286 336 3377 dl⁸l¹l⁸
351 3300 602 3408 ⁶⁰⁰¹f⁰⁰lf¹ll¹f·
911 3388 921 3408 ,
1193 3321 1247 3395 Ac
1269 3335 1310 3394 ut
1332 3323 1442 3412 magis
1458 3335 1542 3395 uota
1558 3324 1629 3396 sint
1645 3325 1846 3400 iunioribus
1867 3332 2071 3407 discrimina

155 3387 347 3460 Secundae
362 3389 562 3476 cartilagini
579 3401 732 3457 vetustas
754 3411 829 3457 non
853 3388 937 3460 fecit
961 3413 1043 3480 pro-

61 3491 174 3583 prium
198 3512 345 3562 nomen·
395 3486 463 3560 Est
483 3492 601 3559 mem
625 3502 719 3558 mm
737 3488 869 3579 poma,
901 3491 965 3561 ubi
990 3492 1043 3561 la·
1094 3420 1285 3516 oesophagi
1318 3438 1354 3495 et
1384 3421 1545 3494 tracheae
1585 3429 1754 3514 arteriae,
1800 3433 2072 3507 considerentur

61 3614 202 3686 ryngem
226 3588 400 3661 discernit
421 3589 467 3661 ab
494 3582 716 3681 oesophago,
741 3601 776 3658 et
799 3590 900 3682 quasi
922 3592 1042 3662 muni·
1092 3549 1196 3613 Μ’
1227 3526 1332 3608 ’ἰωὴ
1356 3526 1552 3596 ⁸¹¹b⁸l³¹¹¹i⁸
1578 3540 1613 3599 ‘l
1638 3529 1837 3620 ¹⁰¹¹ssl¹¹¹d⁰o

60 3706 217 3763 mengum
240 3704 296 3761 ω
324 3703 450 3762 coum
479 3685 737 3781 onophggm
762 3689 816 3758 γη
845 3689 885 3759 fn
915 3692 1041 3781 ΜΠ,
1194 3655 1270 3729 Usu
1294 3657 1484 3743 differunt,
1508 3659 1590 3752 quia
1610 3658 1829 3754 oesophagus
1859 3680 1910 3738 est
1938 3670 2070 3740 canalis
2137 3669 2142 3677 ’

61 3794 176 3862 tiendo
197 3784 344 3862 trachea
370 3791 545 3862 laedatur.
596 3788 731 3862 Similis
745 3803 795 3861 est
810 3792 954 3878 annulo,
978 3791 1041 3888 qui
1093 3758 1211 3828 elbum
1227 3771 1262 3829 ‘l
1276 3772 1399 3877 [⁰1⁰¹ss
1416 3754 1863 3882 V⁰h⁶¹¹⁸l¹¹fe¹fl¹lf⁰¹¹¹m0
1887 3767 1981 3886 ⁸Sed
1997 3785 2069 3841 tra·

62 3896 94 3962 j„
109 3893 241 3985 poma
255 3902 423 3981 gemm„
1092 3853 1178 3930 rhea
1195 3861 1326 3929 canalis
1342 3874 1404 3943 est,
1427 3860 1538 3930 iactus
1554 3879 1757 3952 spirationis
1771 3879 1805 3938 et
1820 3891 1915 3938 vocis
1929 3893 2043 3941 causa.

151 4003 282 4076 Tertia
301 4005 474 4097 ¹cartilago
495 4016 548 4076 est
577 4004 672 4075 intra
700 4003 828 4075 alteras
854 4006 958 4091 duas,
989 4007 1041 4076 ri.
1192 3988 1272 4063 Situ
1285 3991 1472 4079 diffemnt,
1492 3993 1575 4086 quia
1586 3991 1728 4068 trachea
1743 3998 1781 4068 in
1796 4002 1971 4075 anteriore
1987 4028 2069 4096 par-

59 4131 144 4177 mam
174 4105 417 4190 constituens‚
454 4120 490 4177 et
519 4118 664 4199 propter
691 4106 838 4195 figuram
858 4107 1039 4179 nominata
1090 4104 1127 4164 te
1141 4091 1223 4160 colli
1240 4093 1355 4184 posita
1370 4107 1439 4178 est,
1465 4108 1505 4164 ut
1519 4109 1611 4167 recta
1628 4101 1749 4171 tendat
1764 4102 1809 4172 ad
1824 4127 1863 4173 os
1879 4099 2068 4175 hauriendi

60 4201 260 4303 ἀρύταινα,
287 4229 349 4276 geu
376 4201 672 4302 ἅρυταγγοςιδὴς,
699 4206 737 4275 id
758 4219 826 4292 egi,
851 4222 966 4280 mum
983 4209 1040 4279 fu.
1089 4192 1183 4264 a'e'ris
1218 4215 1333 4269 eausa.
1389 4189 1621 4287 Oesopbagus
1650 4214 1767 4271 autem
1804 4203 1842 4273 iii
1872 4205 2067 4295 posteriore

58 4310 147 4380 sorio
169 4307 304 4379 similis
325 4306 364 4375 in
389 4309 522 4392 urceis,
546 4322 608 4379 aut
622 4305 800 4377 cantharis
813 4306 1037 4399 quibusdam.
1089 4307 1189 4385 parte
1207 4293 1290 4363 c0¹1l
1315 4305 1383 4375 0⁸¹,
1407 4306 1441 4365 el
1461 4298 1571 4386 magis
1592 4301 1694 4384 latet,
1723 4316 1763 4372 ut
1785 4304 1865 4393 plus
1887 4304 2068 4378 contineat

57 4408 185 4483 Mum
217 4421 272 4480 ω
298 4405 395 4476 enim
415 4401 624 4502 ἇρύῑαςγαγ
650 4431 670 4476 g
694 4406 840 4479 Graecis
860 4410 1038 4480 nominati
1089 4393 1229 4466 chloris.
1280 4392 1505 4467 Ducendum
1526 4413 1642 4470 aulem
1659 4397 1826 4472 nonnihil
1846 4403 2005 4479 fletlllsse
2020 4411 2066 4478 dd

58 4514 156 4597 tileiu
171 4504 364 4605 cyathum,
390 4511 453 4601 qui
476 4510 574 4582 velut
595 4522 750 4580 rostrum
766 4503 891 4594 habet,
917 4511 1038 4604 quales
1089 4496 1270 4575 dextrum,
1293 4509 1334 4566 ut
1355 4498 1455 4568 cedat
1477 4498 1593 4569 locum
1617 4515 1745 4571 nortae.
1794 4499 1934 4577 Rursus
1947 4522 2064 4580 autem

56 4613 190 4685 suntin
204 4609 434 4704 myropolia,
458 4610 590 4704 quibus
604 4609 769 4681 funditur
782 4610 912 4679 oleum,
961 4609 1038 4684 Re.
1088 4599 1131 4666 ad
1149 4596 1331 4666 sinistrum
1347 4598 1557 4687 reflectitur,
1581 4626 1660 4672 eum
1682 4604 1754 4673 lere
1770 4607 1913 4680 accessit
1927 4611 1971 4680 ad
1986 4611 2066 4683 dia·

54 4714 227 4786 cautiores
247 4711 482 4782 nominarunt
505 4707 598 4781 hanc
625 4711 763 4782 tertiani
792 4711 1036 4804 cymbalarem.
1087 4693 1275 4788 thtssmas
1301 4701 1589 4772 ¹¹100d³ll⁰c¹¹m
1604 4726 1713 4773 venue
1727 4728 1840 4782 revue.
1892 4707 1944 4781 lta
1968 4714 2080 4785 velut·

54 4812 243 4886 ldnomen
259 4834 333 4881 uun
351 4811 495 4882 videtur
509 4839 529 4882 a
545 4813 656 4904 figura
671 4823 851 4904 sumptum
865 4835 952 4898 esse,
975 4816 1035 4885 sed
1061 4832 1064 4873 Ι
1087 4815 1208 4868 ⁸0¹⁸V1¹³
1237 4798 1391 4870 0ffi050⁸0
1419 4802 1510 4873 cedit
1539 4807 1852 4896 praestantioribus
1882 4814 2065 4907 membris.

52 4917 129 5009 quia
143 4913 247 4986 vocis
269 4932 445 5003 organum
461 4927 523 4985 esi.
1086 4898 1155 4970 Sed
1175 4901 1352 4972 anfractus
1367 4903 1419 4972 illi
1436 4919 1604 4998 prosunt,
1630 4922 1671 4981 ut
1687 4902 1755 4981 hoc
1778 4912 1974 4983 membrum
1991 4916 2065 4986 ful·

145 5030 194 5102 ln
223 5029 346 5100 medio
375 5026 484 5116 igitur
518 5023 630 5101 buius
665 5029 788 5102 tertiae
819 5029 1036 5121 cartilagini⁸
1085 5001 1197 5081 ciant,
1231 5014 1265 5071 et
1286 5026 1414 5077 nervos
1442 5006 1636 5099 excipiant,
1667 5010 1750 5083 item
1777 5036 1822 5081 ne
1853 5013 2067 5109 impediatur

53 5135 225 5225 profunda
257 5128 367 5202 Rima
402 5140 472 5210 est,
510 5150 607 5223 quae,
632 5120 838 5202 nominatur
867 5128 1033 5230 γλωττὶς,
1085 5102 1296 5192 d‘dlfllfem·

53 5236 130 5329 quis
149 5232 443 5327 propriissimum
464 5230 563 5301 vocis
581 5252 754 5323 organum
774 5245 841 5319 est,
863 5258 904 5304 ae
924 5233 1033 5305 litera
1119 5252 1122 5257 “
1185 5232 1390 5310 Substantia
1416 5240 1596 5317 differunt.
1652 5242 1743 5316 Nam
1773 5242 1914 5322 trachea
1944 5265 1995 5324 est
2023 5279 2065 5323 ex

53 5332 311 5412 mutuabuntur
329 5344 367 5408 et
380 5331 579 5407 dilatantur
597 5332 836 5428 peculiaribus
850 5335 1032 5412 musculis.
1082 5337 1368 5431 cartilaginibus,
1388 5343 1438 5417 'ut
1462 5344 1598 5420 dictum
1621 5359 1693 5430 cst,
1722 5361 1765 5422 ut
1781 5350 1826 5425 sit
1848 5353 1985 5426 lirmior
2008 5380 2066 5428 ca-

1509 5682 1643 5704 αώιι
1654 5678 1692 5705 —a-
