4538 5754
119 233 198 311 aro
363 226 576 302 semera
602 228 678 300 nn.
705 201 824 302 nnn
849 217 920 298 an
943 223 1073 302 mss.
1097 219 1243 298 anor.
1268 216 1338 293 nr
1359 218 1554 297 anuos
1579 222 1907 304 sarcasmus.
1937 206 1943 216 '
2067 239 2149 311 rso

122 399 230 472 semel
245 422 325 469 cum
340 397 442 482 Sole,
467 411 508 468 ut
523 398 657 468 dictum
673 410 744 482 eat,
770 421 877 490 super
890 411 1013 468 centro
1024 419 1110 467 mo-
1158 416 1223 464 sua
1254 390 1445 483 periodum
1467 393 1629 466 absolvat
1653 397 1760 485 paulo
1782 402 1935 491 amplius
1956 429 2064 497 quam
2089 409 2141 481 tu

33 518 39 537 “·
124 502 210 584 bili,
236 503 428 594 quodcum
448 499 1014 590 proximumesteentromundi‚
1040 497 1106 567 tri-
1158 493 1355 578 mensibus,
1380 488 1533 579 lanceat,
1557 495 1682 573 diebus
1693 496 1784 583 583,
1811 497 1908 572 horis
1922 508 1985 580 22.

124 606 192 674 bus
215 602 384 690 gradibus
405 601 450 668 ab
474 623 517 668 eo
539 600 667 685 distat,
706 603 767 670 sed
797 623 876 670 cum
900 600 1106 689 longissime
1259 592 1350 664 Nam
1369 594 1500 666 diurno
1516 609 1616 667 motu
1631 598 2144 698 inepicyclosroeouspro-

125 706 243 787 abest,
268 701 473 790 llgradibus
489 714 646 771 aceutro
659 701 787 793 mundi
800 701 917 771 distat.
955 699 1107 792 Propter
1158 695 1321 786 grediens
1338 696 1479 768 conficit
1494 697 1630 769 minuta
1645 699 1794 787 arsere,
1817 709 2143 796 quodeurriculum

125 800 219 874 banc
231 803 345 875 centri
367 801 603 872 mobilitatem
625 803 663 872 fit
670 854 683 888 ,
717 816 760 872 ut
782 802 930 896 epicycli
952 802 1107 873 ambitus
1160 820 1207 866 nc
1220 797 1328 866 breve
1343 797 1564 868 existimetur
1583 823 1693 886 esse,
1711 803 1894 875 sciendum
1917 823 1987 894 est,
2021 811 2140 905 epicy-

128 903 302 974 describat
316 903 463 991 figuram
486 926 561 972 non
578 902 804 993 circularem,
838 915 879 973 ut
903 903 1107 973 incaeteris
1158 899 1252 968 clum
1269 895 1420 967 Veneris
1435 899 1523 968 adeo
1539 923 1613 970 esse
1627 904 1801 993 amplum,
1826 919 1868 977 ut
1881 907 1957 978 eius
1970 909 2145 981 diameter

127 1003 283 1076 Planetia
300 1003 544 1093 superioribus
559 1006 746 1086 omnibus,
780 1027 897 1096 neque
918 1003 1107 1073 lenticula·
1158 997 1337 1069 contineat
1366 999 1557 1070 diametros
1585 1015 1699 1072 terrae
1727 1003 1847 1094 5703.
1914 1007 2036 1099 Quare
2064 1036 2145 1081 am..

127 1129 202 1175 rem
219 1119 254 1178 et
267 1104 462 1197 aequaliter
480 1127 715 1195 compressam
736 1104 829 1176 circa
853 1106 1031 1184 medium,
1066 1119 1107 1174 ut
1158 1100 1253 1177 bitus
1270 1099 1419 1193 epicycli
1433 1101 1606 1172 maximus
1627 1104 1785 1176 continet
1810 1106 2003 1180 diametros
2027 1124 2143 1182 terrac

129 1207 169 1275 in
182 1205 287 1276 Luna
301 1207 350 1291 fir,
374 1206 434 1274 scd
450 1207 586 1275 ovalem
603 1207 771 1296 figuram,
796 1204 1031 1299 inaequaliter
1046 1229 1107 1274 ro-
1161 1198 1354 1284 tractare,
1370 1202 1434 1294 qui
1448 1226 1617 1273 numerus
1630 1206 1661 1272 si
1676 1206 1796 1277 iusso
1806 1210 1935 1297 gradus
1948 1212 2143 1283 distribue·

129 1310 300 1390 tuudam,
331 1307 429 1376 cuius
450 1328 529 1396 pars
543 1307 635 1378 circa
649 1331 821 1402 apogeum
839 1322 891 1380 est
911 1307 1037 1390 latior,
1071 1319 1107 1376 et
1157 1315 1216 1373 tur
1223 1301 1428 1395 aequaliter,
1439 1306 1600 1377 ostendet
1614 1306 1721 1377 unius
1736 1310 1868 1397 gradus
1881 1334 2002 1381 arcum
2015 1312 2056 1381 in
2065 1314 2142 1403 epi·

130 1407 222 1478 εἰη,
240 1402 418 1497 perigeum
433 1408 575 1479 arctior.
949 1464 953 1468 .
1158 1404 1256 1497 cyclo
1266 1404 1408 1495 aequari
1419 1405 1523 1494 paulo
1533 1406 2142 1502 minusquinquediametristerrar.

126 1513 129 1517 ’
239 1507 318 1578 Hoc
340 1520 441 1578 motu
472 1507 656 1583 eccentrici
680 1521 753 1578 tam
771 1507 950 1601 inaequali
969 1507 1025 1590 iit,
1065 1519 1107 1576 ut
1264 1501 1367 1573 Unde
1381 1520 1499 1596 postea
1513 1507 1711 1596 colligitur,
1737 1512 1906 1579 diurnum
1922 1513 2142 1584 curriculum

130 1608 307 1703 epicyclus
329 1608 501 1678 Mercurii
527 1609 697 1680 altissime
720 1636 740 1679 a
769 1624 864 1681 terra
889 1607 1105 1688 sustollatur,
1160 1600 1310 1673 Veneris
1327 1605 1365 1673 in
1382 1606 1550 1699 epicyclo,
1575 1610 1671 1700 qnod
1687 1609 1928 1681 diximuslere
1942 1612 1992 1683 87
2020 1614 2141 1684 minu-

130 1713 275 1804 quando
291 1724 388 1779 tenet
405 1733 564 1798 apogeon
581 1712 764 1803 aequantia
779 1712 817 1779 in
833 1713 870 1782 9.
879 1711 992 1798 gradu
1000 1707 1106 1779 Scor·
1158 1716 1276 1774 torum
1293 1729 1377 1791 esse,
1403 1707 1586 1777 continere
1601 1709 1861 1798 longitudinem
1878 1712 1985 1783 trium
2002 1714 2141 1783 diame-

91 1803 93 1807 ’
128 1811 198 1903 pii,
223 1812 318 1904 quod
335 1811 507 1900 contingit
521 1811 712 1904 quotannis
734 1835 854 1881 mense
867 1807 1039 1893 Octobri,
1071 1823 1106 1883 et
1158 1818 1293 1903 trorum
1310 1812 1435 1881 tebrae.
1483 1805 1581 1877 Hinc
1603 1811 1782 1881 aestimari
1800 1812 1967 1901 velocitas
1989 1813 2143 1885 Veneris.

128 1935 251 1982 rursus
263 1914 494 1983 admoveatur
508 1916 553 1981 ad
568 1924 697 1982 terram
711 1916 800 1983 adeo
816 1935 940 2004 prope,
964 1923 1005 1980 ut
1018 1935 1107 2002 qua-
1157 1920 1294 1996 potest,
1319 1931 1409 2001 quae
1424 1908 1462 1976 in
1477 1904 1565 1979 hora
1581 1935 1651 1980 una
1671 1925 1809 1981 tantum
1832 1914 1991 2002 spacium
2011 1915 2050 1982 in
2072 1939 2140 1985 suo

130 2014 292 2102 draginta
320 2028 432 2082 terrae
455 2013 725 2083 semidiametris
745 2013 980 2105 propinquior
1002 2012 1107 2082 nobis
1158 2006 1313 2102 epicyclo
1344 2009 1537 2100 percurrit,
1576 2025 1709 2104 quanli·
1740 2025 1792 2081 111
1821 2013 1988 2084 diametri
2021 2028 2137 2085 terrac

130 2114 208 2199 fiat,
242 2137 348 2206 quam
369 2113 439 2184 fuit
460 2112 499 2182 in
521 2136 666 2205 apogeo.
717 2110 861 2185 Accidit
878 2127 995 2183 autem
1020 2108 1107 2186 haec
1159 2119 1280 2178 octava
1296 2131 1396 2199 pars,
1419 2111 1683 2202 quaecontiuet
1703 2109 1855 2204 amplius
1878 2115 2140 2186 ducentismil-

128 2211 302 2285 Mercurii
331 2215 377 2284 ad
403 2227 533 2284 terram
555 2214 716 2305 proxima
737 2214 886 2286 accessio
909 2214 1104 2305 quotannis
1158 2209 1307 2278 liaribus
1324 2210 1545 2298 germanicis.
1647 2290 1650 2295 ¹

129 2313 203 2397 bis,
245 2316 354 2385 semel
381 2338 462 2385 cum
492 2326 588 2387 tenet
615 2328 778 2386 centrum
798 2313 1105 2409 epicyclignonum
1259 2307 1461 2380 Mercurius
1489 2336 1574 2382 vero
1597 2290 1772 2405 pelcurrit
1794 2327 1910 2385 totum
1931 2338 2035 2385 suum
2061 2315 2148 2408 epi--

127 2416 274 2504 gradum
287 2414 465 2501 Piscium,
490 2428 524 2485 et
543 2416 670 2487 iterum
693 2439 774 2486 cum
789 2415 962 2508 percurrit
976 2414 1011 2486 9.
1027 2437 1107 2506 gra·
1158 2409 1295 2503 cyclum
1311 2409 1417 2501 paulo
1435 2411 1550 2496 ellim,
1575 2437 1679 2506 (1111111
1700 2428 1853 2508 quatuor
1865 2416 2043 2486 mensium
2056 2440 2138 2508 spa·

127 2517 214 2587 dum
229 2512 378 2600 Cancri,
414 2517 510 2607 quod
527 2516 699 2586 btmeuse
716 2514 911 2591 Februario
934 2530 969 2587 et
988 2517 1108 2601 Iunio,
1159 2511 1233 2594 cio,
1258 2505 1327 2580 hoc
1340 2524 1409 2596 eat,
1434 2512 1561 2587 diebus
1578 2511 1665 2600 115,
1679 2509 1776 2584 horis
1789 2517 1852 2590 21.
1905 2514 1958 2586 lta
1979 2530 2021 2587 ut
2048 2542 2138 2611 quo-

129 2616 260 2708 quibus
275 2614 475 2696 mensibus,
502 2629 541 2687 ut
553 2617 646 2687 inira
662 2617 818 2704 dicetur,
843 2617 948 2687 etiam
972 2618 1106 2704 digres-
1158 2610 1246 2681 lidie
1268 2612 1309 2681 in
1330 2613 1487 2706 epicyclo
1511 2615 1674 2713 conficiat
1712 2630 1813 2688 motu
1846 2617 1985 2710 aequali
2007 2619 2138 2706 gradru

129 2715 248 2787 siones
274 2739 337 2787 seu
352 2716 539 2787 distantiae
556 2715 730 2789 Mercurii
746 2743 766 2788 a
781 2719 866 2790 Sole
883 2717 1107 2807 longissimae
1158 2725 1246 2797 tres,
1269 2711 1406 2784 minuta
1422 2735 1490 2788 aex.
1540 2713 1593 2785 Ita
1606 2717 1720 2787 multo
1742 2718 1970 2789 existimatur·
1982 2718 2140 2788 velocior

127 2816 227 2902 fiunt,
242 2830 276 2889 et
291 2812 385 2889 haud
404 2817 512 2887 dubie
525 2841 654 2909 corpus
670 2843 812 2913 quoque
826 2820 924 2893 illius
937 2820 1107 2909 grandius
1159 2809 1361 2884 Mercurius
1375 2814 1414 2883 in
1428 2818 1503 2906 suoss
1517 2818 1673 2910 epicyclo
1692 2842 1799 2910 quam
1814 2816 1953 2903 Venus,
1990 2833 2140 2909 propter

126 2931 290 3012 apparet,
314 2919 378 2986 ubi
392 2919 560 2992 cernitur.
1160 2914 1310 3008 epicycli
1327 2915 1548 3005 parvitatem,
1574 2917 1674 2987 cuius
1689 2920 1861 2989 diameter
1875 2931 2000 3011 aequat
2017 2919 2141 3010 longi·

228 3017 301 3095 Sed
324 3023 449 3093 Venus
478 3020 621 3091 orbium
651 3044 799 3091 numero
822 3033 858 3093 et
878 3019 950 3092 situ
972 3017 1106 3091 nibila
1159 3014 1285 3084 tudine
1308 3015 1499 3088 diametros
1521 3031 1635 3087 terrae
1657 3020 1914 3112 quinquaginta
1932 3033 1967 3090 et
1989 3019 2137 3090 bessem.

127 3119 243 3193 tribus
274 3120 519 3211 superioribus
551 3121 690 3206 differt,
728 3116 836 3193 hahet
866 3122 970 3192 etiam
994 3148 1105 3194 unum
1158 3110 1325 3187 Ambitus
1338 3117 1445 3206 igitur
1464 3113 1571 3189 huius
1592 3119 1741 3212 epicycli
1763 3121 1921 3189 continet
1943 3120 2136 3192 diametros

126 3221 251 3310 apogei
267 3222 397 3305 locum,
424 3222 616 3312 etquidem
633 3225 728 3291 iuxta
743 3224 968 3315 quorundam
984 3247 1105 3294 recen.
1159 3226 1272 3285 terrae
1289 3218 1360 3290 159
1377 3231 1410 3286 et
1424 3221 1653 3310 quadrantem
1669 3222 1791 3294 ferme.
1832 3219 1938 3290 Unde
1953 3220 2138 3310 colligitur

125 3320 215 3389 tium
244 3321 454 3391 sententiam
483 3344 706 3390 communem
736 3347 815 3391 cum
838 3321 932 3392 Solis
963 3347 1106 3413 apngen,
1159 3316 1264 3384 unius
1278 3319 1406 3407 gradus
1422 3343 1543 3388 arcum
1559 3320 1598 3388 in
1621 3320 1778 3413 epicyclo
1795 3319 1968 3392 Mercurii
1989 3322 2139 3413 aequari

126 3420 222 3512 quod
236 3415 302 3488 hac
313 3433 424 3489 aetate
437 3420 473 3486 in
488 3420 783 3510 7.graduCancri
797 3423 1106 3495 constitutumesse
1158 3419 1321 3487 nondum
1353 3419 1419 3488 loti
1453 3421 1715 3491 semidiametro
1739 3436 1870 3506 terrae,
1910 3424 1971 3492 scd
1995 3435 2137 3491 tantum

126 3519 358 3590 recentissimi
374 3519 523 3588 artifices
543 3523 777 3598 tradiderunt.
810 3521 930 3611 Quare
945 3539 1104 3594 centrum
1158 3519 1372 3589 milliaribus
1388 3520 1463 3592 760
1477 3522 1697 3610 germanicis.
1722 3521 1903 3592 Percurrit
1919 3519 2139 3612 igiturMer·

126 3619 272 3713 epicycli
306 3616 452 3689 Veneris
487 3645 568 3690 cum
594 3621 677 3692 Sole
705 3625 744 3692 in
777 3625 901 3715 primis
931 3626 1103 3714 partibus.
1158 3620 1413 3691 curiusinsuo
1434 3623 1590 3716 epicyclo
1611 3623 1771 3716 quotidie
1793 3623 1951 3714 spacium
1976 3623 2140 3712 longitu-

125 3717 330 3810 Gapricorni
345 3722 450 3811 paulo
472 3735 551 3812 post
571 3724 734 3794 brumam
758 3727 801 3795 ad
823 3738 952 3794 terram
972 3729 1105 3799 accedit
1156 3719 1241 3790 dine
1270 3723 1416 3814 aequale
1446 3745 1520 3792 11011
1546 3720 1629 3792 10111
1650 3724 2138 3809 (111111111111111111111111111,

124 3820 301 3910 proxime,
327 3835 367 3893 ut
389 3845 451 3893 suo
476 3824 592 3893 calore
615 3826 758 3915 frigoris
780 3826 851 3894 vim
873 3827 1030 3916 mitiget,
1070 3842 1104 3899 et
1156 3824 1216 3888 sed
1235 3836 1372 3893 tantum
1388 3823 1603 3894 milliaribus
1614 3826 1823 3913 germanicis
1837 3823 1950 3898 2356.
2001 3822 2134 3894 Iouna

124 3933 252 3991 terram
266 3922 440 3991 foecundo
465 3918 616 3994 humore
638 3941 844 4018 conspergat
867 3929 1040 3997 efficacius
1062 3952 1101 3997 ex
1156 3944 1240 3993 vero
1260 3919 1351 3992 hora-
1363 3938 1524 4013 peragrat
1538 3925 1705 3996 milliaria
1721 3927 1918 4015 germanica
1934 3925 1997 3998 98.
2142 3978 2153 3997 ,

123 4021 290 4113 propiore
314 4022 513 4093 intervallo.
584 4024 643 4099 Fit
671 4042 787 4098 autem
820 4028 924 4096 nobis
957 4028 1104 4120 propior
1140 4090 1148 4104 ‚
1253 4021 1328 4093 Iam
1358 4024 1568 4095 si-couferes
1590 4027 1775 4120 utriusque
1796 4026 1964 4097 Planetae
1994 4037 2136 4098 motum

123 4136 225 4203 tunc,
252 4123 654 4217 quamcuminapogeo
671 4129 758 4214 fuit,
792 4128 911 4221 spacio
926 4129 1036 4198 ierme
1055 4129 1102 4199 17
1154 4124 1382 4218 inepicyclo,
1416 4149 1539 4196 cernes
1557 4125 1731 4196 Venerem
1754 4129 1793 4197 in
1817 4123 1906 4197 bora
1924 4147 1998 4201 una
2021 4127 2135 4218 duplo

122 4223 465 4296 semidiametrorum
480 4238 604 4296 terrae.
1001 4280 1005 4288 .
1153 4225 1296 4314 longius
1308 4227 1465 4316 spacium
1480 4251 1683 4319 percurrere
1692 4252 1797 4320 quam
1808 4226 2049 4310 Mercurium,
2072 4228 2139 4321 qni

192 4402 195 4407 ,
223 4323 367 4399 Praeter
392 4319 458 4405 hos
479 4323 592 4396 orbes¹
612 4324 733 4398 Venus
755 4344 789 4400 et
805 4328 1008 4401 Mercurius
1026 4330 1101 4425 epi·
1154 4340 1273 4398 tamen
1288 4329 1504 4400 existimatur
1518 4330 1604 4398 lerri
1621 4329 1659 4397 io
1682 4330 1838 4422 epicyclo
1862 4328 2029 4411 velocius,
2050 4351 2136 4399 cum

123 4423 239 4517 cyclos
253 4420 397 4514 habent,
412 4424 596 4521 inquibus
610 4429 774 4502 seruntur
784 4431 876 4504 sicut
889 4446 959 4503 tres
972 4430 1101 4529 reliqui
1153 4427 1228 4518 ipse
1242 4441 1313 4499 tres
1326 4431 1455 4517 gradus
1467 4444 1502 4500 et
1516 4430 1716 4501 dextantem
1732 4429 1904 4521 quotidie,
1930 4427 2053 4499 Venus
2066 4451 2138 4500 au-

123 4519 310 4612 Planetae,
334 4527 372 4596 in
387 4527 569 4620 superiore
584 4542 685 4622 parte
701 4535 898 4604 secundum
916 4533 1099 4623 signorum
1154 4541 1224 4599 tem
1240 4530 1345 4620 paulo
1364 4530 1518 4620 amplius
1534 4552 1641 4622 quam
1657 4530 1847 4600 dimidium
1869 4529 1978 4601 unius
2000 4530 2134 4618 gradus

1 4681 2 4684 ,
123 4625 305 4712 ordinem,
330 4628 368 4696 in
382 4627 550 4701 inferiore
568 4655 653 4702 vero
667 4645 766 4724 parte
780 4647 903 4704 contra
918 4636 1100 4724 signorum
1153 4630 1325 4700 conficiat.
1378 4627 1449 4701 Sed
1462 4645 1651 4714 causaest,
1677 4632 1774 4722 quod
1797 4654 1891 4701 unus
1907 4630 2134 4721 gradusepi·

122 4725 298 4802 ordinem.
349 4732 419 4802 Sed
444 4755 518 4803 non
535 4745 676 4803 servant
690 4733 788 4803 illam
802 4732 913 4824 legem
929 4734 968 4802 in
982 4735 1101 4825 perio·
1152 4731 1242 4824 cycli
1253 4729 1401 4802 Veneris
1416 4732 1565 4822 decuplo
1578 4744 1630 4800 est
1645 4732 1759 4800 maior
1773 4756 1878 4822 quam
1894 4754 1988 4801 unus
2001 4731 2134 4818 gradus

122 4825 196 4911 dis,
223 4852 327 4920 quam
345 4846 514 4923 perpetuo
529 4838 728 4927 sequuntdr
739 4847 809 4906 tres
826 4835 1035 4926 superiores,
1051 4849 1101 4907 -ut
1152 4832 1192 4900 in
1209 4832 1367 4927 epicyclo
1382 4831 1566 4905 Mercurii,
1592 4829 1709 4908 Habet
1723 4831 1819 4900 enim
1832 4831 1951 4903 Venus
1966 4831 2135 4902 omnium

122 4927 303 5015 coniuncti
322 4957 401 5001 cum
417 4931 500 5004 Sole
524 4947 667 5007 teneant
690 4958 845 5011 summas
865 4936 1002 5027 apsides
1022 4937 1099 5029 epi·
1151 4932 1379 5006 Planetarum
1405 4933 1596 5004 niaximum
1629 4933 1845 5024 epicyclum,
1884 4933 2023 5003 ratione
2043 4932 2132 5001 reli·

120 5029 319 5123 cyclorum,
356 5046 389 5103 et
412 5031 527 5101 eidem
549 5037 701 5125 oppositi
721 5037 918 5127 retrogradi
946 5037 1036 5121 sint,
1065 5051 1099 5108 et
1152 5060 1304 5128 quorum
1329 5057 1474 5107 suornm
1495 5034 1647 5105 orbium.
1707 5031 1877 5121 Qualium
1903 5033 2133 5103 enim-semi·

121 5129 211 5207 imas
242 5133 379 5224 apsides
409 5156 472 5203 seu
495 5134 633 5223 perigea
657 5137 893 5232 epicyclorum
913 5150 1099 5229 occupent,
1150 5137 1321 5207 diameter
1337 5133 1522 5207 eccentrici
1537 5133 1686 5204 Veneria
1705 5131 1811 5205 habet
1836 5148 1952 5222 partes
1972 5132 2042 5216 60,
2076 5146 2132 5203 ta-

119 5234 179 5302 sed
195 5227 234 5304 bi
250 5236 323 5303 duo
346 5235 511 5305 feruntur
532 5234 606 5306 suis
629 5237 841 5329 quibusdam
860 5238 1100 5330 peculiaribus
1150 5239 1240 5310 lium
1256 5237 1516 5309 semidiameter
1530 5235 1678 5330 epicycli
1696 5232 1804 5307 babet
1815 5234 1867 5304 ts
1880 5248 2011 5324 partes.
2029 5232 2146 5306 ‘Hoc

117 5331 255 5424 legibus
268 5347 304 5411 et
317 5335 484 5424 diversis,
508 5334 558 5409 ita
571 5349 613 5410 ut
626 5334 750 5410 Venus
763 5363 871 5414 unam
885 5341 925 5412 in
940 5340 1097 5436 epicyclo
1149 5352 1222 5428 est,
1246 5339 1277 5411 si
1292 5336 1554 5411 semidiametro
1573 5337 1722 5432 epicyeli
1740 5335 1957 5410 adderentur
1977 5331 2027 5404 17
2043 5357 2131 5427 pac-=
