4538 5754
123 247 229 327 aare
730 227 795 317 ue
848 236 1214 319 oouuauranu
1240 235 1563 316 turstanus
2058 266 2157 342 Μ

117 444 201 495 „m
217 418 410 512 quotannis
428 431 558 490 certam
576 409 783 510 pecuniam,
810 428 849 487 ut
863 439 967 508 saepe
986 416 1121 488 reditus
1169 435 1243 485 esse
1259 436 1402 499 usuras,
1429 429 1463 484 et
1476 409 1734 505 prohibendam
1750 426 1976 518 rapacitatem
1991 423 2155 509 foenera·

119 522 375 599 scisitatibus
399 535 581 597 emuntur.
639 517 820 600 Probatur
841 519 888 588 ab
910 519 1060 590 eruditis
1086 531 1121 589 et
1169 529 1307 601 torum,
1341 539 1431 609 quae
1460 510 1528 587 hoc
1558 530 1716 612 tempore
1742 529 1883 618 crescit,
1914 547 1949 605 et
1976 554 2154 628 grassatur

116 619 211 697 haec
234 626 352 699 emtio,
404 621 495 694 Nam
521 617 579 693 hic
602 645 745 715 quoque
767 633 851 691 sunt
872 620 1119 693 substantialia
1169 618 1309 709 turpius
1324 633 1358 689 et
1373 618 1545 700 atrocius,
1571 647 1677 715 quam
1692 632 1787 717 apud
1801 626 1988 713 Ethnicos.

116 727 303 801 emtionis.
355 722 459 796 Mers
483 725 618 794 scilicet
648 724 705 794 ius
732 722 824 794 illud
847 723 959 793 annui
981 723 1118 794 reditus
1269 718 1427 792 Pertinet
1450 734 1567 792 autem
1590 727 1635 795 ad
1659 728 1814 801 officium
1845 758 1988 827 eornm,
2020 744 2086 838 qui
2111 746 2151 818 in

119 829 303 920 capiendi.
354 825 443 898 Item
467 827 624 918 precium
652 839 903 899 etconsensus.
953 822 1117 919 Cumque
1166 817 1322 892 Ecclesia
1346 825 1492 906 docent,
1526 838 1565 897 ut
1596 820 1664 897 hoc
1687 848 1865 921 peccatum
1889 837 2151 932 reprehendant

118 931 179 1003 tus
195 932 389 1001 fundatum
419 953 492 999 esse
519 930 558 997 in
587 927 709 1020 aliquo
738 951 889 1018 corpore
908 928 1054 1012 debeat,
1077 928 1117 995 in
1162 940 1202 997 et
1223 927 1412 1011 damnent,
1438 938 1471 993 et
1494 919 1683 1001 hortentur
1699 937 1931 1027 magistratus,
1954 959 1993 1016 ut
2011 947 2150 1037 legibus

120 1027 192 1102 hoc
210 1057 291 1103 casu
301 1081 314 1122 ,
341 1031 397 1100 ius
413 1031 603 1103 fundatum
620 1049 673 1100 est
687 1029 727 1097 in
743 1029 920 1100 universis
935 1030 1051 1116 bonis,
1075 1043 1116 1099 ut
1166 1041 1200 1096 et
1217 1029 1339 1117 poenis
1356 1022 1448 1113 hanc
1462 1031 1685 1119 rapacitatem
1702 1032 1925 1128 prohibeant,
1940 1071 2046 1138 quam
2055 1049 2152 1123 Deus

119 1135 151 1206 si
179 1135 220 1203 iu
243 1158 329 1225 agro
356 1133 508 1205 alicuius
531 1147 627 1205 emta
655 1145 745 1203 essct
771 1130 942 1217 servitus,
968 1131 1117 1203 iterant
1166 1131 1367 1199 coaeternis
1391 1130 1573 1221 suppliciis
1597 1149 1630 1204 et
1650 1139 1830 1209 interdum
1849 1149 1985 1235 magnis
2006 1153 2151 1224 calami·

118 1249 230 1309 actus,
677 1303 679 1308 ,
1167 1232 1299 1301 tatibus
1314 1233 1351 1300 in
1368 1225 1434 1300 hac
1451 1233 1521 1303 vita
1539 1237 1653 1324 punit.
1679 1238 1830 1312 Athenis
1845 1257 1878 1314 et
1896 1245 2033 1322 Romae
2047 1279 2150 1346 saepe
2245 1306 2250 1324 .

225 1346 291 1427 E„
308 1351 418 1440 531qu
429 1365 467 1424 εἰ
482 1351 523 1421 jn
539 1346 607 1423 hoc
631 1374 713 1421 eam
729 1375 811 1421 vem
835 1349 962 1430 emfio,
987 1351 1048 1418 ,ed
1071 1351 1116 1419 fl.
1168 1334 1375 1450 magnitudo
1400 1334 1560 1450 foenoris
1590 1352 1624 1408 et
1654 1339 1917 1417 foeneratorum
1948 1357 2149 1444 crudelitas,

118 1455 183 1527 lud
203 1455 399 1529 videndum
418 1470 488 1539 est,
515 1465 556 1524 up
572 1477 653 1522 ,ere
668 1453 842 1522 referam„
857 1465 1056 1523 mmmm,
1070 1454 1114 1522 ad
1166 1437 1331 1507 excitavit
1354 1437 1544 1506 seditiones
1570 1452 1603 1508 et
1624 1441 1740 1513 civilia
1756 1446 1867 1533 bella,
1893 1475 1982 1542 quae
2004 1457 2151 1532 fuerunt

118 1559 217 1628 hona
240 1557 336 1654 ipsa,
368 1578 443 1625 „0ss
473 1559 517 1624 ad
548 1579 732 1648 persona&
767 1550 835 1624 hoe
861 1565 930 1639 esa,
955 1567 996 1625 ut
1020 1555 1115 1626 bona
1162 1561 1300 1656 poenae
1318 1561 1397 1608 cum
1412 1539 1565 1609 aliorum
1582 1542 1769 1633 vitiorum,
1795 1561 1870 1619 tum
1893 1553 1997 1626 etiam
2015 1563 2150 1652 rapaci-

117 1658 259 1755 possint
272 1656 448 1727 sustinere
462 1659 498 1727 id
520 1681 633 1742 onus,
658 1668 692 1727 et
718 1681 797 1728 cum
812 1669 992 1727 attenuate
1008 1656 1115 1728 susti·
1165 1651 1248 1709 ῑᾶῑιῑ
1262 1656 1295 1711 et
1311 1662 1511 1711 murdrum·

119 1783 208 1831 nere
237 1782 312 1828 non
348 1772 536 1849 poterunt,
568 1783 635 1858 pro
666 1758 897 1852 proportione
920 1759 964 1829 de
994 1759 1111 1830 reditu

119 1875 260 1956 partem
274 1860 445 1931 remittas.

222 1978 329 2069 Quod
345 1993 463 2051 autern
479 1976 539 2050 hic
555 1981 679 2051 tertius
694 2001 794 2050 casus
816 1980 861 2051 sit
877 1979 1006 2064 emtio,
1026 2003 1112 2050 con-

1267 1741 1336 1813 Hic
1350 1743 1454 1812 etiam
1471 1744 1594 1836 quaeri
1607 1746 1708 1832 solet,
1733 1744 1793 1820 Au
1810 1771 1957 1843 peccent
1971 1783 2044 1831 non
2060 1766 2151 1836 dan·

1165 1857 1217 1915 tes
1233 1857 1378 1929 mutuo,
1405 1868 1485 1914 cum
1500 1857 1619 1917 tamen
1636 1849 1800 1922 videatur
1821 1873 1895 1926 esse
1915 1861 2070 1934 officium
2092 1867 2150 1938 in-

1165 1945 1336 2016 debitum.
1388 1943 1621 2039 Respondeo,
1655 1952 1699 2020 de
1731 1946 1787 2023 his
1814 1957 1937 2030 officiis
1967 1962 2149 2055 indebitis,

1165 2048 1208 2117 de
1223 2046 1459 2131 mutuatione,
1484 2051 1710 2133 venditione,
1732 2054 1817 2126 item
1839 2060 1884 2129 de
1906 2063 2151 2164 eleemosynis,

120 2083 239 2153 firmat
254 2076 339 2151 haec
355 2083 457 2152 ratio.
511 2079 668 2151 Maxime
682 2081 866 2172 proprium
890 2094 941 2152 est
955 2080 1114 2166 emtiom,
1628 2154 1636 2170 ο

119 2195 381 2259 ,mmmmm
398 2179 936 2275 haberequsrepetqndipmii·
984 2182 1030 2254 ln
1044 2177 1112 2252 hoc
1164 2151 1317 2219 tenenda
1331 2163 1383 2220 est
1397 2150 1516 2240 regula
1535 2149 1654 2223 Paula:
1680 2153 1733 2224 Ne
1755 2158 1823 2228 tibi
1844 2161 1891 2232 sit
1910 2165 2093 2241 tribulatio
2117 2189 2151 2247 et

119 2309 206 2358 casu
229 2299 344 2356 emtor
365 2309 509 2375 prorsus
534 2284 665 2356 amittit
697 2285 753 2356 ius
778 2283 962 2377 repetendi
993 2284 1113 2376 precii.
1164 2251 1316 2320 alimum
1336 2252 1826 2377 ⁰l³l⁰IIH⁰³Vi²222⁰¹¹}¹¹¹¹⁸·
1862 2260 2151 2372 ΝΟΠΡθθῦἒῑῐθ·

116 2384 268 2461 Necesse
292 2402 343 2457 est
368 2389 478 2477 igitur
501 2386 656 2456 vicissim
680 2387 828 2484 aliquod
860 2387 915 2455 ius
944 2400 1113 2479 tanquam
1164 2376 1291 2422 ⁶⁰⁸³¹¹⁵
1313 2354 1396 2425 ἀπε
1418 2368 1543 2472 ’Ἶΰωθ
1566 2350 1645 2474 h¹fa
1668 2383 1729 2451 <1¹¹¹
1746 2375 1870 2481 Ρξῑῦῡῑ
1888 2380 1983 2442 ‘xlta
1999 2378 2151 2447 necessi-

118 2512 276 2560 mercem
293 2488 330 2558 in
348 2512 428 2558 eum
446 2489 659 2561 translatum
685 2511 767 2558 esse.
820 2486 894 2557 Nec
916 2498 1032 2579 potest
1052 2482 1113 2556 hic
1164 2467 1270 2525 mem
1300 2456 1541 2548 Pf⁰b³¹b¹¹²mt
1577 2472 1668 2529 ⁵¹⁰¹¹¹
1698 2462 1858 2557 Pleflque
1890 2471 1933 2538 ad
1960 2472 2083 2546 ¹⁰¹⁰OE
2114 2494 2150 2552 et

115 2604 323 2663 contractus
347 2613 422 2661 esse
443 2589 639 2675 mutuatio,
667 2591 752 2684 quia
766 2592 854 2659 dans
876 2603 1001 2661 mutuo
1024 2589 1111 2659 reti-
1164 2557 1386 2676 Pr⁰f¹¹⁸f⁰¹¹⁸⁸
1408 2572 1551 2676 {munli
1576 2562 1636 2679 “fd
1654 2578 1770 2652 Ρεξοεὸῑ
1784 2591 1950 2683 f⁰⁶¹l³²¹¹⁸
1969 2575 2053 2648 dare
2068 2604 2150 2651 mu-

1162 2670 1224 2729 tuo
1248 2653 1323 2745 his,
1360 2685 1422 2754 qur
1444 2674 1571 2751 petunt
1598 2687 1637 2730 rn
1661 2681 1883 2756 necessitate,
1917 2698 2009 2768 quae
2043 2674 2151 2755 habet

1161 2761 1384 2852 probabilem
1400 2785 1551 2835 causam.

1266 2860 1366 2937 Idem
1397 2864 1622 2934 sentiendum
1656 2880 1707 2938 est
1738 2870 1783 2938 de
1811 2875 2020 2949 venditione
2047 2888 2150 2958 etde

1164 2964 1415 3059 eleemosynis,
1442 2979 1483 3036 ut
1506 2965 1535 3034 si
1550 2968 1630 3060 quis
1647 2969 1739 3040 nolit
1756 2987 1880 3044 mutuo
1897 2978 1981 3048 dare
1997 2976 2149 3060 honesto

1162 3066 1406 3157 patrifamilias
1430 3090 1511 3136 vere
1533 3069 1667 3159 egenti,
1694 3085 1757 3143 aut
1775 3079 1949 3148 sacerdoti
1974 3082 2095 3176 inopi,
2117 3091 2149 3160 si

1163 3167 1273 3259 possit
1288 3168 1369 3240 illos
1386 3170 1508 3238 iuvare
1525 3171 1602 3241 sine
1622 3195 1767 3243 suorum
1784 3175 1916 3248 iniuria
1925 3192 1966 3253 'et
1982 3200 2148 3274 egestate:

1162 3270 1191 3338 is
1224 3263 1319 3341 haud
1353 3270 1462 3341 dubie
1496 3285 1625 3362 peccat.
1696 3272 1793 3359 Haec
1829 3282 1949 3370 regula
1998 3291 2150 3364 traditur

1164 3373 1196 3444 1.
1214 3370 1308 3442 Ioan.
1321 3376 1373 3444 2:
1399 3371 1473 3462 Qui
1488 3368 1595 3444 habet
1610 3375 1803 3465 facultates,
1831 3396 1863 3452 et
1880 3407 1951 3455 non
1967 3388 2027 3459 dat
2043 3416 2149 3482 egen-

1162 3475 1210 3554 ti,
1237 3476 1417 3567 quomodo
1433 3489 1552 3545 manet
1568 3476 1710 3547 dilectio
1727 3475 1828 3578 [Dei]
1846 3484 1883 3552 in
1897 3484 1964 3558 eol

1270 3571 1324 3645 Ac
1354 3578 1500 3646 modum
1534 3573 1642 3648 huius
1672 3580 1894 3655 liberalitatis
1926 3593 2148 3680 probabilem

115 2705 181 2764 net
197 2692 255 2766 ius
269 2691 453 2786 repetendi
473 2692 602 2763 mutui.

221 2829 272 2900 Hi
296 2844 518 2916 contractus,
543 2854 632 2923 quos
654 2829 724 2898 iam
742 2830 919 2915 recensui,
938 2845 1025 2903 sunt
1048 2831 1112 2901 ed·

115 2936 269 3007 modum
285 2932 419 3004 usitati.
472 2931 593 3019 Quare
607 2934 751 3023 prodest
766 2957 827 3012 eo,
853 2933 914 3025 qui
930 2933 970 3000 in
986 2929 1110 3002 Eccle-

116 3037 181 3108 siis
207 3037 355 3118 docent,
396 3034 580 3102 admoneri
610 3058 700 3126 quae
737 3034 872 3104 formae
904 3035 1111 3124 probandae

114 3139 203 3212 siut.
253 3134 303 3205 Et
318 3131 404 3205 haec
420 3136 579 3226 exempla
594 3134 787 3205 discrimen
807 3139 999 3205 ostendunt
1016 3136 1110 3206 inter

116 3238 295 3312 erutiones
324 3251 357 3307 et
388 3236 640 3308 mutuationes.
702 3234 766 3308 Est
795 3237 888 3306 enim
922 3236 1109 3322 mutuatio,

116 3365 200 3411 rum
222 3362 298 3411 non
322 3340 452 3408 emitur
475 3338 595 3432 aliqua
619 3363 736 3424 merx,
769 3341 830 3410 sed
858 3339 1007 3429 pecunia
1036 3339 1112 3409 sine

114 3465 232 3513 merce
248 3440 469 3523 transfertur,
493 3455 534 3510 ut
551 3442 760 3511 tantundem
777 3440 946 3533 pecuniae
963 3439 1111 3530 recipia-

115 3557 192 3616 tur.
243 3539 314 3611 Hic
334 3555 534 3612 contractus
553 3544 662 3617 debet
685 3564 759 3612 esse
775 3541 965 3632 gratuitus,
989 3542 1112 3616 reddi-

115 3644 286 3718 tnrenim
304 3646 529 3715 tantundem.
581 3642 701 3733 Quare
723 3644 756 3715 si
779 3644 932 3733 amplius
957 3648 1111 3730 daretur,

115 3748 190 3819 iam
213 3746 321 3817 fuerit
345 3746 598 3838 inaequalitas,
631 3759 665 3817 et
686 3747 884 3817 lucraretur
910 3746 999 3813 dans
1029 3770 1109 3815 mu·

115 3863 204 3932 tuo,
229 3871 310 3918 cum
336 3849 426 3918 alter
447 3841 541 3917 nihil
564 3848 744 3939 reciperet.
797 3846 886 3919 Tale
909 3848 1049 3919 lucrum
1070 3847 1109 3916 in

113 3964 261 4033 mutuo,
287 3949 383 4042 quod
401 3950 532 4039 petitur
548 3961 696 4047 propter
716 3949 829 4046 ipsam
853 3949 1108 4020 mutuationem

114 4075 225 4144 supra
242 4066 392 4133 sortem,
416 4064 468 4121 est
480 4051 629 4143 proprie
651 4074 772 4121 usura.
823 4049 979 4143 Ideoque
1001 4075 1109 4121 usura

114 4149 281 4225 exhaurit
295 4153 478 4223 facultates
491 4154 642 4234 alienas,
670 4153 752 4247 quia
769 4152 876 4247 isqui
897 4152 1003 4225 solvit
1024 4176 1109 4227 usu·

112 4278 216 4337 ram,
242 4249 336 4324 nibil
359 4255 493 4345 recipit.
546 4251 629 4324 Non
653 4267 902 4346 potestantem
926 4276 1001 4324 csse
1026 4279 1107 4346 per-

114 4371 224 4451 petua
238 4356 525 4439 communicatio,
549 4357 613 4429 ubi
629 4371 682 4427 est
693 4356 941 4451 inaequalitas,
968 4358 1028 4425 sed
1046 4380 1109 4425 ne-

110 4481 213 4531 cesse
229 4472 280 4528 est
295 4456 441 4526 alteram
460 4473 595 4549 partem
612 4454 804 4531 exhauriri.
852 4452 1025 4530 Prohibet
1041 4457 1109 4549 igi-

111 4576 177 4633 tur
197 4557 295 4630 Deus
316 4582 480 4643 usuram,
514 4560 604 4629 sicut
625 4562 720 4630 furta
743 4573 803 4630 aut
828 4560 990 4651 rapinas,
1023 4561 1107 4654 quia

110 4663 210 4739 sicut
240 4656 327 4732 hacc
356 4662 544 4731 continent
579 4662 889 4756 inaequalitatem,
917 4674 950 4735 et
974 4657 1107 4732 exhau-

111 4765 220 4838 riunt
240 4763 374 4833 alienas
397 4763 598 4853 facultates,
625 4762 675 4833 sic
696 4787 803 4833 usura
830 4763 988 4835 continet
1011 4763 1109 4833 inae-

112 4866 345 4963 qualitatem,
371 4878 405 4934 et
427 4878 477 4935 est
499 4860 632 4935 hirudo
656 4865 769 4936 multo
786 4865 1018 4957 perniciosior
1035 4868 1109 4958 pri-

109 4982 279 5039 vatarum
305 4982 340 5039 et
368 4967 593 5058 publicarum
616 4967 844 5052 facultatum,
886 4991 993 5060 qnam
1029 4992 1109 5039 cae-

109 5087 194 5144 tera
213 5069 320 5142 furta.

210 5199 366 5270 Haec'de
382 5204 500 5273 usuris
517 5204 672 5274 breviter
688 5203 812 5290 adieci,
828 5217 868 5277 ut
882 5181 1035 5276 studiosi
1045 5204 1110 5274 ad·

1162 3678 1368 3769 praescribit
1393 3676 1585 3759 Salomon,
1618 3704 1697 3749 cum
1723 3683 1787 3754 ait:
1828 3683 1960 3760 Fontes
1977 3695 2029 3765 tui
2053 3699 2149 3769 deri·
2255 3701 2260 3710 '

1161 3793 1291 3850 ventur
1313 3782 1426 3864 foras,
1462 3794 1495 3851 et
1518 3794 1557 3850 tu
1579 3782 1757 3855 Dominus
1781 3810 1903 3859 eorum
1923 3811 2084 3885 maneto,
2109 3803 2147 3873 id

1163 3897 1231 3964 est,
1257 3878 1354 3951 Deus
1369 3905 1444 3951 non
1459 3882 1554 3952 tollit
1567 3885 1799 3980 proprietates
1816 3904 1850 3960 et
1864 3894 2043 3980 dominia,
2071 3926 2147 3974 non

1162 3983 1239 4054 vult
1255 3983 1420 4074 dissipari
1437 3979 1670 4055 haereditates
1691 4011 1753 4059 seu
1769 3997 2007 4080 possessiones
2021 4001 2148 4100 singu·
2197 4028 2201 4035 ’

1161 4086 1291 4154 lorum.
1343 4085 1437 4175 Quia
1454 4087 1594 4177 expedit
1610 4089 1750 4179 reipub.
1766 4094 1859 4163 cives
1883 4092 2013 4170 habere
2031 4118 2145 4178 certos

1160 4188 1302 4256 fundos.
1353 4186 1413 4261 sic
1428 4188 1537 4278 igitur
1552 4190 1670 4259 danda
1688 4205 1740 4263 est
1755 4193 1995 4291 eleemosyna,
2019 4227 2065 4273 ne
2085 4231 2145 4279 ex.

1161 4289 1303 4359 cutiaris
1326 4312 1367 4358 ex
1391 4289 1523 4369 fundo,
1551 4284 1709 4376 horest,
1742 4309 1780 4365 ut
1806 4297 1970 4393 princeps
1995 4307 2145 4383 retineat

1159 4414 1264 4463 suum
1277 4390 1535 4482 principatum,
1562 4407 1601 4462 ut
1617 4394 1869 4483 paterfamilias
1891 4405 2043 4477 retineat
2063 4433 2146 4482 srvos

1160 4514 1281 4582 agros,
1305 4515 1385 4562 suas
1401 4496 1513 4577 aedes.
1559 4490 1643 4564 Ideo
1660 4496 1794 4589 inquit:
1819 4497 1878 4570 Tu
1892 4500 2069 4580 Dominus
2085 4537 2147 4584 eo-

1160 4615 1240 4666 rum
1259 4607 1411 4689 maneto.
1465 4595 1535 4664 sed
1549 4594 1683 4681 fontes,
1710 4599 1848 4692 inquit,
1872 4604 1965 4678 foras
1980 4610 2146 4685 deriven-

1161 4710 1236 4780 tur,
1264 4697 1385 4780 idest,
1412 4697 1457 4765 de
1478 4697 1654 4766 fructibus
1680 4699 1956 4792 impertiendum
1981 4725 2033 4783 est
2055 4715 2147 4794 aliis.

1162 4790 1213 4869 It‘a
1229 4798 1348 4877 iubet,
1375 4820 1440 4867 uos
1454 4799 1606 4868 retinere
1620 4799 1748 4887 fontes,
1774 4818 1807 4874 et
1824 4819 1941 4880 tamen
1957 4812 2042 4885 inde
2058 4820 2148 4891 edu·

1160 4924 1238 4970 cere
1255 4901 1390 4971 rivulos
1407 4915 1441 4970 et
1456 4900 1640 4991 egentibus
1656 4903 1848 4997 impertire.

1212 5065 1466 5175 Administrut
1481 5071 1719 5168 negoriana
1739 5071 1843 5150 iusta.

1262 5201 1399 5276 Usitata
1424 5205 1608 5276 translatio
1632 5207 1767 5300 inquit,
1787 5212 1953 5306 disponit
1968 5240 2149 5297 sermones

109 5304 250 5378 moniti
263 5327 338 5374 uno
355 5298 460 5398 atque
482 5305 594 5375 altero
613 5309 773 5397 exemplo
789 5306 961 5379 emrditius
977 5306 1110 5378 discer-
1162 5330 1244 5380 suos
1262 5308 1300 5376 in
1315 5307 1460 5381 iudicio.
1486 5307 1524 5379 Id
1543 5304 1697 5380 Ebraica
1716 5309 1835 5403 phrasi
1851 5316 2025 5406 significat
2040 5323 2148 5416 idem,

110 5431 205 5514 nere
222 5406 362 5498 possint
376 5420 595 5494 contractus,
617 5422 652 5481 et
665 5409 779 5482 sciant
795 5433 875 5480 vere
891 5409 1111 5507 damnandas
1163 5413 1261 5504 quod
1284 5410 1507 5485 administrat
1527 5413 1674 5501 negocia
1693 5436 1757 5486 sua
1770 5415 1873 5488 iuste.
1923 5417 2023 5493 llaec
2040 5425 2150 5502 inter-

168 5513 349 5580 Murrus.
371 5513 476 5581 Orsa.
500 5513 584 5580 Vos.
600 5513 695 5582 XIII.
1590 5511 1641 5584 84
1790 5529 1796 5536 '
