4538 5754
117 217 215 299 ms
703 208 830 284 affin
859 207 974 287 unu
1000 206 1212 286 semma
1238 205 1537 285 axuenrma.
1986 224 1990 229 ·
2050 211 2133 290 iste

117 387 300 468 attribuit,
324 384 372 459 sit
385 396 554 477 perpetua
572 382 782 468 concordis,
798 396 833 453 et
848 405 972 453 omnes
989 407 1104 454 unum
1156 383 1277 457 cordia
1301 395 1365 457 est.
1413 380 1575 456 Primum
1592 383 1772 454 invocatio
1788 381 1856 456 Dei
1879 395 1934 455 est
1955 383 2136 472 ardentior,

119 497 192 568 sint
208 493 247 561 in
264 489 353 561 Deo.
1158 501 1192 558 et
1208 487 1329 556 minus
1343 487 1592 577 impediuntur
1607 487 1695 555 fides
1706 498 1742 557 et
1755 509 1850 579 spes,
1877 500 1916 557 et
1930 509 2060 558 omnes
2078 486 2136 561 mi·

223 590 406 664 Montium
437 587 596 680 picturae
622 584 661 655 in
686 585 821 659 talibus
842 581 999 679 conspici
1024 609 1107 678 pos-
1158 589 1238 661 lites
1254 588 1360 658 simul
1384 587 1538 659 libenter
1558 589 1743 682 perferunt
1763 611 1979 658 communes
2000 589 2136 676 labores,

122 711 219 771 sunt.
260 690 385 764 ludico
402 702 518 760 autem
534 687 714 760 Libanum
730 689 776 758 ab
788 689 955 758 albedine
972 690 1106 759 dictum
1159 705 1194 762 et
1207 712 1272 759 suo
1288 689 1439 783 quisque
1459 691 1538 761 loco
1562 714 1661 762 snam
1683 691 1823 762 confert
1842 713 2016 784 operam,
2047 705 2080 762 et
2099 691 2138 760 li·

124 822 217 879 esse,
241 807 277 866 et
292 815 372 886 pars
390 805 443 863 est
456 789 639 872 Hermon,
666 791 762 884 qnod
778 805 830 861 est
845 792 927 861 alba
943 791 1109 860 altitudo.
1159 795 1284 864 benter
1299 791 1362 861 alii
1376 792 1455 863 aliis
1471 817 1577 891 opem
1593 793 1733 874 ferunt,
1759 807 1794 863 et
1816 795 1919 866 adest
1942 792 2024 885 ipse
2038 790 2135 883 Dens,

124 900 185 974 Sic
203 911 238 970 et
252 895 357 981 alibi,
387 890 478 967 Psal
494 890 554 966 41.
572 893 736 963 nominat
757 887 843 963 haec
863 893 941 962 loca
959 891 1109 963 Terram
1159 893 1320 966 accendit
1337 894 1494 981 animos,
1520 895 1665 966 adiuvat
1678 893 1882 967 laborantes
1895 909 1932 968 et
1946 895 2052 968 addit
2069 896 2137 965 feli·

126 998 291 1074 lordanis
311 1009 346 1068 et
365 993 597 1080 Hermonim,
627 1018 668 1065 ac
689 994 884 1064 delectatur
906 989 964 1064 bis
987 992 1110 1086 appel·
1160 1019 1216 1069 ces
1231 1009 1392 1067 eventus.
1487 1022 1492 1028 ·

125 1101 321 1175 lationibns
348 1112 389 1169 ut
416 1098 527 1168 multa
552 1096 734 1185 significet.
783 1093 862 1167 Hoc
882 1097 1028 1167 unicum
1053 1118 1110 1165 re·
1261 1094 1395 1168 Contra
1410 1099 1572 1170 veronbi
1590 1097 1766 1170 discordia
1783 1110 1856 1178 est,
1890 1096 2023 1188 ingens
2035 1098 2136 1190 impe

126 1228 237 1297 gnum
251 1203 292 1271 in
307 1222 434 1292 genere
450 1193 608 1269 humano
624 1222 707 1267 vere
721 1211 795 1268 erat
812 1199 965 1268 candida
979 1211 1015 1269 et
1030 1196 1110 1289 pul·
1159 1199 1360 1271 dimentum
1394 1213 1446 1270 est
1478 1200 1734 1286 invocationis,
1778 1201 1865 1293 qnia
1896 1201 2137 1270 universaliter

126 1332 186 1379 cra
202 1304 376 1388 altitudo,
410 1301 448 1370 id
474 1314 543 1386 est,
573 1322 636 1369 arx
658 1325 749 1394 quae
773 1313 848 1371 erat
870 1301 969 1371 sedes
985 1296 1111 1369 Eccle-
1160 1302 1252 1371 mala
1268 1300 1483 1372 conscientia
1502 1303 1592 1393 fugit
1605 1301 1742 1386 Deum,
1757 1316 1793 1374 et
1809 1301 1975 1392 cogitans
1991 1297 2136 1373 deboste

126 1409 217 1492 siae,
250 1418 285 1476 et
301 1401 523 1474 domicilium
539 1425 641 1470 verae
666 1401 861 1495 sapientiae
879 1427 920 1472 ar
941 1401 1110 1482 iusticiae,
1134 1475 1137 1494 1
1160 1428 1235 1473 non
1260 1404 1337 1473 vult
1362 1405 1409 1473 ad
1429 1404 1531 1472 illum
1551 1405 1664 1475 Deum
1687 1405 1851 1473 accedere
1876 1427 1988 1496 quem
2011 1405 2137 1473 invocet

127 1509 212 1605 quia
225 1507 278 1578 ibi
294 1504 369 1575 veri
384 1503 452 1576 Dei
465 1502 597 1575 noticia
610 1503 787 1593 fulgebat,
820 1503 925 1575 ibice
941 1502 1038 1574 Deus
1064 1502 1111 1570 il·
1161 1501 1290 1589 bostis,
1306 1519 1340 1577 et
1354 1507 1531 1577 contraria
1546 1520 1673 1597 petunt
1688 1503 1844 1589 inimici,
1860 1505 2024 1599 denique
2039 1506 2136 1575 multa

127 1608 301 1682 lustribus
331 1604 543 1677 testimoniis
563 1605 810 1695 patefaciebat,
843 1617 879 1678 et
899 1604 1111 1676 mirabiliter
1160 1602 1340 1677 horrenda
1362 1620 1445 1678 sunt
1470 1608 1723 1700 impedimenta
1750 1606 1992 1679 invocationis
2012 1607 2052 1677 in
2071 1604 2135 1677 sri-

128 1710 198 1784 hoc
214 1732 364 1801 regnum
381 1710 550 1778 adversus
570 1706 687 1777 vicina
709 1706 861 1798 imperia
887 1708 1112 1781 defendebat.
1161 1709 1229 1798 mis
1260 1710 1499 1795 discordium,
1532 1724 1678 1808 propter
1698 1731 1790 1804 quae
1811 1694 1943 1798 ma'gna
1964 1707 2136 1798 vigilantia

127 1810 218 1886 Erat
247 1825 364 1883 autem
393 1809 432 1879 in
465 1804 534 1880 boc
555 1832 665 1898 regno
690 1832 827 1880 summa
848 1810 988 1902 specula
1011 1807 1113 1893 Sion,
1161 1833 1286 1881 omnes
1318 1812 1521 1882 occasiones
1539 1812 1705 1884 vitandae
1727 1824 1829 1901 sunt,
1866 1833 1964 1904 quae
1983 1811 2136 1882 ridentur

129 1915 214 2010 quia
228 1910 444 2006 lerosolyma
460 1910 682 1982 domicilium
694 1911 785 2000 regis
803 1926 890 1982 erat.
918 1908 1112 2002 Complexa
1161 1933 1371 1983 ascensurae
1412 1936 1486 1984 esse
1526 1937 1603 1984 non
1643 1913 1856 1984 necessarias
1889 1912 2135 1984 contentiones.

129 2030 180 2089 est
197 2011 539 2107 autemleroaolyma
555 2013 644 2084 duos
658 2014 943 2097 arduosmontes,
958 2035 1111 2105 quorum
1162 2013 1346 2085 Praeterea
1361 2016 1587 2087 manifestum
1603 2026 1655 2086 est
1677 2016 1715 2083 in
1736 2013 1893 2085 exercitu
1916 2014 2135 2086 dissentiente

129 2119 232 2191 alteri
245 2139 378 2188 nomen
393 2116 460 2185 fuit
476 2109 638 2202 Moriah,
656 2137 676 2184 a
691 2116 788 2200 luce,
803 2115 842 2184 in
857 2110 925 2185 hoc
939 2115 1111 2205 templum
1162 2117 1292 2186 milites
1308 2140 1381 2184 non
1399 2118 1462 2186 diu
1477 2117 1583 2188 simul
1596 2119 1751 2208 perferre
1766 2139 1978 2185 communes
1999 2117 2135 2187 labores.

129 2219 315 2292 conditum
337 2231 406 2289 est:
445 2216 548 2287 alteri
573 2214 683 2294 Sion,
724 2217 857 2303 idest,
886 2215 1028 2308 specula
1049 2238 1113 2285 seu
1265 2211 1429 2288 Observa
1445 2234 1563 2291 autem
1579 2214 1638 2289 bic
1660 2217 1852 2288 discrimen
1878 2212 2059 2288 hnmanae
2079 2217 2134 2286 do·

129 2316 359 2414 trophaeum,
391 2320 430 2388 in
457 2344 529 2413 qno
552 2318 622 2391 fuit
646 2341 708 2386 arx
720 2316 888 2404 Davidis,
919 2331 954 2388 et
978 2340 1111 2388 nomen
1162 2318 1298 2390 ctrinae
1323 2322 1368 2389 de
1394 2320 1606 2406 concordia,
1645 2334 1681 2391 et
1712 2318 1868 2392 divinae.
1916 2313 2133 2420 Experientit

129 2418 463 2497 commonefaciebat
476 2442 594 2510 reges,
628 2419 744 2490 locum
760 2420 863 2491 illum
878 2421 968 2490 velle
989 2419 1113 2489 defen·
1162 2419 1318 2493 ostendit
1349 2415 1558 2493 bominibus
1589 2421 1814 2493 concordiam
1847 2441 1925 2490 esse
1943 2413 1948 2424 ’
1965 2421 2133 2492 meliorent

130 2528 214 2598 dere
227 2522 357 2596 Deum.
411 2520 578 2592 Indicant
592 2520 701 2611 igitur
717 2513 784 2592 hae
801 2521 1026 2592 dulcissimae
1049 2544 1113 2612 ap·
1162 2522 1339 2608 dissidiis,
1365 2527 1426 2594 sed
1443 2548 1509 2595 vor
1526 2524 1648 2594 divina
1671 2519 1740 2594 boc
1765 2522 1844 2591 loco
1868 2512 2133 2613 eddit'pmmis·

129 2626 340 2721 pellationes
358 2618 575 2715 Prophetam
604 2617 690 2693 huic
719 2623 852 2714 populo
885 2620 1112 2693 concordiam
1163 2624 1299 2695 sionem
1330 2626 1375 2696 de
1395 2626 1592 2718 praesentia
1616 2639 1653 2697 et
1677 2624 1809 2695 auxilio
1833 2619 1919 2693 Dei:
1959 2618 2132 2715 baec-pro·

131 2742 271 2821 optare,
297 2740 369 2797 tam
383 2725 524 2796 dulcem
540 2723 646 2794 bonis
660 2725 861 2810 mentibus,
889 2749 997 2819 quam
1019 2737 1113 2796 terra
1163 2726 1284 2797 missio
1299 2749 1367 2797 nos
1382 2728 1510 2799 invitet
1524 2730 1568 2797 ad
1584 2729 1743 2800 studium
1759 2725 1912 2797 tuendae
1922 2725 2131 2796 concordiae.

130 2829 357 2901 nascentibus
372 2850 430 2899 ros
447 2841 499 2898 est
516 2826 756 2918 tempestivus.
1163 2824 1248 2899 Diri
1281 2841 1400 2900 autem
1436 2852 1541 2922 sopra
1576 2853 1686 2925 quare
1711 2825 1788 2899 Deo
1820 2828 1958 2917 placcat
1989 2825 2131 2897 dileetir:

234 2930 307 3004 Sed
327 2953 392 3000 cur
413 2929 516 3000 dicit:
547 2919 688 2999 Rorem
712 2921 921 2998 descendere
942 2924 992 2996 ab
1016 2924 1114 2998 Her·
1163 2928 1259 3018 Quia
1288 2930 1366 3002 vult
1389 2954 1511 3002 omnes
1535 2931 1727 3003 rationales
1744 2940 1924 2999 creaturas
1944 2930 1992 2998 ad
2016 2939 2130 2999 erssb·

131 3058 217 3106 mon
251 3029 291 3103 in
313 3026 428 3116 Sion,
461 3054 541 3101 eum
569 3037 692 3100 tamen
713 3053 855 3124 magna
877 3027 927 3099 sit
949 3023 1113 3100 altitudo
1162 3055 1238 3101 rem
1253 3033 1434 3125 copulatas
1446 3056 1544 3117 esse,
1570 3048 1612 3104 ut
1632 3033 1683 3103 eis
1705 3052 1805 3102 suam
1827 3029 2063 3117 sapientiam,
2090 3029 2133 3097 iu·
2164 3110 2167 3115 ¹

131 3134 268 3208 montis
289 3129 408 3204 Sion?
445 3130 680 3224 Respondeo,
712 3131 876 3222 congruit
898 3126 967 3202 boc
991 3134 1036 3202 ad
1056 3147 1114 3203 to-
1163 3131 1318 3220 sticiam,
1350 3135 1564 3221 bonitatem,
1596 3134 1706 3206 vitam
1734 3144 1768 3201 et
1790 3130 1968 3201 laeticiam
1989 3151 2133 3202 commo·

132 3240 206 3312 tius
221 3236 376 3328 regionis
391 3237 511 3306 sitnm.
545 3232 707 3305 Libanus
723 3234 827 3304 limes
843 3246 895 3331 est
908 3255 1031 3304 versus
1048 3231 1114 3305 Se·
1164 3233 1277 3322 nicet,
1308 3249 1344 3307 et
1356 3237 1510 3308 vicissim
1526 3260 1593 3307 nos
1609 3237 1726 3328 ipsum
1743 3254 1979 3324 agnoscamus
2000 3247 2038 3305 et
2057 3230 2132 3302 eele-

15 3386 19 3393 f
131 3340 372 3433 ptentrionem
387 3351 420 3408 et
435 3349 573 3421 ortum,
599 3348 635 3407 et
650 3359 713 3427 per
727 3359 802 3405 sese
816 3334 910 3406 altus
928 3349 999 3417 est,
1011 3343 1115 3426 prae-
1164 3339 1326 3423 bremns,
1351 3339 1384 3407 ei
1400 3338 1532 3409 similes
1549 3338 1745 3408 efficiamur
1760 3349 1794 3405 et
1809 3335 1847 3403 in
1865 3334 1944 3425 ipso
1966 3336 2132 3413 laetemur,

133 3443 253 3514 sertim
277 3441 369 3510 circa
383 3435 615 3523 Damascum,
646 3436 710 3507 ubi
733 3435 877 3529 proprie
897 3437 1063 3507 tribuunt
1081 3435 1114 3505 ei
1164 3438 1256 3511 sicut
1270 3439 1441 3529 scriptum
1458 3454 1525 3511 est:
1556 3437 1654 3512 Deus
1676 3452 1728 3510 est
1747 3436 1903 3509 dilectio.
1954 3433 2047 3507 Nam
2068 3453 2132 3504 con

133 3566 266 3615 nomen
280 3538 454 3610 Hermon.
505 3534 616 3610 Recte
629 3537 739 3627 igitur
762 3538 847 3609 inde
870 3562 911 3609 ex
932 3538 1114 3609 montibus
1164 3540 1210 3613 sit
1223 3541 1362 3634 sapiens
1378 3556 1411 3613 et
1427 3545 1564 3624 bonus,
1597 3539 1861 3613 communicare
1885 3559 1989 3606 suam
2010 3536 2132 3628 sapien·

99 3710 102 3717 ,
133 3643 274 3729 arduis,
300 3656 391 3713 etex
407 3640 551 3730 regione
572 3640 861 3732 septentrionali,
893 3639 933 3709 in
954 3641 1032 3711 loca
1057 3640 1116 3709 in·
1135 3644 1144 3667 ‘
1164 3642 1251 3716 tiam
1267 3655 1302 3714 et
1317 3644 1513 3717 bonitatem
1530 3657 1710 3716 menturae
1731 3640 1867 3726 voluit,
1897 3638 1936 3710 id
1959 3653 2077 3712 autem
2095 3647 2132 3706 est

133 3747 284 3829 teriora,
313 3758 389 3815 tum
405 3743 445 3812 in
459 3744 588 3835 plana,
621 3757 697 3814 tum
722 3742 828 3812 colles
851 3743 1005 3814 consitos
1027 3741 1117 3812 oleis
1164 3743 1326 3835 diligere.

73 3900 77 3907 -
135 3846 252 3940 spargi
266 3868 382 3915 rorem
398 3844 538 3938 inquit,
562 3839 612 3915 Et
625 3838 810 3940 physicum
827 3857 898 3930 est,
924 3846 1020 3938 quod
1036 3843 1117 3936 plns

135 3964 187 4022 est
213 3968 386 4039 vaporum
416 3946 456 4014 in
479 3943 728 4036 septentrione
761 3958 797 4016 et
816 3945 904 4016 locis
927 3942 1117 4030 montanis,

135 4061 323 4146 quaesunt
338 4047 504 4118 distincta
519 4046 693 4130 vallibus,
723 4070 829 4140 quam
845 4045 883 4115 in
905 4046 1022 4139 parvis
1042 4047 1116 4117 col·
1338 4013 1441 4098 Alia
1476 4011 1689 4096 ‘flamm
1717 4010 1876 4095 Psalmi
1897 4007 1976 4093 1¹¹·

134 4155 241 4226 libus.
274 4148 371 4222 Haec
385 4142 663 4238 chorograpbiee
679 4145 859 4218 illustrant
874 4145 1067 4222 Ptalmum·
1166 4181 1306 4260 lneoapas
1329 4178 1467 4258 Argeliae
1493 4176 1575 4238 Xltl.
1597 4176 1721 4255 Augusti
1748 4194 1767 4234 a
1793 4173 1933 4252 Philippo
1956 4165 2132 4231 Melanthus

238 4250 421 4324 Postrema
454 4249 625 4343 particula
653 4262 721 4319 est.
736 4248 828 4320 ratio
852 4247 1117 4342 propositionis,
1557 4313 1598 4364 M·
1620 4310 1657 4362 n·
1681 4308 1748 4363 m·

138 4379 247 4451 quare
278 4353 468 4426 concordia
495 4353 591 4422 bona
614 4352 678 4423 sit:
718 4344 821 4446 Quin
847 4347 904 4421 ibi
921 4347 1117 4420 mandacii
1985 4370 1991 4379 ·

138 4455 245 4529 Deus
277 4449 576 4535 benedictionem,
616 4462 649 4523 et
675 4450 792 4521 eitam·
820 4451 1116 4549 inperpetuum.
1230 4435 1634 4528 Argumentum
1669 4448 1732 4498 Ν
1763 4424 2087 4516 dfff‘lfffff

139 4560 304 4631 Iuniores
333 4557 470 4629 discant
499 4550 664 4648 phrasin:
696 4550 794 4626 Deus
825 4554 978 4625 dicendo
1000 4555 1118 4640 efficit,
1284 4595 1286 4598 ⁴
1520 4560 1681 4647 psalmi
1710 4557 1786 4642 Μ,

140 4663 238 4733 iuxta
255 4660 362 4730 illud:
395 4657 493 4728 Dixit
508 4672 544 4730 et
565 4658 658 4730 facta
681 4667 783 4741 sunt,
810 4655 891 4727 ideo
915 4656 1117 4728 benedictio

141 4762 314 4853 significat
329 4759 521 4854 aliquando
535 4759 732 4829 ubertatem
748 4757 923 4829 divinitus
937 4760 1119 4843 donatam,
1133 4782 1134 4787 ¹

139 4862 197 4935 hic
216 4862 334 4934 felices
355 4883 533 4932 successus
546 4883 635 4954 quos
648 4859 745 4933 Deus
761 4859 836 4952 ipse
859 4861 1013 4933 adiuvat.
1065 4857 1116 4930 lta
2175 4941 2177 4944 Ι

141 4979 176 5038 et
192 4966 301 5035 verbo
317 4963 508 5032 mandandi
527 4963 656 5032 utitur:
681 4957 789 5032 Deus
803 4956 981 5047 mandat,
1005 4962 1041 5030 id
1057 4978 1119 5046 est,
1269 4949 1473 5041 Cogitemus
1502 4946 1661 5016 Psalmos
1693 4943 1925 5036 sapientiam,
1967 4953 2005 5012 et
2033 4955 2140 5012 vocem
2174 4967 2177 4977 ·

141 5091 206 5138 suo
220 5069 359 5137 decreto
373 5065 498 5149 elficit,
521 5078 564 5134 ut
577 5065 629 5134 ibi
644 5064 733 5150 sint,
759 5066 875 5135 bonus
888 5085 1067 5135 successus
1084 5076 1119 5132 et
1166 5051 1234 5125 Dei
1252 5077 1345 5138 esse,
1372 5069 1406 5123 et
1419 5048 1534 5122 Deum
1546 5050 1681 5119 fontem
1697 5046 1941 5140 eloquentiae,
1968 5044 2142 5133 sapienter,

140 5170 231 5255 vita,
256 5168 294 5237 id
309 5179 377 5251 est,
402 5165 518 5237 suavis
532 5165 603 5236 vita
619 5178 653 5236 et
667 5165 805 5237 laeticia
818 5166 858 5235 in
872 5189 941 5259 qua
958 5164 1134 5234 invocari*
1167 5170 1262 5228 recte
1288 5169 1323 5226 et
1343 5154 1470 5223 ordine
1493 5151 1604 5244 loqui.
1656 5149 1742 5217 ldeo
1763 5148 1803 5216 in
1825 5143 1981 5233 singulis
2005 5139 2142 5214 Psalmis

139 5267 238 5341 Deus
254 5282 289 5341 et
303 5266 474 5338 celebrari
491 5281 625 5358 potest,
655 5280 690 5337 et
705 5268 855 5358 promtis
878 5267 1008 5337 animis
1029 5291 1117 5335 con·
1167 5271 1359 5353 quaeratur
1372 5278 1486 5326 unum
1497 5251 1648 5346 aliquod
1673 5250 1870 5342 principale
1891 5258 2142 5336 argumentum,

61 5369 66 5442 j
134 5375 300 5445 feruntur
314 5371 469 5444 labores:
496 5383 535 5442 ut
550 5392 630 5440 cum
644 5368 685 5439 in
698 5369 853 5442 exercitu
867 5368 1017 5441 Davidis
1031 5391 1117 5438 con-
1166 5376 1208 5434 ut
1222 5361 1262 5429 in
1276 5358 1356 5430 aliis
1380 5354 1599 5427 carminibus
1623 5353 1759 5424 erudite
1781 5349 1949 5443 scriptis,
1984 5362 2021 5420 et
2042 5343 2143 5420 consi·

1217 4719 1401 4788 Miserere
1439 4715 1517 4783 snei
1549 4712 1674 4799 Dm,
1719 4702 1932 4778 secundum
1979 4717 2139 4801 cougnon

1216 4813 1523 4891 misericordium
1548 4820 1679 4902 tuam,
1713 4818 1784 4882 etc.
