4538 5754
13 269 155 375 *raas
647 262 713 344 1x.
766 258 1131 338 conuumanu
1167 259 1218 335 nv
1252 257 1495 345 essenos.
1974 249 2091 353 ,11⁶4

50 446 102 515 ita
117 443 312 515 sentiemus
336 462 403 512 nos
425 461 507 508 vere
525 436 696 508 vivificari
719 436 894 511 etiuvari.
946 432 1043 505 Haec
1196 429 1323 520 Qut!is
1350 432 1417 502 ⁸¹5¹
1432 428 1491 501 ¹¹5⁰
1507 435 1655 505 metm?
1687 430 1857 536 P⁰P¹¹lt¹⁸
1872 449 1957 514 lm
1972 469 2085 543 W·

47 545 217 616 exereitia
242 545 352 634 magis
374 543 555 611 illustrant
585 542 777 610 conciones
804 531 1043 636 propheticas,
1092 541 1288 602 lanearum
1304 529 1554 616 oblationum,
1581 537 1712 621 idest,
1738 536 1892 614 habebis.
1909 553 2082 640 populum

46 670 159 743 quam
175 647 273 737 longi
288 643 546 716 commentarii.
600 639 671 712 Sed
696 655 816 713 tamen
839 640 1042 711 iunioribus
1092 660 1166 706 non
1182 649 1342 705 coactum
1358 637 1487 725 gladio,
1512 640 1571 706 sed
1590 643 1698 712 verbo
1717 644 1917 731 collectum,
1938 664 1970 719 ct
1987 652 2081 723 laeto

46 763 260 839 ,rgumenta
275 761 311 819 et
324 742 471 838 phrasin
487 744 646 814 indicare
661 743 749 815 utile
768 757 831 817 est.
884 739 1041 811 Orditur
1090 739 1197 806 corde
1212 738 1482 830 amplectentem
1491 734 1728 829 Evangelium
1745 759 1778 815 et
1796 762 1829 817 te
1845 766 1971 839 sponte
1987 755 2078 823 cele-

45 862 168 920 antem
198 850 404 940 gravissime
435 871 453 914 a
482 846 747 937 propositione,
784 868 855 939 qua
884 843 1039 913 ostendit
1090 839 1267 912 brantem.
1318 835 1500 911 Discernit
1517 842 1626 930 igitur
1641 840 1835 938 Ecclesiam
1856 852 1901 919 ab
1919 852 2106 945 imperiis

41 953 146 1023 unde
165 952 208 1021 sit
228 947 286 1019 bic
305 975 365 1020 rex
382 963 417 1019 'et
436 941 503 1017 hoc
521 971 683 1036 regnum.
735 1009 745 1018 ,
1089 941 1292 1025 mundanis,
1318 954 1352 1010 et
1368 955 1547 1013 externam
1564 945 1769 1017 servitutem
1788 972 1807 1018 a
1825 951 1980 1023 cultibus
1998 981 2078 1029 cor·

149 1048 269 1122 Dixit
286 1047 495 1129 Dominus,
517 1051 553 1117 id
571 1063 640 1128 est,
664 1049 761 1119 Deus
781 1046 958 1119 immensa
982 1067 1035 1114 sa·
1084 1042 1144 1112 ,dis
1159 1043 1312 1111 accensis
1326 1067 1412 1113 voce
1430 1040 1613 1134 Evangelii
1630 1061 1660 1116 et
1679 1072 1697 1116 a
1718 1047 1855 1143 Spiritu
1873 1066 2004 1129 sancto.

44 1155 184 1248 pientia
202 1157 380 1223 decretum
397 1153 497 1235 fecit,
524 1164 558 1221 et
574 1152 610 1219 id
628 1149 747 1240 generi
768 1143 925 1219 humano
942 1160 1036 1238 pate·
1191 1139 1242 1220 ln
1259 1138 1318 1212 dit
1335 1142 1481 1214 virtutis
1497 1154 1600 1234 luat,
1626 1147 1664 1218 fd
1689 1165 1761 1242 ²⁵¹2
1788 1165 1948 1245 ίΕ’ΠΡΜ
1964 1150 2076 1231 litw-

44 1256 182 1326 lecitct
196 1255 454 1349 promulgavit,
481 1267 514 1322 et
529 1251 646 1321 sanxit
661 1266 701 1323 ut
714 1252 760 1321 sit
776 1264 892 1320 ratum
912 1263 947 1320 et
969 1250 1036 1316 im.
1087 1246 1160 1315 riae
1188 1260 1286 1330 tuae,
1312 1246 1368 1315 vel
1394 1248 1491 1336 regni
1515 1249 1648 1332 tui,'id
1672 1264 1742 1337 cst,
1769 1255 1852 1346 quia
1872 1259 1940 1328 eris
1962 1261 2076 1335 victor

45 1372 207 1442 motum,
241 1356 331 1426 sicut
354 1381 435 1425 mox
464 1355 581 1424 addit:
616 1353 754 1423 iuravit
776 1351 883 1421 Deus.
908 1349 965 1422 ‘Et
988 1350 1037 1420 sic
1085 1349 1264 1418 sustinens
1284 1371 1435 1438 poenam
1463 1373 1526 1440 pro
1546 1373 1672 1439 genere
1699 1349 1875 1444 humano,
1902 1373 1937 1431 et
1968 1369 2073 1456 supe-

42 1459 185 1551 colligit
206 1458 275 1528 sibi
297 1472 475 1527 aeternam
493 1454 687 1526 Ecclesiam
713 1456 834 1524 dicens
853 1453 891 1521 in
909 1476 1037 1542 genere
1087 1449 1356 1520 rabismortem.
1409 1449 1462 1520 Ac
1479 1452 1650 1523 tribuitur
1668 1455 1731 1523 tibi
1754 1453 1953 1531 haereditas
1967 1463 2074 1555 inge-

38 1557 207 1632 humano
222 1555 314 1629 hanc
328 1557 599 1649 promissionem
615 1554 774 1639 deFilio‚
790 1550 855 1625 hac
862 1578 948 1625 voce
962 1555 1033 1623 dis-
1086 1573 1170 1619 nere
1186 1544 1363 1635 humano,
1389 1567 1429 1623 ut
1444 1548 1572 1622 habeas
1587 1553 1799 1644 Ecclesiam,
1826 1585 1915 1654 quac
1928 1583 2076 1659 propter

45 1663 165 1733 mni,
181 1659 374 1731 gedam„
391 1683 409 1729 a
425 1659 600 1750 gompho,
1086 1665 1138 1737 te,
1162 1665 1220 1722 tua
1239 1653 1403 1737 victoria,
1430 1667 1464 1723 et
1486 1667 1519 1725 te
1543 1669 1705 1726 servante
1722 1660 1789 1731 erit
1804 1664 1912 1738 salva.

96 1785 99 1789 .
148 1758 319 1831 Domino
341 1769 430 1833 meo,
471 1759 540 1831 Hic
566 1758 730 1830 nominat
758 1780 874 1847 regem
897 1760 942 1827 de
965 1782 1035 1851 quo
1188 1748 1238 1823 In
1255 1749 1451 1848 splendore
1468 1765 1617 1838 sancto,
1644 1758 1680 1827 id
1700 1773 1768 1846 est,
1794 1762 1833 1831 in
1857 1768 1985 1839 vestitu
2010 1781 2104 1843 seu'

46 1867 228 1936 gemtum
253 1886 403 1956 „quem
425 1864 556 1932 factum
580 1875 648 1940 est,
675 1861 896 1949 intelligatur
915 1874 1034 1930 autem
1086 1867 1215 1925 ornatu
1237 1869 1378 1940 sancto,
1413 1855 1449 1926 id
1476 1872 1544 1944 est,
1578 1855 1636 1928 hic
1668 1863 1974 1951 populusollerct
2003 1874 2071 1943 tibi

45 1965 248 2049 Dominus,
278 1967 375 2033 solus
407 1959 464 2032 hic
480 1962 630 2032 Messias
657 1964 719 2055 qui
751 1975 804 2031 est
829 1958 1035 2040 FiliusDci,
1085 1971 1295 2048 spontaneas
1311 1958 1511 2029 oblationes
1534 1960 1572 2029 in
1593 1963 1721 2033 vestitu
1738 1968 1957 2042 sacerdotali.
2011 1973 2073 2044 Pi-

45 2068 249 2139 ,bolitnrns
267 2080 447 2157 peccatum
464 2080 498 2135 et
513 2079 675 2147 mortem,
699 2079 733 2132 et
748 2064 954 2132 redditurus
970 2086 1034 2131 no·
1085 2073 1183 2128 ctura
1206 2071 1259 2129 est
1281 2061 1412 2128 summi
1434 2064 1563 2162 gradm
1586 2062 1679 2134 inter
1707 2060 1890 2154 homines,
1916 2087 1955 2142 ut
1975 2097 2073 2145 sum-

45 2172 105 2242 δὴ
119 2168 296 2240 iusticiam
314 2183 348 2239 et
362 2167 471 2238 vitam
487 2179 677 2235 aeternam.
730 2161 799 2232 Hic
820 2177 872 2234 est
888 2164 1035 2234 Davidis
1083 2183 1163 2228 mus
1186 2162 1350 2230 sacerdos
1371 2177 1519 2233 ornatus
1548 2164 1617 2234 fuit
1643 2165 1815 2255 singulari
1847 2182 1881 2239 et
1906 2176 2071 2250 mirando

44 2269 244 2352 Dominus,
280 2269 418 2338 etiamsi
448 2291 490 2337 cx
526 2268 602 2338 eius
634 2267 833 2356 posteritate
861 2278 1034 2343 nascetur,
1085 2261 1204 2346 modo,
1228 2259 1704 2356 ittplnssitbuncpopuluffl
1723 2268 1760 2336 3¹¹
1777 2265 1994 2346 h⁰t⁸tt¹¹¹ffl⁰
2011 2304 2072 2350 ⁰r·
2134 2308 2137 2313 '

16 2448 19 2453 ,
47 2376 108 2443 sed
128 2374 195 2442 scit
210 2367 327 2439 David
351 2394 433 2438 enm
451 2392 524 2437 esse
540 2367 674 2439 Filium
689 2363 755 2434 Dei
771 2380 974 2451 aeternum,
1001 2381 1031 2435 et
1084 2375 1182 2446 natu,
1207 2363 1408 2451 significans
1423 2362 1736 2438 solamEcclesiam
1756 2395 1829 2440 esse
1847 2377 2072 2468 praecipuam

46 2476 123 2545 iam
150 2495 224 2542 esse
251 2473 433 2542 custodem
456 2467 652 2548 Ecclesiae,
687 2458 874 2557 sicutipse
899 2469 1033 2560 inquit:
1083 2478 1218 2554 partem
1233 2465 1371 2554 generis
1384 2467 1556 2553 hnmani,
1582 2482 1617 2538 et
1630 2494 1711 2542 vere
1728 2475 1906 2560 peculium
1923 2477 2013 2565 Dei,
2039 2497 2074 2554 et

45 2568 444 2668 AmquamAbmham
458 2585 646 2655 mmm,
672 2592 841 2660 08⁰⁸¹¹¹¹¹⁰
879 2567 1033 2639 Etpaal.
1083 2567 1301 2652 sacerdotes,
1326 2568 1418 2641 sicut
1431 2565 1554 2642 Esaias
1569 2571 1701 2664 inquit:
1736 2572 1808 2643 Vos
1826 2592 2073 2654 autemsaccr-

45 2669 655 2762 molla'Antesolemestgenitum
667 2670 894 2743 nomenoius.
918 2667 1033 2742 Ethic
1083 2667 1183 2738 dotes
1212 2667 1361 2738 Domini
1393 2672 1621 2746 vocabimini.
1671 2673 1924 2768 Principaliter
1954 2672 2072 2758 autem

46 2778 125 2868 ipse
141 2773 292 2847 Messias
307 2789 427 2865 postea
443 2789 547 2845 natus
562 2799 604 2844 ex
618 2774 774 2862 virgine,
800 2785 851 2843 est
858 2771 1033 2843 Dominus
1084 2763 1143 2837 bic
1160 2782 1307 2840 ornatus
1323 2773 1496 2859 significat
1512 2774 1749 2845 ministerium
1759 2777 1965 2871 Evangelii,
1987 2812 2073 2857 con-

45 2874 218 2962 Davidis,
241 2890 277 2947 et
301 2878 382 2969 quia
405 2889 533 2947 natura
558 2873 655 2947 Deus
677 2888 746 2958 est,
781 2887 815 2944 et
836 2877 919 2967 quia
948 2868 1033 2945 haec
1083 2869 1292 2956 sessionem,
1327 2873 1578 2960 afflictionem,
1608 2899 1649 2944 ac
1672 2878 1801 2947 deinde
1831 2885 1950 2954 omnia
1977 2886 2072 2963 dona

38 3000 199 3072 persona
230 2978 380 3047 exaltata
414 2991 466 3047 est
497 3000 604 3070 supra
631 2999 755 3047 omnes
781 2989 976 3061 creaturas,
1001 2992 1031 3046 et
1084 2970 1239 3063 Spiritus
1259 2974 1370 3045 sancti
1394 2988 1430 3047 et
1445 2976 1647 3048 testimonia
1664 2973 1861 3070 Evangelii.
1915 2985 1961 3059 Ut
1974 2987 2070 3062 Pan·

39 3094 194 3174 ssope„
213 3102 289 3148 eam
312 3101 378 3148 nos
395 3079 608 3169 recipimur,
627 3091 663 3148 et
686 3091 831 3168 propter
854 3100 931 3146 eam
951 3079 1034 3148 red·
1083 3073 1141 3144 lus
1167 3075 1416 3147 circumferens
1445 3073 1702 3174 Evangelium,
1740 3083 1899 3155 obiectus
1938 3090 2071 3178 hestiis,

47 3184 185 3254 duntur
208 3180 314 3249 nobis
329 3180 466 3251 iusticia
483 3193 517 3250 et
535 3182 605 3252 vita
620 3193 772 3250 aeterna.
1083 3175 1272 3258 liberatus,
1297 3177 1507 3250 resuscitans
1522 3195 1699 3267 mortuos,
1731 3198 1782 3253 est
1799 3186 1878 3255 talis
1901 3197 2072 3282 sacerdos,

148 3280 321 3374 Sequitur
335 3283 514 3351 decretum
530 3285 574 3352 de
591 3304 718 3371 reguo:
745 3275 838 3350 Sede
854 3306 877 3349 a
891 3275 1033 3351 dextris
1083 3277 1144 3347 illa
1161 3302 1264 3347 aurea
1285 3273 1471 3374 chlamyde
1494 3296 1651 3352 ornatus.
1703 3281 1976 3362 Meminerimus
2002 3295 2070 3385 igi-

51 3381 159 3470 msis,
192 3384 324 3467 idest,
357 3397 504 3472 regnato
534 3407 672 3454 mecum
706 3382 829 3452 divina
861 3384 1051 3474 potentia.
1083 3392 1143 3450 tur
1162 3374 1221 3449 hic
1234 3381 1423 3472 significari
1439 3408 1541 3453 veros
1557 3383 1746 3456 cultusDei
1767 3389 1828 3480 qui
1844 3406 1928 3462 sunt
1944 3395 1982 3463 in
1996 3399 2070 3469 sola

48 3484 116 3558 llic
132 3485 283 3557 affirmat
299 3508 447 3574 regnum
463 3483 705 3555 Messiaenon
720 3485 796 3554 iore
812 3487 1030 3555 mundanam
1083 3482 1264 3563 Ecclesia,
1291 3483 1423 3555 scilicet
1443 3486 1679 3557 ministerium
1703 3483 1911 3581 Evangelii,
1933 3500 2072 3570 confes.-

42 3587 227 3682 politiam,
258 3588 320 3657 scd
354 3586 474 3656 divina
507 3587 662 3677 potentia
692 3587 925 3657 liberaturum
958 3611 1031 3657 esse
1083 3585 1240 3669 sionem,
1281 3584 1509 3671 afflictiones,
1530 3672 1532 3676 μ
1551 3588 1831 3678 invocationem,
1878 3599 2072 3682 gratiarum

48 3686 241 3766 Ecclesiam
267 3688 451 3758 asummis
469 3689 591 3774 malis,
616 3712 637 3756 a
659 3703 798 3778 peccato
821 3702 855 3757 ct
878 3713 898 3758 a
918 3703 1032 3760 morte
1084 3686 1279 3771 actionem,
1313 3700 1347 3756 et
1370 3701 1506 3758 caetera
1529 3692 1623 3759 dona
1646 3688 1802 3782 Spiritus
1822 3699 1932 3768 sancti
1957 3715 1992 3773 et
2019 3718 2071 3775 te-

46 3805 210 3875 ncteros,
235 3791 331 3884 quod
348 3790 445 3859 nulla
464 3805 623 3861 creatura
637 3791 750 3860 iacere
766 3802 889 3881 potest.
1082 3787 1249 3860 stimonia
1264 3783 1461 3878 Evangelii.

147 3888 279 3961 Donec
292 3915 430 3988 ponam
454 3889 623 3962 inimicos
642 3899 724 3962 tuos
747 3887 949 3962 scabellum
970 3914 1030 3987 pe·
1184 3885 1255 3958 Ex
1278 3896 1378 3959 utero
1399 3912 1508 3960 mane
1531 3889 1624 3961 venit
1649 3888 1721 3963 tibi
1736 3919 1802 3967 ‚ros
1820 3902 2071 3992 generationis

50 3989 316 4079 dominorum,
340 3996 466 4064 idest:
500 4009 540 4064 ut
562 3995 628 4065 tibi
651 3993 836 4063 subiiciam
859 3995 1032 4079 diabolos,
1084 3997 1179 4061 tuae.
1230 3988 1340 4063 Redit
1355 3995 1398 4062 ad
1423 4016 1594 4085 personae
1614 3997 1908 4089 descriptionem,
1944 4004 2071 4095 Quan-

48 4111 221 4168 ctomnes
236 4091 352 4166 hostes
371 4110 461 4185 tuos,
489 4109 523 4165 et
542 4096 666 4165 malea
685 4095 829 4165 diabolo
845 4109 933 4182 orta,
951 4121 1029 4186 pec·
1084 4117 1190 4188 quam
1214 4117 1287 4162 non
1313 4090 1535 4185 reprebendo
1557 4096 1710 4174 aliorum
1726 4101 2072 4197 interpretationem,

46 4213 134 4283 eata,
152 4209 323 4282 mortem,
345 4197 537 4283 etinferos.
570 4193 666 4266 Haec
684 4197 804 4266 omnia
819 4199 958 4267 domari
975 4199 1030 4268 di·
1084 4210 1203 4267 tamen
1235 4196 1318 4288 quia
1349 4221 1507 4288 expresse
1538 4194 1580 4269 fit
1609 4201 1740 4270 mentio
1764 4205 1874 4288 uteri,
1908 4208 2071 4284 existimo

47 4300 131 4371 vina
147 4299 304 4391 potentia
319 4299 489 4387 affirmat,
516 4301 698 4391 inquiens:
725 4295 779 4370 Ut
796 4321 947 4393 ponam.
1083 4295 1257 4368 Davidem
1272 4296 1402 4369 intueri
1419 4299 1671 4391 promissiones
1685 4302 1830 4391 priores,
1848 4304 1978 4378 Semen
1990 4336 2071 4384 mu-

152 4396 316 4496 Virgam
337 4398 483 4471 virtutis
506 4409 590 4470 tuae
614 4402 746 4472 emittet
767 4397 958 4471 Dominus
986 4423 1033 4471 ex
1084 4399 1182 4471 lieris
1212 4400 1435 4472 conculcabit
1465 4415 1569 4491 caput
1592 4405 1774 4493 serpentis.
1825 4404 1925 4481 Sicut
1952 4428 2072 4503 postea

37 4500 172 4592 Zion,
194 4503 317 4588 idest,
338 4517 514 4594 sceptrum
531 4503 631 4593 regni
655 4505 709 4575 tui
733 4504 971 4601 conspicietur
994 4504 1030 4572 in
1084 4497 1207 4572 Esaias
1220 4501 1353 4594 inquit:
1381 4498 1473 4579 Ecce
1488 4503 1587 4591 virgo
1612 4516 1662 4573 est
1679 4506 1837 4595 gravida.
1890 4509 2013 4606 ltaque
2037 4532 2072 4590 et

45 4606 158 4692 Zion,
188 4606 242 4676 ibi
262 4620 427 4676 cernetur
455 4606 567 4676 oculis
587 4601 773 4676 hominum
812 4618 847 4676 et
869 4607 1033 4676 audietur
1084 4599 1180 4677 bunc
1198 4604 1411 4674 versiculum
1428 4605 1643 4697 interpretor
1657 4608 1700 4675 de
1723 4610 1908 4684 nativitate
1933 4640 1973 4685 ex
1997 4620 2072 4690 vir-

44 4705 107 4781 ffie
129 4730 209 4789 m,
244 4721 280 4778 et
302 4707 388 4777 inde
409 4721 604 4799 sceptrum,
631 4708 666 4777 id
691 4721 761 4788 est,
795 4703 1029 4798 Evangelium
1083 4707 1184 4797 gine,
1218 4706 1334 4778 veniet
1355 4731 1397 4776 ex
1417 4721 1519 4777 utero
1545 4706 1713 4791 Messias,
1745 4711 1910 4788 videlicet
1932 4740 1974 4791 ex
1998 4724 2073 4792 vir·

44 4809 208 4883 mittetur
223 4810 268 4879 sd
293 4833 418 4885 omnes
434 4823 565 4899 gentes.
617 4808 676 4881 Fit
700 4811 770 4881 loci
791 4811 926 4881 mentio
949 4809 1032 4904 qnia
1084 4809 1186 4898 gine,
1211 4809 1273 4876 sed
1298 4808 1336 4877 in
1360 4809 1421 4878 illa
1437 4809 1485 4879 ita
1510 4809 1750 4901 concipietur,
1777 4827 1899 4888 utros
1924 4827 2071 4899 matuti-

44 4909 144 4983 Deus
167 4910 283 4982 voluit
303 4926 400 4984 certo
424 4911 507 4982 sciri
528 4913 646 4984 locum
671 4927 705 4983 et
728 4926 883 5003 tempus,
909 4913 973 4981 ubi
1000 4926 1031 4981 et
1084 4933 1172 4994 nus,
1197 4908 1326 4995 idest,
1352 4934 1427 4986 non
1447 4923 1612 4980 nascetur
1633 4936 1675 4982 ex
1699 4914 1797 4984 virili
1819 4921 1971 5010 semine,
2007 4931 2070 4999 sed
2146 4990 2153 5001 κ

32 5015 192 5109 quondo
215 5011 384 5084 Messinm
406 5015 580 5085 missurus
601 5029 699 5086 esset.
750 5014 819 5087 Sed
844 5015 948 5107 quale
975 5037 1032 5084 re·
1084 5027 1125 5083 ut
1147 5034 1206 5082 ros
1229 5013 1388 5082 coelestis
1411 5011 1526 5083 Filius
1540 5010 1606 5082 Dei
1627 5016 1672 5083 de
1695 5018 1794 5088 coelo
1809 5022 1935 5095 missus
1952 5032 2074 5101 conci-

30 5134 157 5207 ·gnnm
177 5115 264 5199 erit,
291 5138 416 5186 omnes
440 5140 485 5186 ne
507 5112 807 5188 huncdominum
833 5128 1035 5187 reverenter
1086 5117 1202 5206 pietur
1222 5114 1261 5183 in
1285 5127 1385 5184 utero
1403 5114 1563 5204 virginis,
1615 5117 1669 5186 Ac
1694 5120 1897 5193 dulcissima
1919 5128 2074 5221 imagine

31 5216 247 5311 excipient?
296 5217 549 5313 Nequaquam,
583 5221 644 5290 sed
669 5219 762 5288 inter
782 5218 946 5290 inimicos
969 5220 1036 5288 do·
1085 5218 1177 5288 roris
1202 5216 1411 5302 significavit
1442 5216 1540 5289 illam
1572 5219 1771 5295 mirandam
1806 5231 2073 5318 conceptionem

32 5319 261 5404 minabitur,
291 5321 398 5391 multi
423 5323 726 5411 adversabuntur,
748 5323 807 5391 sed
833 5335 950 5393 tamen
970 5316 1061 5423 lta·l
1088 5332 1123 5391 et
1157 5318 1421 5407 copulationem
1456 5318 1600 5391 divinae
1636 5337 1670 5390 et
1704 5318 1881 5397 humanae
1915 5345 2073 5407 naturae.
2151 5412 2156 5417 .

43 5421 145 5495 bebit
161 5435 300 5493 comum
316 5422 471 5514 aliquem
489 5425 806 5517 obtemperantem.
1056 5425 1061 5492 Ι
1085 5420 1269 5493 Praedicat
1292 5422 1402 5512 igitur
1429 5419 1497 5493 hoc
1528 5420 1740 5495 immensum
1763 5427 1984 5498 beneficium
1997 5434 2096 5507 De'x,

95 5526 274 5595 Mensura.
295 5527 399 5594 Orsa.
422 5529 505 5592 Vos.
523 5528 616 5598 Xlll.
1510 5520 1567 5594 'ld
