4538 5754
45 336 51 345 1
120 238 198 317 096
247 349 250 355 ι
718 231 845 310 PHlL.
872 231 992 311 Mtte.
1020 236 1233 318 SCRIPTA
1259 244 1565 331 exsuffles.
1643 262 1646 267 '

126 428 223 496 tum,
257 427 423 479 mansura
452 415 504 474 est
530 415 697 496 perpetua
721 405 863 478 vastitas
888 421 922 478 et
945 408 1113 486 solitudo.

126 513 319 606 Nunquam
342 505 575 578 sacerdotium
593 503 814 591 Leviticnm,
848 534 1031 602 nunquam
1055 539 1112 585 re·

128 638 241 707 gnum
254 623 315 683 aut
329 608 547 701 principatus
562 607 670 691 Iuda,
695 632 879 700 nunquam
896 612 1020 701 politia
1031 615 1114 685 Mo-

129 718 240 800 saica,
281 733 464 804 nonquam
498 708 622 779 civitas
655 707 870 804 lerosolyma
899 715 1112 787 restituetur.

131 818 202 891 Sed
224 828 264 886 ut
287 808 401 884 Oseas
425 810 562 903 inquit,
588 810 755 901 deinceps
777 810 910 883 Gentes
933 819 1114 889 vocabun-
1269 793 1311 864 ld
1341 809 1412 881 ‘⁸²’
1445 795 1626 872 P⁰⁵¹f⁹¹¹¹³
1659 800 1882 879 hebd⁰m³d⁰
1907 808 2030 902 Palam
2052 806 2140 883 effi·

129 935 191 989 tur
212 918 257 985 ad
283 913 483 985 societatem
507 913 629 1003 populi
646 908 732 997 Dei,
757 909 945 1009 Eruntqoo
961 921 1115 1011 populu,
1167 908 1241 965 stus
1266 890 1502 1015 livangeliom
1535 906 1771 994 praedicabit,
1803 910 1910 983 addet
1943 912 2140 998 testimonia,

129 1018 216 1102 Dei,
239 1037 380 1098 omnes,
405 1010 714 1103 quiEvangelium
729 1013 880 1086 Messias
898 1022 1115 1112 amplecten-
1167 997 1308 1116 '⁰⁰f'b't
1335 1000 1467 1073 m⁰¹i⁰⁵
1491 1006 1534 1073 δᾶ
1558 1001 1791 1098 Evindilium
1818 1025 1852 1082 ΕΙ
1876 1012 1972 1083 Vim
1997 1027 2140 1085 otitmtt

129 1137 206 1202 pur,
233 1113 730 1188 utssom,9,et10,dicttup‚
1167 1112 1388 1184 societatem,
1419 1103 1478 1176 fiet
1502 1106 1663 1194 victima,
1695 1127 1730 1183 et
1753 1113 1980 1185 resuscitatus
2004 1114 2140 1188 incoabit

230 1216 378 1290 Constat
400 1215 549 1288 ludaeos
572 1231 650 1308 post
666 1216 789 1287 Titum
806 1220 994 1311 aliquoties
1008 1246 1115 1293 oona.
1167 1223 1317 1318 regnum
1334 1217 1534 1297 aeternum,
1560 1213 1720 1282 ostendet
1738 1237 1774 1283 se
1789 1238 1862 1285 esse
1877 1218 2041 1286 datorem
2056 1218 2140 1287 iusti·

129 1338 186 1395 tos
209 1344 283 1391 osse
304 1342 404 1389 auam
427 1319 587 1410 politiam
609 1320 805 1395 restituere.
857 1324 934 1393 Sub
953 1311 1114 1395 Adriano
1168 1327 1241 1373 ⁰¹³¹²
1265 1318 1299 1373 ²²
1319 1304 1412 1375 vitae
1434 1321 1617 1397 ⁸⁰1⁰er
1644 1314 1760 1386 mittet
1774 1312 1971 1408 Apostolos
1994 1318 2140 1425 ad‘cotti·

131 1435 345 1496 convenerat
368 1420 561 1491 multitudo
586 1418 800 1491 ludaeorum
822 1426 983 1518 undique
1006 1428 1116 1497 colle-
1167 1406 1318 1494 8⁰¹¹de
1335 1402 1550 1497 Ecclffiitms
1576 1414 1728 1487 ‘mibi‘
1742 1441 1801 1486 ²⁰⁸
1818 1417 1960 1511 spirim
1977 1434 2104 1491 ΜΝ·

130 1542 206 1605 cta,
232 1538 265 1594 et
288 1522 434 1613 patriam
457 1522 564 1591 armis
583 1522 787 1594 invadebat:
813 1529 873 1594 sed
890 1528 936 1596 ab
953 1525 1115 1599 Adriano
1270 1518 1369 1592 Haec
1390 1523 1475 1596 fient
1497 1526 1537 1596 in
1561 1529 1747 1603 dimidiata
1768 1528 2015 1619 hebdomade,
2039 1536 2074 1607 id
2092 1549 2141 1619 “l

129 1626 317 1721 profligata
348 1636 383 1694 ει
410 1624 525 1693 deleta
554 1637 617 1695 est.
681 1622 807 1695 Postea
840 1625 1001 1699 lulianus
1031 1632 1116 1701 odio
1169 1646 1243 1692 non
1264 1624 1433 1695 consectis
1455 1630 1559 1698 annis
1581 1646 1725 1723 septem.
1767 1634 1857 1706 Nam
1879 1632 2055 1709 aChristi
2071 1638 2140 1729 hsp-

129 1725 327 1802 Christiani
343 1725 499 1795 nominis
513 1725 683 1796 concessit
698 1724 838 1799 ludaeis
852 1753 975 1801 rursus
989 1733 1115 1801 urbem
1168 1725 1273 1795 tismo
1296 1726 1342 1795 ad
1363 1732 1659 1802 resurrectionem
1680 1750 1764 1807 sunt
1783 1738 1870 1805 anni
1885 1751 1958 1808 tres
1975 1752 2011 1811 et
2023 1740 2140 1837 aliquot

130 1846 167 1902 es
187 1829 360 1919 temptum
382 1827 547 1896 condere.
599 1824 780 1898 incoatum
805 1844 980 1924 estopus,
1006 1834 1116 1903 cotta-
1168 1848 1317 1897 menses·
1380 1828 1528 1903 Accedit
1560 1846 1594 1905 et
1622 1849 1761 1928 tempus
1783 1836 2030 1925 Pentecoste,
2064 1841 2141 1912 iona

130 1948 185 2005 cta
215 1929 351 2020 ingenti
370 1929 537 2020 pecunia:
579 1930 640 1998 sed
661 1942 774 2000 terrae
796 1946 895 2004 motu
919 1936 1116 2008 aedificatio
1169 1922 1238 1998 hoc
1259 1941 1398 2023 tempus
1424 1948 1564 2020 pactum
1586 1938 1831 2010 confirmatum
1854 1955 1925 2027 est,
1948 1942 2075 2028 idest,
2096 1966 2141 2011 rs·

129 2034 298 2125 impedita
322 2044 392 2111 est,
418 2044 453 2102 et
469 2052 596 2120 magua
612 2031 804 2103 multitudo
819 2029 1007 2105 hominum
1024 2037 1117 2106 taxis
1168 2024 1304 2099 hibitae
1323 2046 1405 2104 sont
1422 2035 1675 2123 promissiones
1693 2043 1778 2111 novi
1794 2040 2036 2129 Testamenti,
2058 2067 2142 2136 prse-

129 2152 166 2208 et
182 2134 373 2205 ruderibus
387 2132 558 2226 quassatis
573 2156 738 2225 oppressa
753 2148 816 2209 est.
866 2136 995 2209 Narrat
1010 2139 1116 2208 etiarn
1169 2131 1325 2201 dicatum
1350 2129 1585 2223 Evangetium
1615 2143 1661 2209 de
1688 2143 1896 2214 remissione
1922 2159 2142 2236 peccatorum.

129 2237 373 2309 Nazianzenus
396 2234 526 2324 passim
549 2234 706 2305 vestibus
720 2236 845 2328 populi
861 2237 989 2327 figuras
1003 2241 1117 2311 erucis
1170 2229 1285 2302 Filius
1305 2231 1375 2305 Dei
1394 2236 1506 2307 iactus
1527 2254 1578 2311 est
1599 2242 1761 2324 victima,
1786 2245 2015 2317 resuscitatus
2038 2247 2143 2336 incoq-

129 2340 333 2433 prodigiose
349 2338 536 2426 impressas
553 2358 637 2404 esse.
686 2333 976 2429 Absterritiergo
994 2339 1118 2412 ludaei
1170 2334 1221 2402 vit
1252 2356 1401 2423 rognum
1431 2352 1636 2424 oeternum,
1677 2346 1775 2415 mitit
1804 2344 2020 2436 Apostolos.
2060 2346 2142 2418 dedii

131 2441 341 2512 coelestibus
355 2437 466 2526 signis
479 2437 658 2504 incoatum
673 2461 762 2529 opus
778 2439 1011 2533 reliquerunt,
1034 2443 1117 2537 quia
1169 2431 1344 2527 Spiritum
1382 2452 1562 2522 Sentium,
1606 2446 1721 2535 coepit
1758 2447 1924 2535 colligtte
1962 2446 2142 2519 Ettlttittss

129 2541 228 2614 Deus
259 2539 434 2621 decrevit,
477 2559 522 2604 oe
553 2535 677 2625 politia
708 2535 851 2610 Iudaica
883 2544 1117 2618 restistuatur.
1170 2559 1275 2627 quaro
1292 2539 1502 2626 sanctificat,
1528 2545 1721 2631 guthemae,
1748 2562 1781 2617 ot
1796 2550 1997 2618 <tonaturus
2011 2567 2064 2623 est
2077 2550 2141 2625 vita.

129 2642 222 2713 Vult
247 2638 402 2729 conspici
432 2635 630 2727 exemplum
654 2638 726 2708 irae
748 2640 792 2709 ab
813 2643 981 2713 omnibus
1003 2646 1117 2733 genti.
1168 2635 1265 2720 luce,
1308 2640 1465 2727 iusticia,
1507 2644 1620 2733 gloria
1653 2663 1804 2720 aeterna.
1880 2647 1981 2720 Haec
2014 2650 2141 2742 propria

128 2746 215 2828 bnt,
248 2743 343 2833 quod
365 2738 449 2814 Filii
481 2751 698 2810 contemtum
721 2735 957 2817 horribilibus
979 2747 1117 2837 suppli.
1170 2733 1306 2809 Christi
1335 2764 1441 2833 opera
1471 2758 1507 2815 et
1531 2746 1700 2819 beneficia
1725 2763 1827 2821 vocat
1851 2752 2140 2825 confirmationem

130 2846 194 2915 ciis
227 2843 364 2934 puniat.
420 2839 509 2914 Vult
535 2841 641 2911 etiam
663 2843 836 2933 sepultam
860 2869 936 2916 esse
956 2847 1117 2938 politiam
1169 2841 1284 2932 pacti,
1309 2840 1345 2911 id
1370 2855 1438 2929 est,
1464 2841 1718 2920 exhibitionem
1744 2852 2045 2945 promissionum,
2070 2874 2140 2947 qnae

131 2946 258 3031 Moisi,
285 2969 330 3013 ne
344 2944 573 3015 confirmetur
586 2943 709 3031 opinio
723 2946 768 3014 de
782 2949 1011 3019 ceremoniis:
1037 2947 1116 3021 Ho·
1170 2955 1253 3010 sunt
1280 2945 1391 3013 factae
1420 2947 1465 3014 ad
1487 2945 1609 3021 Patres
1636 2966 1671 3021 ει
1695 2949 1908 3041 Prophetas,
1951 2957 2045 3026 sient
2065 2951 2138 3045 apud

130 3050 246 3125 mines
261 3047 336 3135 lege
350 3070 410 3117 seu
427 3045 636 3116 ceremoniis
651 3044 762 3117 iustos
778 3070 863 3121 esse.
1171 3041 1356 3114 Ieremiam
1382 3044 1515 3117 dicitnr
1535 3072 1613 3140 csp.
1628 3055 1707 3123 hb:
1734 3052 1827 3123 Ecce
1843 3056 1920 3124 dies
1936 3050 2098 3138 venient,
2117 3064 2139 3120 et

1169 3144 1295 3213 feriam
1324 3169 1404 3215 cnm
1434 3149 1543 3219 domo
1567 3151 1677 3223 lsraia'l
1707 3171 1849 3243 parturn
1875 3180 2034 3244 novum,
2066 3156 2138 3225 dabo

1171 3246 1282 3335 legem
1294 3270 1409 3317 meam
1422 3248 1461 3317 in
1474 3253 1581 3322 corda
1593 3277 1728 3340 eorum,
1756 3255 2123 3330 eroDeuseornmetc.

1272 3364 1327 3434 De
1349 3361 1418 3435 hoc
1438 3367 1516 3458 ipso
1537 3372 1698 3456 foedere,
1723 3378 1818 3468 quod
1836 3377 1873 3444 in
1892 3373 2080 3469 Prophetis
2093 3396 2137 3442 co-

232 3451 347 3526 Addit
361 3452 634 3524 declarationem
647 3455 822 3544 superiori
833 3458 1008 3545 concioni,
1034 3460 1117 3553 quia
1170 3467 1269 3558 pinse
1299 3468 1531 3557 describitur,
1566 3471 1743 3563 Angelum
1766 3478 1866 3570 loqui
1887 3474 1985 3549 nibil
2008 3477 2137 3550 dobinn

128 3583 205 3631 non
226 3556 310 3627 satis
334 3569 386 3624 est
409 3557 454 3624 de
474 3569 588 3626 morte
606 3550 743 3626 Christi
759 3570 795 3626 et
811 3559 854 3627 de
871 3560 978 3630 exitio
994 3562 1118 3652 populi
1171 3581 1235 3654 est,
1261 3592 1341 3639 enm
1357 3570 1423 3639 ait:
1450 3571 1685 3647 confirmabit
1701 3588 1841 3670 pactum
1854 3603 1916 3650 seu
1931 3581 2057 3652 foedus
2065 3575 2136 3647 mni

129 3664 258 3732 dicere.
298 3653 475 3728 Addenda
499 3671 582 3728 sunt
596 3657 702 3729 etiam
720 3659 920 3729 testimonia
937 3663 982 3731 de
1000 3686 1118 3734 usur-
1169 3670 1225 3741 tis.
1286 3668 1360 3739 lam
1382 3671 1463 3761 pius
1486 3674 1596 3744 lector
1618 3680 1891 3766 promissionem
1916 3678 2136 3772 Evangeliiet

129 3764 305 3844 rectione,
331 3760 376 3828 de
400 3780 509 3848 regno
526 3774 562 3829 et
576 3760 621 3829 de
635 3759 815 3830 beneficiis
829 3758 974 3836 Christi.
1022 3763 1117 3835 trem
1169 3774 1264 3841 vitae
1286 3782 1446 3841 aeternae
1469 3776 1587 3846 datam
1611 3777 1695 3848 inde
1712 3805 1822 3874 usquo
1838 3784 1882 3851 ab
1899 3783 2008 3854 initio
2020 3780 2136 3870 cogitet,

130 3869 175 3935 de
201 3860 362 3955 reliquiis
385 3860 529 3952 populi,
561 3885 653 3953 quae
677 3861 893 3948 liberantur,
926 3863 1017 3938 sicut
1038 3890 1118 3937 cae-
1169 3886 1209 3944 ut
1225 3873 1395 3942 beneficia
1409 3871 1494 3944 Filii
1510 3873 1577 3945 Dei
1593 3879 1782 3970 diligenter
1796 3895 1936 3972 reputet
1954 3885 2082 3963 animo,
2106 3889 2135 3945 tt

129 3967 197 4037 teri
222 3956 421 4054 Prophetae
441 3961 699 4052 promiserunt,
723 3977 764 4033 ut
779 3961 904 4036 Esaias
923 3967 990 4036 ait:
1013 3964 1117 4038 Reli·
1170 3986 1336 4063 agnoscat
1359 3987 1393 4044 et
1416 4000 1498 4045 vere
1521 3978 1663 4053 invocet
1684 3977 1781 4054 hunc
1797 3982 1992 4073 Messinm,
2014 4000 2047 4058 et
2061 3974 2155 4089 mi

131 4068 233 4167 quias
254 4065 369 4134 salvas
391 4063 485 4146 fore,
519 4057 587 4132 hoc
608 4076 678 4149 est,
711 4089 784 4134 non
809 4066 1009 4157 pontifices,
1042 4093 1117 4141 non
1170 4075 1797 4168 ratiooopefpumdompafmamr·

129 4168 328 4262 principes,
368 4187 443 4234 non
473 4162 585 4235 rohur
613 4164 758 4258 populi,
789 4169 849 4237 sed
880 4182 1019 4239 coctum
1045 4170 1118 4241 exi.

129 4297 237 4365 guum
257 4285 292 4341 et
309 4281 475 4361 spretum.

231 4366 451 4443 Cohorresco
466 4369 609 4438 intuens
624 4363 694 4440 hoc
707 4383 779 4440 tam
794 4369 893 4442 triste
906 4374 1118 4465 exemplum,

123 4473 205 4555 ,Cur
223 4473 422 4564 gloriantur
443 4471 555 4540 nostri
572 4471 755 4561 pontifices
771 4495 808 4543 se
821 4495 896 4543 esse
912 4470 1118 4564 Ecclesiam,

124 4572 205 4651 *non
227 4596 329 4664 posse
344 4594 489 4665 prorsus
503 4570 609 4642 obiici
626 4593 728 4641 suum
746 4572 911 4643 coenon?
958 4572 1036 4647 Cur
1052 4600 1117 4648 nos
1272 4558 1309 4634 0
1330 4565 1431 4637 “3⁸¹⁰
1451 4569 1679 4656 vaticinium,
1712 4573 1847 4644 tristem
1871 4596 1998 4645 t⁰⁰2m
2019 4569 2136 4648 indoti

130 4676 342 4747 confidimus
371 4687 516 4765 propter
541 4672 792 4764 professionem
816 4696 890 4746 esse
911 4674 1004 4748 filios
1025 4676 1119 4751 Dei?
1170 4665 1418 4755 iss¹¹⁰¹⁸¹¹iib¹¹⁸
1433 4664 1689 4762 Evtsssstlitlffls
1714 4686 1749 4744 tt
1770 4675 2036 4749 admirantibus
2053 4689 2137 4769 atqut

127 4777 172 4852 Si
190 4800 265 4849 non
279 4775 437 4870 pepercit
449 4776 550 4847 Deus
563 4777 713 4866 posteris
727 4770 894 4849 Abrahae
907 4790 944 4849 et
956 4776 1117 4874 Prophe·
1169 4767 1372 4840 montibus
1394 4793 1475 4841 tots
1494 4775 1734 4862 ceremonias,
1760 4788 1795 4847 et
1816 4775 1908 4849 ritus
1927 4778 2137 4868 pulcerrime

129 4894 249 4951 tarum
280 4892 314 4949 et
343 4877 516 4957 aliorum,
549 4877 612 4969 qui
643 4900 699 4947 res
728 4879 897 4951 maximas
918 4899 1117 4972 pessemnt:
1169 4865 1285 4941 aDeo
1307 4872 1682 4959 itfldffltt‘itfflwrttm
1695 4872 1959 4968 prophetorum
1975 4894 2012 4952 et
2026 4882 2137 4953 duct·

128 4982 216 5074 qnid
240 4981 299 5053 liet
319 4983 365 5055 de
388 4979 521 5051 nostris
536 4978 778 5072 pontificibus,
805 4979 1117 5075 qniEvanqelinm
1170 4974 1704 5066 consuetudinecomprobatos.
1729 4979 1902 5048 Amemus
1918 4982 2018 5051 enim
2028 4980 2154 5091 pauitt

129 5082 390 5155 contemnunt?
442 5078 542 5169 Quid
568 5082 613 5152 de
637 5083 761 5167 nobis,
802 5084 833 5155 si
852 5080 1118 5175 indulgebimus
1169 5095 1305 5158 ¹¹¹⁰st⁸s
1328 5086 1367 5145 ²2
1383 5077 1834 5164 stifef‘tiffltssffltrtiiti
1849 5083 2079 5156 acdamnari.
2152 5098 2154 5179 i

127 5185 247 5276 pravis
275 5183 548 5276 cupiditatibus,
590 5184 801 5269 ambitioni,
842 5185 967 5268 livori,
1000 5189 1117 5257 avari·
1272 5189 1344 5263 Sed
1366 5188 1511 5264 Danieli
1540 5211 1575 5267 et
1600 5197 1668 5288 piis
1689 5197 1975 5288 intelligentibus
1995 5198 2154 5293 ttvante*

125 5287 221 5368 eise,
244 5287 372 5373 lurni,
390 5298 425 5358 et
447 5297 586 5357 tanturn
612 5298 757 5376 psopter
780 5286 1034 5376 professionem
1058 5314 1116 5361 ar·
1169 5293 1259 5363 lium
1281 5291 1481 5383 gratissima
1502 5311 1555 5368 est
1576 5294 1664 5368 baec
1683 5323 1751 5369 vox
1766 5296 1917 5390 lineali,
1945 5326 2040 5397 quae
2054 5316 2139 5376 testa·

118 5390 332 5482 rogabimus
348 5387 454 5461 nobis
468 5398 658 5476 suturam
671 5382 1024 5507 lleelesiseutitulnns.
1057 5430 1063 5435 ·
1168 5408 1228 5466 tnr
1257 5394 1359 5487 peius'
1386 5399 1604 5495 ceremonias
1633 5400 1714 5471 illas
1740 5401 1853 5475 inisse
1872 5404 1976 5494 signs
1998 5420 2035 5480 et
2057 5410 2154 5523 typotl

221 3224 270 3293 Et
294 3212 531 3316 confirmabit
549 3222 709 3309 portum
728 3237 795 3290 seu
815 3226 1023 3297 testamen-

499 3326 582 3393 tum
602 3320 747 3393 multia.

1229 4312 1277 4383 ttt
1296 4315 1338 4385 irs
1357 4308 1517 4387 dimidio
1537 4310 1782 4391 heddomadis
1804 4341 1957 4394 cessare
1976 4318 2095 4418 furiet
2119 4342 2123 4349 ·

1424 4414 1589 4491 hostium
1607 4427 1645 4492 et
1663 4417 1900 4495 oblationem.
