4538 5754
97 229 122 301 τ
725 219 1403 327 ι,.οοιιειεετ,ιεεεεεειε.
1991 195 2067 312 us

95 402 243 471 iuvandi
264 421 370 470 causa
393 393 502 470 bomo
529 398 695 470 conditus
717 399 903 486 scribitur,
934 413 1033 472 ortos
1082 411 1145 469 tan
1162 397 1251 477 alios
1271 396 1343 467 alio
1364 395 1662 489 impellit,·illum
1680 399 1726 470 sd
1747 398 1916 473 libidines
1937 403 2063 488 carnis,

95 517 188 587 ster,
214 501 390 585 nutricio,
415 501 598 585 educatio,
612 501 781 592 ,breviter
800 525 924 572 omues
940 503 1033 572 vitae
1083 494 1181 570 hunc
1192 501 1237 568 ad
1252 500 1460 578 caederetc,
1476 498 1558 592 quia
1567 500 1778 591 cogitatione
1792 502 1910 596 aliqua
1924 527 1988 575 cor
2001 528 2062 576 oc·

96 604 269 674 castitates
282 606 328 675 ab
344 603 461 673 alieno
478 601 653 693 pracsidio
669 604 835 692 pendent.
874 598 923 673 Et
940 599 1033 673 banc
1083 612 1187 693 cupat
1202 601 1458 692 etc„princeps
1471 599 1567 669 enim
1588 602 1715 673 muudi
1729 615 1792 678 est.
1842 600 1891 675 Et
1904 604 2061 696 Aposto-

96 706 250 775 :ietatem
273 700 460 774 hominurn
484 702 688 794 magnifacit
712 702 887 774 Salomon
909 703 1032 775 Eccle-
1081 701 1140 772 lus
1160 702 1248 774 dicit
1269 725 1349 773 curn
1374 724 1555 772 excaecare
1582 705 1689 773 corda
1714 703 1997 791 incredulorum,
2021 720 2062 777 ut

96 818 142 881 st.
159 821 302 900 quarto:
337 804 377 875 si
397 826 492 874 uuus
512 804 696 885 ceciderit,
721 805 768 875 ab
780 805 892 875 altero
905 804 1032 875 fulcie-
1081 826 1157 873 nou
1172 803 1349 874 illucescat
1365 803 1415 873 cis
1431 803 1645 875 illuminatio
1661 800 1858 895 Evangelii.

96 932 119 977 ἐ
146 932 212 977 vae
224 908 310 989 soli,
336 905 513 998 quiscum
531 907 708 990 ceciderit,
733 901 931 995 nonhabet
946 908 1032 978 sub-
1184 903 1292 974 Vides
1320 903 1564 976 infidelitatem
1588 905 1742 997 primum
1767 922 1947 997 peccatum
1976 929 2062 994 csse,

96 1021 222 1079 *antem
237 1031 273 1077 se
289 1023 353 1079 etc.
407 1004 456 1077 Et
470 1008 508 1075 iu
525 1007 769 1097 corporalibus
782 1009 928 1101 quidem
947 1009 1031 1080 satis
1081 1005 1192 1077 credit
1207 1006 1336 1077 mulier
1351 1005 1512 1091 Satanae,
1537 1019 1706 1078 eteoccm
1721 1005 1789 1078 Dei
1803 1033 1867 1100 pro
1883 1033 1973 1080 vano
1989 1022 2061 1080 ter·

96 1125 212 1200 paret,
237 1108 316 1202 quis
332 1108 378 1179 sit
392 1122 540 1178 mutuus
555 1132 640 1179 usus
654 1103 840 1179 hominum
858 1111 953 1181 iuter
967 1133 1015 1180 se.
1081 1106 1334 1189 riculamento,
1360 1131 1425 1200 pro
1439 1106 1549 1177 irritis
1562 1107 1670 1179 minis
1684 1103 1801 1181 habet.
1827 1099 1888 1182 'Et
1901 1107 1960 1181 hic
1974 1134 2061 1181 con·
2174 1120 2176 1130 ’

150 1210 194 1280 ln
208 1210 451 1301 spiritualibus
465 1211 560 1280 idern
568 1206 733 1281 Christus
748 1211 928 1300 expressit,
949 1235 1030 1283 cum
1080 1207 1197 1278 sidera
1213 1205 1410 1302 blasphemi
1425 1208 1568 1302 spiritus
1583 1209 1810 1302 impietatem,
1837 1213 1898 1306 qui
1914 1214 2060 1282 menda-

96 1311 145 1380 lit
160 1325 369 1404 potestatem
384 1311 588 1381 remittendi
601 1325 751 1403 peccata.
789 1308 895 1398 Item,
921 1310 1030 1400 Quod
1082 1309 1128 1378 cii
1152 1309 1311 1380 divinam
1328 1334 1448 1381 vocem
1465 1324 1619 1382 accusat:
1645 1324 1679 1382 et
1699 1312 1769 1382 hoc
1785 1325 1837 1383 est
1859 1314 1954 1406 quod
1978 1336 2060 1383 eum

96 1413 176 1483 istis
199 1414 263 1484 uui
278 1438 319 1483 ex
335 1413 494 1483 minimis
510 1413 612 1494 meis,
636 1407 727 1482 mibi
742 1411 874 1484 fecistis
888 1427 953 1485 etc.
962 1465 974 1496 ,
996 1428 1031 1486 et
1080 1405 1242 1483 Christus
1270 1414 1365 1503 apud
1390 1409 1558 1481 loannem
1582 1426 1717 1504 patrem
1747 1415 2058 1498 mendaciivocat,

96 1536 135 1583 ae
149 1511 210 1584 hic
230 1526 376 1583 naturae
400 1508 558 1583 hominis
577 1514 804 1598 tribuuntur,
826 1538 865 1584 ea
888 1516 1029 1606 potissi·
1081 1525 1114 1583 ει
1138 1512 1222 1582 satis
1240 1499 1396 1583 declarat
1411 1512 1480 1582 hoc
1503 1514 1719 1604 exemplum,
1742 1539 1832 1607 quae
1848 1516 1894 1586 sit
1909 1514 2059 1586 Satanae

96 1638 144 1682 uu
158 1639 199 1684 ac
213 1616 366 1706 primum
383 1627 467 1685 suut
483 1615 522 1683 iu
536 1610 681 1686 Christo
695 1615 921 1708 requirenda,
945 1616 1029 1711 quia
1080 1614 1261 1700 voluntas,
1293 1614 1425 1684 scilicet
1455 1614 1605 1704 gloriam
1629 1612 1705 1686 Deo
1734 1617 1825 1685 velle
1857 1614 2061 1700 detractam,

96 1710 237 1786 Christi
251 1715 489 1805 cognitionem
504 1711 591 1785 haec
607 1715 727 1785 omnia
743 1716 917 1798 destinata
934 1731 1029 1798 sunt,
1079 1727 1114 1784 et
1130 1716 1220 1785 velle
1234 1715 1354 1794 omnia
1370 1715 1547 1807 perditum
1569 1715 1625 1790 iri.
1676 1714 1751 1810 lam
1768 1717 1972 1811 ubicunque
1990 1717 2058 1786 tale

96 1820 142 1887 od
159 1813 267 1886 horno
283 1817 449 1886 conditus
462 1830 526 1900 εει,
550 1827 592 1885 ut
604 1811 745 1886 homiui
759 1817 804 1887 sit
819 1817 962 1903 auxilio,
991 1818 1027 1889 id
1080 1838 1143 1886 cor
1163 1831 1233 1903 εει,
1265 1819 1360 1913 quod
1384 1818 1529 1887 verbum
1550 1816 1618 1888 Dei
1644 1818 1794 1888 adeum
1816 1821 1962 1888 modum
1993 1840 2058 1908 pro

121 1917 308 2010 proprium
338 1931 389 1987 est
422 1930 571 1986 naturae
592 1913 747 2003 Christi,
781 1931 822 1989 ut
851 1933 1029 2010 praeterea
1079 1916 1235 1990 vanitate
1249 1914 1372 2003 habet,
1385 1918 1444 1990 ita
1459 1930 1554 1987 certo
1578 1917 1685 2004 scias,
1710 1919 1887 2011 captivum
1907 1917 2057 1989 teucria

96 2019 153 2090 lli.
201 2017 250 2090 Et
272 2017 342 2086 nisi
367 2013 436 2087 hoc
459 2017 496 2085 in
520 2013 664 2088 Christo
684 2019 834 2105 videris,
865 2023 1028 2091 noudum
1080 2019 1236 2090 diabolo.

96 2119 181 2190 visti
202 2114 403 2203 Christum,
430 2118 504 2211 ipse
524 2142 590 2210 pro
613 2119 718 2190 nobis
738 2134 918 2206 mortuus,
947 2122 1028 2192 idco
1179 2117 1427 2195 Calumniator
1449 2134 1565 2192 autem
1588 2115 1647 2190 hic
1672 2120 1799 2208 Satan,
1824 2144 1905 2192 cum
1929 2121 1968 2189 in
1991 2121 2057 2190 bo-

96 2220 270 2291 oscitatus
291 2233 361 2304 εει,
391 2232 432 2289 ut
452 2219 654 2306 adiuvaret,
679 2233 720 2291 ut
747 2222 965 2307 sublevaret,
989 2236 1029 2294 ut
1078 2245 1162 2292 nam
1191 2235 1326 2314 partem
1352 2221 1472 2307 vertit,
1502 2224 1598 2317 quod
1627 2237 1780 2294 extrema
1804 2223 1944 2294 miseria
1973 2233 2058 2304 erat,

96 2335 205 2393 uetur
227 2321 353 2390 fratres
369 2341 462 2394 suos.
512 2319 698 2392 Praeterea
716 2344 783 2392 nos
798 2344 919 2392 sumus
933 2337 1028 2395 costa
1079 2323 1212 2394 scilicet
1227 2323 1315 2399 scire
1332 2324 1468 2393 bouum
1484 2340 1517 2394 et
1535 2324 1680 2393 malum.
1712 2323 1801 2394 Nam
1818 2324 1906 2393 scire
1921 2325 2057 2393 bouum

100 2425 179 2493 rius
197 2422 306 2492 latere
320 2435 454 2505 erecta,
479 2434 515 2491 et
531 2445 599 2512 pro
615 2436 711 2493 costa
735 2423 836 2494 lateri
853 2425 930 2494 eius
946 2449 1027 2496 cam
1079 2439 1114 2496 et
1129 2426 1262 2495 malum
1285 2437 1336 2495 est
1351 2424 1501 2515 experiri
1525 2423 1698 2495 iusticiam
1720 2440 1754 2498 et
1771 2437 1970 2516 peccatum,
1995 2444 2060 2515 pa-

96 2537 177 2595 εει-ιε
191 2536 263 2606 εει,
288 2535 328 2592 ιιι
342 2521 417 2613 ipse
431 2524 476 2592 sit
493 2523 675 2609 infirmus,
700 2545 767 2595 nos
776 2524 888 2595 validi
902 2540 967 2598 etc.
1079 2549 1155 2597 cern
1169 2538 1205 2596 ει
1218 2539 1368 2596 mortem
1387 2539 1452 2599 etc.
1491 2524 1551 2613 Sic
1566 2526 1713 2597 observa
1732 2524 1897 2597 Satauam
1915 2546 2056 2616 perver-

219 2696 296 2764 Hoc
321 2713 422 2765 nunc
449 2713 490 2762 oa
512 2712 562 2764 ese
586 2688 730 2766 ossibus
753 2698 858 2767 mess.
1079 2642 1155 2700 tm
1168 2627 1275 2698 'aba
1290 2623 1369 2700 Μ’

143 2823 225 2895 Ηοε
249 2847 391 2916 quoque
414 2838 660 2913 argumentum
676 2839 730 2896 est
748 2826 867 2896 omnia
889 2822 1027 2898 bomini
1340 2833 1505 2925 Cumque
1529 2834 1795 2927 copnotis‘setst.

96 2941 200 2998 ³¹²⁰¹³
216 2949 290 2995 ²⁸⁵⁸
306 2939 370 2993 Ψ·
1178 2979 1361 3069 Hactenus
1374 2992 1564 3073 peccatum,
1584 3002 1681 3050 nuuc
1695 2979 1832 3064 fructus
1846 2973 1977 3069 peccati
1993 2975 2057 3045 de·

193 3101 196 3106 “
241 3097 336 3164 llrut
361 3102 488 3165 autem
512 3099 672 3186 uterque
697 3092 832 3169 nudus,
1078 3083 1299 3169 scribuntur,
1321 3081 1532 3153 conscientia
1549 3094 1701 3154 etmors.
1732 3076 1864 3148 Videre
1879 3098 1915 3145 se
1929 3076 2056 3159 nudos,

141 3223 269 3296 Pudor
291 3249 332 3296 ex
354 3225 486 3318 poecafi
515 3225 731 3297 ,mimia
756 3228 810 3313 fl„
842 3243 1026 3322 propterea
1078 3198 1131 3256 est
1152 3183 1426 3305 pudore-tangi,
1450 3184 1568 3274 pudor
1587 3180 1699 3252 malae
1722 3177 1955 3297 conscientiae
1967 3197 2056 3268 opus

1078 3300 1147 3358 est:
1180 3297 1432 3356 conscientiam
1456 3307 1540 3354 vero
1569 3306 1669 3369 caro,
1703 3282 1811 3351 verbo
1832 3277 1899 3349 Der
1922 3299 2057 3362 careus,

96 3350 182 3399 ωε
193 3343 335 3418 P‘fflm
349 3351 408 3396 ²⁰⁵
423 3328 608 3417 ‘'guffim’
622 3352 702 3398 ‘¹¹¹⁰
717 3339 819 3420 ΠΨ(
835 3331 1025 3400 ‘rubum
1067 3385 1211 3479 erigere
1223 3399 1371 3458 conatur
1384 3385 1571 3477 operibus,
1595 3399 1639 3461 et
1651 3379 1949 3455 satisfactionibus
1972 3379 2055 3450 suis·

1076 3486 1153 3561 Has
1175 3486 1428 3559 satisfactiones
1459 3485 1544 3555 folia
1569 3485 1627 3556 lici
1649 3483 1870 3574 significant,
1903 3475 1971 3549 hoc
1992 3492 2056 3564 est,

419 3559 555 3666 Capul
583 3564 657 3648 m·
1077 3590 1251 3685 quidquid
1267 3585 1421 3659 humana
1438 3585 1613 3659 industria
1627 3600 1725 3679 parat
1739 3608 1811 3681 quo
1827 3595 1964 3674 tegatur
1974 3603 2056 3672 pec-

1076 3705 1205 3764 catum.
1245 3688 1314 3761 Sed
1331 3689 1369 3760 id
1383 3712 1489 3781 φιεῐε
1505 3684 1598 3757 nihil
1615 3687 1743 3777 prosit,
1769 3685 1948 3757 declarant
1963 3704 2055 3775 quae

1075 3803 1294 3885 sequuntur,
1318 3789 1379 3861 ubi
1396 3812 1481 3859 voce
1498 3788 1565 3861 Dei
1579 3788 1753 3858 occiditur
1765 3788 1893 3872 Adarn,
1919 3798 1953 3855 et
1973 3806 2055 3853 rur·

1075 3918 1153 3965 sum
1177 3891 1393 3975 vivificatur,
1425 3913 1499 3959 uon
1518 3889 1640 3982 aliquo
1665 3883 1823 3958 humano
1844 3910 1970 3978 opere,
1993 3885 2052 3955 sed

144 3726 242 3817 Quia
271 3729 315 3797 de
337 3725 539 3824 Spirituum
568 3730 773 3812 conditione
796 3726 890 3800 nibil
919 3752 1025 3823 supra

96 3829 149 3924 lit:
181 3829 262 3899 ideo
274 3826 444 3899 Satauam
459 3853 533 3898 non
551 3851 615 3899 suo
633 3831 754 3925 aliquo
775 3831 939 3922 nomine,
963 3835 1025 3904 sed

96 3929 219 4022 protis
247 3943 365 4014 vocat,
398 3940 433 3999 ct
456 3929 494 3999 iu
517 3946 678 4031 serpente
699 3947 953 4025 repraesentat,
985 3949 1026 4007 ut

96 4089 101 4102 ,
163 4031 256 4117 ⁸⁸12,
290 4030 457 4116 insidia„
490 4031 672 4121 ,ngensmfl
702 4032 853 4106 Sam„
884 4059 926 4106 ex
951 4059 1023 4106 m·
1076 3992 1249 4088 promisso
1262 3992 1413 4076 semine,
1430 3993 1531 4089 ⁸quod
1547 4004 1706 4062 conterat
1727 4004 1831 4081 caput
1846 3985 2029 4080 serpentis.

96 4147 146 4205 otc
166 4133 407 4202 aestimemus:
441 4144 480 4202 ut
503 4133 614 4218 infra,
638 4131 753 4225 Super
781 4148 903 4226 pectus
923 4152 1023 4208 tuum
1104 4139 1109 4144 ’

96 4232 255 4324 prodieris
269 4246 334 4304 etc.
385 4231 478 4304 Sunt
493 4235 589 4304 euim
605 4257 729 4304 omues
748 4248 928 4322 creaturae
943 4261 1022 4309 cor·

96 4337 183 4409 ntes
195 4357 315 4407 rerum
331 4348 366 4406 ct
380 4349 571 4406 eventuum
586 4335 662 4429 typi
676 4348 712 4407 ει
723 4337 867 4427 figurae.
1174 4338 1343 4434 Sequitur
1345 4341 1595 4434 poeniteutiae
1608 4340 1807 4432 descriptio,
1832 4353 1869 4408 ει
1881 4335 1980 4407 Adae
1998 4336 2054 4405 iu·

1296 4195 1344 4266 llt
1369 4215 1455 4266 cous
1475 4190 1672 4266 astarent
1696 4213 1833 4266 uocem.

141 4436 232 4510 Dixi
248 4459 372 4528 supra,
396 4436 435 4506 iu
451 4437 551 4509 omni
566 4436 643 4524 lege
658 4459 734 4507 nou
750 4460 857 4529 opus,
881 4437 941 4508 sed
958 4463 1024 4507 vo-
1073 4439 1248 4513 stibcatios
1297 4440 1458 4514 Primum
1481 4458 1598 4514 autem
1626 4456 1677 4514 est
1701 4439 1936 4532 poenitentia,
1968 4460 2053 4509 con·

96 4552 216 4612 statem
230 4537 389 4608 divinam
411 4538 635 4629 spectandam
659 4561 746 4614 esse.
794 4535 887 4610 Caro
901 4541 945 4610 de
959 4565 1023 4611 ro-
1072 4543 1177 4613 madi
1189 4543 1453 4631 conscientiam,
1476 4545 1514 4615 id
1530 4544 1625 4638 quod
1641 4545 1691 4628 lit,
1717 4565 1796 4611 curn
1810 4540 1972 4611 audimus
1988 4562 2054 4608 vo-

96 4653 182 4713 ttste
201 4638 270 4711 Dei
289 4661 365 4710 nou
384 4640 536 4724 iudicat,
560 4639 621 4708 sed
643 4662 765 4732 opere:
791 4652 827 4710 et
849 4641 894 4711 de
917 4664 1023 4732 opere
1074 4667 1149 4712 rem
1163 4640 1232 4713 Dei
1246 4659 1483 4733 accusantem,
1508 4658 1545 4716 et
1565 4657 1811 4734 coarguentem
1825 4665 1892 4712 nos
1907 4640 2052 4735 peccati.
2183 4706 2185 4710 .

96 4742 202 4813 lirare
219 4740 357 4834 incipit,
380 4763 448 4813 nec
464 4739 591 4812 tribuit
606 4735 682 4812 Deo
699 4739 906 4833 sapientiam
920 4742 1023 4814 etio
1073 4743 1143 4815 Hic
1168 4744 1240 4814 iam
1261 4740 1353 4816 nihil
1377 4759 1526 4837 prosunt
1549 4737 1805 4841 περιζώματα,
1837 4767 1910 4838 quo
1933 4742 2053 4819 minus
2135 4765 2138 4770 ·

96 4844 202 4924 dam,
228 4841 318 4924 sicut
341 4857 392 4915 est
415 4841 565 4933 experiri
581 4841 620 4912 in
633 4842 800 4914 omuibus
816 4842 1023 4916 tentationi·
1073 4845 1285 4933 moriamur,
1321 4848 1442 4918 nullae
1475 4847 1730 4920 satisfactiones
1761 4861 1919 4931 nostrae,
1952 4845 2052 4914 nulla
2135 4909 2137 4913 a

96 4969 129 5031 s,
155 4945 194 5013 in
217 4946 348 5037 quibus
369 4944 456 5013 alias
480 4944 606 5028 stulte,
633 4945 721 5014 alias
744 4943 866 5040 inique
889 4945 1023 5017 consti·
1073 4961 1231 5020 creatura
1252 4960 1367 5041 'potest
1389 4973 1458 5020 nos
1467 4972 1675 5038 conservare
1691 4949 1869 5021 iudicante
1883 4945 2053 5031 Domino,

96 5071 149 5118 sse
173 5041 309 5126 Derim,
342 5047 550 5117 iudicamus.
609 5042 689 5114 Hoc
717 5059 923 5136 argumento
948 5047 1022 5139 pri-
1073 5050 1169 5133 iusta
1185 5050 1293 5121 illud:
1320 5049 1429 5121 Sileat
1444 5051 1723 5122 afacieDomini
1739 5052 1855 5121 omnis
1870 5033 1974 5120 terr'a.
2003 5045 2052 5119 Et

96 5175 138 5219 tm
167 5147 333 5218 sollicitat
358 5147 572 5216 imbecillem
597 5147 770 5217 rationem
795 5147 1022 5219 mulierculae
1072 5145 1142 5221 hoc
1155 5165 1207 5222 est
1222 5154 1318 5245 quod
1333 5148 1590 5225 dicitChristus
1608 5152 1849 5244 inEvangelio
1867 5148 2051 5220 aedificare

96 5275 162 5324 an.
214 5245 264 5321 Ει
280 5245 443 5343 quaa'hic
457 5247 671 5318 extrinsecus
686 5261 875 5337 geruntur,
899 5249 1020 5320 omnia
1071 5275 1177 5344 supra
1200 5277 1363 5338 arenam,
1393 5253 1456 5347 qui
1485 5253 1636 5325 audiunt
1665 5279 1786 5323 vocern
1808 5276 1917 5323 stram.
1977 5247 2051 5318 lam

96 5350 247 5441 isolent
265 5349 306 5420 iu
328 5351 495 5422 cordibus
516 5342 716 5420 homiuum.
768 5346 1020 5432 sicanimsa·
1073 5353 1293 5427 moriebatur
1312 5355 1429 5426 Adam
1447 5355 1542 5427 iuxta
1565 5356 1652 5446 legis
1678 5355 1907 5438 senteutiam,
1932 5351 2051 5422 inten-
