4538 5754
105 238 203 315 1023
693 214 819 287 Ptttt..
847 210 964 287 MEL.
991 212 1203 289 SCRIPTA
1228 208 1533 290 EXEGETICA.
1985 308 1994 323 ,
2038 216 2125 290 test

207 405 260 481 ae
299 413 443 496 propter
477 390 585 464 huius
620 387 785 458 versiculi
816 386 1089 458 declarationem
1114 386 1118 507 ἶ
1141 398 1284 476 propter
1315 410 1466 456 crucem.
1526 381 1574 457 Si
1597 385 1799 456 'moremini
1822 395 1974 484 propter
1997 389 2125 458 furores

107 518 300 590 miscentur
320 499 477 592 exempla
498 493 773 575 liberationum,
797 512 949 583 quonam
965 488 1091 559 recita·
1142 482 1319 566 hostiurn,
1353 488 1535 581 reprimite
1566 511 1650 573 vos,
1685 511 1751 559 uec
1774 503 1936 580 peccate,
1962 490 2023 558 vel
2048 491 2124 559 deti·

108 623 158 691 tio
182 629 215 685 et
235 608 427 700 gratiarum
445 597 537 671 actio
553 608 628 699 est,
648 606 682 663 et
700 592 880 681 doctriua,
902 592 1092 660 ostendens
1143 589 1275 660 cientes
1295 612 1315 656 a
1340 586 1436 675 Deo,
1460 591 1516 660 vel
1538 603 1746 684 quaerentes
1769 590 1977 663 inconcessa
2002 593 2125 683 praesi-

109 716 288 818 quomodo
302 709 401 780 Deus
415 701 560 779 liberet,
586 693 750 766 videlicet
765 716 845 787 cum
865 715 1008 784 prorsus
1022 687 1093 761 hn—
1143 691 1223 776 dia,
1256 688 1312 759 vel
1332 706 1475 763 ruentes
1499 691 1702 762 inordinata
1726 692 1920 781 cupiditate
1938 693 2124 765 vindictae:

110 818 225 896 manis
239 807 399 886 consiliis
411 800 572 875 destituti
585 818 722 868 sumus:
750 789 994 891 Egosopiius
1010 815 1092 863 sum
1144 793 1234 862 sicut
1264 792 1368 862 multi
1402 793 1489 864 victi
1520 793 1645 863 dolore
1674 805 1709 863 et
1731 791 1903 865 deficiunt
1924 819 1945 866 a
1970 795 2069 880 Deo,
2097 810 2125 866 et

111 933 144 997 ei
161 911 328 992 surrexi,
353 910 392 979 id
408 917 481 990 est,
505 927 546 972 ex
562 897 679 969 media
696 909 808 968 morte
822 896 991 967 liberatus
1004 918 1094 967 sum.
1144 909 1320 987 quaeruut
1335 892 1537 965 inconcesse
1555 894 1748 987 praesidia,
1772 908 1813 965 ut
1828 893 1938 981 Saul,
1960 892 2080 968 Achae
2095 910 2123 966 et

110 1024 250 1100 Deinde
263 1010 426 1106 sequitur
437 1025 596 1096 expressa
610 998 752 1100 petitio:
780 993 939 1090 Exurge
956 991 1094 1066 Domi-
1145 993 1275 1065 Graeci
1291 994 1538 1087 imperatores,
1565 997 1628 1090 qui
1644 1009 1861 1068 attraxerunt
1876 995 2030 1069 'l'urcaa

112 1151 177 1212 ne,
199 1116 346 1194 salvum
369 1130 425 1181 me
440 1106 525 1206 soe.
576 1098 819 1185 Et,tribuitur
835 1097 1095 1179 lansvictoriae
1246 1090 1433 1184 Expositio
1448 1097 1599 1189 proximi
1615 1096 1799 1183 versiculi,
1823 1088 2021 1192 Cogitate,
2048 1099 2123 1193 quid

101 1228 183 1323 ,ipsi
196 1225 291 1296 Deo:
315 1210 418 1311 Quia
431 1219 471 1281 tn
484 1201 643 1303 pereatis
658 1205 776 1272 hostes
794 1221 903 1275 meos.
1146 1198 1254 1267 nam?
1283 1192 1436 1292 Sperote
1458 1198 1498 1270 in
1519 1195 1708 1286 Domino,
1736 1205 1769 1267 et
1791 1193 2003 1292 sacrificate
2021 1198 2125 1270 sacri·

214 1329 463 1429 Epiphonema
492 1323 671 1414 generale,
706 1319 893 1391 continens
921 1341 1096 1390 summam
1135 1293 1268 1391 ficium
1293 1296 1443 1375 iustum.
1495 1299 1586 1372 Nam
1610 1297 1696 1371 baec
1728 1324 1809 1393 pars
1841 1301 2042 1393 expositive
2071 1305 2126 1373 ad-

114 1440 406 1543 promissionum:
435 1428 531 1501 Deus
551 1436 646 1495 certo
670 1435 788 1504 curat,
820 1421 936 1502 iuvat,
970 1421 1097 1491 liberat
1147 1401 1256 1476 ditur.

14 1547 21 1563 ·
113 1543 307 1624 Ecclesiam
324 1552 441 1608 auarus
465 1525 501 1598 A
514 1521 682 1597 Domine
696 1530 747 1593 esi
763 1519 884 1595 solers.
1250 1500 1377 1576 Sextus
1399 1523 1520 1574 versus
1544 1518 1595 1576 est
1615 1503 1778 1595 repetitio
1794 1505 1962 1597 querelae
1975 1505 2127 1575 intirmo-

864 1624 868 1631 ·
1148 1627 1245 1674 rum:
1272 1595 1400 1674 Matri
1423 1595 1567 1686 dicuni,
1592 1602 1676 1703 ques
1700 1599 1858 1676 ostendet
1882 1603 1993 1676 nobis
2017 1603 2130 1676 hone?

251 1740 582 1838 mmmm
614 1752 669 1803 αθ
702 1726 959 1821 (tegmem
1150 1705 1187 1775 id
1212 1719 1285 1792 est,
1309 1704 1414 1776 muiti
1435 1720 1599 1778 metuont
1620 1707 1696 1777 fore
1717 1720 1758 1778 ut
1781 1706 1911 1780 deserti
1932 1722 2129 1801 percantet

433 1882 438 1893 .
470 1848 629 1934 psalmi
664 1847 740 1932 W0
1150 1828 1293 1927 prorsus
1317 1805 1478 1878 deleatur
1498 1802 1667 1878 Ecclesia.
1698 1805 1821 1928 'Huic
1842 1811 2035 1902 quaerelae
2058 1833 2129 1901 pre·

431 1993 578 2072 ...a
592 2017 653 2069 ..
668 1998 773 2067 a..
1150 1906 2152 2107 ,¹

170 2124 213 2192 ia
231 2106 471 2185 tentatione
496 2103 561 2195 qui
580 2120 642 2170 me
664 2097 890 2186 consolaris,
915 2098 1100 2168 Miserere
1151 2134 1219 2182 ω,
1231 2123 1398 2184 mmm„
1628 2065 1639 2097 ’
1778 2061 1790 2092 ’

54 2316 56 2321 ,
168 2221 265 2305 mei,
290 2218 328 2285 ei
341 2201 708 2281 mudls’ml‘i'wm
721 2220 861 2271 meam·
1252 2211 1431 2305 Septimus
1453 2232 1573 2283 versus
1600 2215 1725 2285 recitat
1745 2213 1893 2285 alteram
1920 2215 2131 2297 consolatio·

220 2349 331 2422 Plana
356 2357 390 2415 et
412 2338 595 2435 perspicua
617 2334 772 2429 precatio
794 2346 865 2417 est,
895 2345 931 2402 et
952 2332 998 2400 ad
1019 2353 1100 2401 sua·
1154 2337 1251 2385 uem:
1285 2310 1375 2385 Das
1396 2310 1578 2383 lunulam
1606 2315 1645 2384 e'n
1676 2309 1780 2384 corde
1799 2336 1898 2400 meo,
1936 2315 1978 2386 id
1999 2331 2069 2403 est,
2098 2331 2130 2388 tu

120 2457 256 2532 surium
283 2466 393 2537 genus
412 2441 583 2523 refertur,
614 2449 655 2508 ut
678 2437 722 2505 de
744 2433 1006 2527 precationibus
1029 2430 1102 2501 dici
1153 2439 1218 2487 nos
1234 2416 1403 2488 interiore
1416 2415 1494 2486 luce
1509 2429 1544 2485 et
1558 2417 1800 2487 consolatione
1817 2416 2022 2492 confirmas.
2153 2422 2157 2519 l

114 2549 220 2633 ,olen
269 2547 439 2621 Continet
454 2552 571 2611 autem
584 2532 813 2607 hicPsalmns
828 2533 1101 2625 disputationem
1254 2513 1468 2603 Antithesis,
1501 2511 1578 2585 Illi
1595 2511 1733 2588 hebent
1756 2540 1840 2612 opes
1870 2525 1903 2586 et
1922 2519 2131 2614 potentiam,

121 2666 166 2733 de
180 2650 345 2728 seandalo
358 2641 490 2726 erucis,
515 2662 555 2711 ac
569 2639 699 2709 refutat
713 2652 746 2709 et
760 2634 1015 2726 obiurgarem,
1039 2633 1103 2727 qui
1154 2640 1243 2710 quae
1263 2619 1375 2710 magis
1395 2631 1589 2712 quaeruut,
1619 2643 1726 2718 qnam
1749 2618 1899 2708 gloriam
1921 2618 2006 2692 Dei,
2056 2618 2127 2691 Non

121 2771 267 2857 propter
295 2746 509 2822 calamitates
538 2753 574 2812 et
595 2762 733 2811 crucem
756 2737 957 2808 existiment
978 2731 1103 2807 Eccle-
1153 2720 1312 2791 0ff0¹¹del
1343 2715 1409 2789 hec
1439 2719 1598 2812 ipsorum
1622 2721 1858 2803 beatitudine,
1886 2734 1927 2792 ut
1951 2734 2127 2813 propterea

121 2865 209 2936 siam
232 2852 344 2927 aDeo
365 2847 537 2919 abiectam
560 2864 654 2926 esse,
680 2858 741 2911 aut
755 2839 906 2930 negligi,
931 2851 993 2909 aut
1007 2860 1103 2907 com.
1154 2820 1240 2913 ipsis
1254 2822 1444 2893 adsentiar.
1493 2818 1568 2890 Nos
1589 2835 1732 2893 econtra
1752 2821 1917 2891 fruamur
1940 2816 2009 2894 hac
2026 2822 2126 2892 heati-

121 2959 318 3036 mentitiam
339 2973 412 3021 esse
429 2959 539 3017 totam
554 2941 751 3014 doctrinam
767 2942 811 3010 de
826 2939 924 3026 Deo,
949 2939 1033 3034 qnia
1049 2936 1104 3007 vi·
1154 2922 1295 3009 tudine,
1319 2924 1416 3016 qnod
1437 2934 1478 2995 tn
1500 2944 1539 2993 es
1557 2938 1736 3015 protector
1750 2936 1891 3007 noster,
1916 2938 1955 2995 et
1976 2925 2125 2997 dumetae

123 3069 248 3138 demus
261 3052 454 3128 Ecclesiam
475 3058 537 3117 aut
559 3043 852 3115 calamitosiorem
869 3064 942 3112 esse
957 3039 1104 3111 caeteris
1155 3037 1190 3094 tl
1209 3025 1377 3095 liberabis
1392 3046 1469 3095 nos·
2156 3030 2160 3047 ·

122 3164 305 3259 gentibus,
331 3165 391 3225 aret
407 3161 499 3221 certe
515 3140 631 3216 nihilo
644 3142 941 3237 tranquilliorem.

224 3275 342 3351 David
370 3264 519 3361 opponit
547 3264 603 3333 illi
631 3259 825 3333 obiectioui
849 3262 937 3331 duas
957 3282 1103 3350 respon·
1295 3246 1636 3339 deprimentem
1661 3266 1714 3315 ae
1740 3241 1997 3338 dispositio

126 3389 252 3458 siones.
303 3372 408 3444 Prior
429 3380 497 3438 est:
522 3364 599 3437 lmo
622 3362 758 3433 etiamsi
771 3383 972 3432 exercemur
987 3355 1105 3429 horri-
1526 3374 1684 3459 psalmi
1716 3376 1774 3457 V.

125 3487 264 3559 biliter,
290 3489 407 3545 tamen
430 3465 602 3537 mirandis
622 3463 737 3533 modis
757 3485 879 3533 rursus
899 3462 1106 3542 liberamur,

125 3601 165 3661 nt
180 3567 491 3669 conspiciaturllei
507 3565 717 3657 praesentia.
755 3563 877 3635 Altera
892 3577 960 3635 est:
986 3557 1105 3635 Etiam
1213 3539 1332 3613 Verba
1352 3563 1441 3614 mee
1463 3539 1621 3615 aeribus
1641 3544 1793 3635 percipe
1817 3545 2004 3631 Domine,
2027 3541 2122 3617 intel·
2148 3634 2151 3639 .

127 3687 232 3762 corda
255 3688 375 3749 uestra
396 3668 559 3748 interiori
581 3664 824 3738 consolatione
839 3665 1042 3747 confirmat,
1067 3675 1109 3734 ut
1208 3643 1283 3739 1590
1308 3645 1508 3717 clamorem
1528 3665 1654 3716 mum
1676 3653 1746 3717 etc,

126 3801 222 3861 certo
240 3780 389 3851 sciamus
404 3767 597 3842 nosalleo
613 3767 740 3848 iuvari,
766 3778 801 3837 et
816 3781 855 3838 ut
869 3767 1023 3858 perferre
1038 3763 1109 3835 mi·
1259 3793 1403 3867 ippum
1436 3796 1569 3868 pudica,
1600 3770 1845 3887 „iumentum
1920 3791 2015 3869 om
2043 3795 2121 3865 ,nfm
2157 3782 2163 3855 '5

72 3950 74 3955 .
128 3889 234 3963 serias
255 3872 606 3993 lortiterppssimus,
631 3866 948 3941 sicutbanrentius
970 3866 1008 3935 in
1032 3888 1110 3937 era-
1160 3892 1275 3967 David
1302 3919 1367 3988 pro
1389 3892 1684 3980 haereditatibu„
1717 3899 1755 3968 id
1777 3851 1857 3978 ‘sp‘
1880 3922 1950 3990 pro
1968 3895 2122 3973 Beda-,33
2160 3874 2164 3909 ¹

127 3980 505 4066 ticulaanl¹1¹⁰⁸¹⁸⁸¹¹¹¹e
521 3982 670 4042 'mmm
686 3969 851 4103 P‘fsfflu
1160 4020 1226 4066 nec
1254 3997 1365 4069 dubia
1397 4012 1449 4071 est
1480 3999 1654 4071 sententia
1683 3993 1792 4071 huius
1821 3996 1969 4074 Psalmi.
2027 3997 2128 4077 Totus
2161 3948 2164 4065 l

229 4101 372 4173 primm
400 4110 524 4161 Wffli
557 4101 607 4159 ⁰⁸¹
637 4099 809 4181 Ρῐθΰὸῑῑῦε
852 4073 947 4153 cum
980 4080 1111 4171 ‘lamb
1162 4097 1258 4169 euim
1276 4102 1430 4192 precatio
1451 4102 1651 4192 est,{plena
1667 4100 1802 4172 doloris
1825 4114 1858 4171 et
1885 4096 2126 4192 indignationis
2161 4086 2165 4149 ἱ

129 4199 350 4282 exaudime.
662 4246 670 4282 ,
1162 4201 1332 4273 adversus
1360 4200 1491 4295 impius
1518 4203 1702 4289 doctores,
1735 4202 1909 4296 quicum
1940 4202 2128 4282 autoritate,
2160 4152 2165 4275 l

232 4318 418 4397 Secundus
439 4324 492 4384 est
514 4300 727 4400 apostrophe
749 4305 793 4375 ad
809 4323 952 4389 omnes,
976 4302 1039 4396 qui
1052 4303 1112 4373 of·
1163 4302 1343 4374 ordinaria
1366 4302 1600 4389 successione,
1626 4299 1684 4399 (ut
1707 4299 1830 4399 vocat)
1855 4303 2130 4394 potentia,⁴titn·
2154 4278 2166 4355 l

128 4429 219 4504 l'ensi
235 4422 349 4517 specie
364 4415 498 4499 erucis,
522 4410 724 4503 existimant
735 4403 812 4478 Deo
830 4428 904 4475 non
920 4426 994 4474 esse
1008 4427 1113 4475 curae
1163 4403 1225 4490 lis,
1250 4405 1398 4497 opibus,
1430 4404 1642 4477 antecellant
1666 4407 1794 4475 misero
1821 4406 1938 4478 coetui
1968 4420 2061 4479 recte
2077 4407 2133 4477 do·
2160 4358 2166 4485 l

130 4529 323 4604 Ecclesiam
362 4521 584 4591 invocantem
615 4511 746 4601 ipsum:
797 4497 927 4576 Oros
955 4502 1113 4602 superbi,
1164 4506 1276 4590 centi,
1301 4506 1496 4577 multorum
1516 4506 1654 4576 animos
1669 4519 1834 4590 movent,
1857 4520 1900 4577 ut
1921 4530 2061 4580 errores
2080 4508 2134 4578 ad·

131 4654 244 4734 quere
273 4618 438 4721 gloriam
458 4636 596 4695 meam,
627 4612 760 4689 idest,
794 4628 891 4676 meas
914 4629 1113 4700 aemmnas,
1164 4608 1334 4700 probent,
1359 4607 1545 4680 stabiliant
1559 4621 1595 4679 et
1608 4607 1811 4679 defendant.

130 4733 261 4805 ‹lucitis
291 4747 365 4796 esse
389 4717 575 4810 probrum:
608 4734 719 4807 quare
741 4708 889 4798 diligitis
911 4708 1113 4791 vanitatem,
1266 4721 1450 4797 Advmu,
1470 4722 1536 4796 ho,
1562 4746 1701 4797 necem
1724 4738 1777 4797 m
1798 4739 1833 4796 et
1848 4728 2015 4800 (iamina
2035 4743 2071 4803 a
2089 4729 2138 4799 in.

131 4839 168 4907 id
184 4848 254 4917 est,
279 4830 374 4899 bona
390 4818 548 4902 fallacia,
572 4814 725 4905 fugacia,
748 4834 823 4882 non
837 4807 1025 4894 durabilia,
1050 4834 1115 4881 ro·
1165 4827 1350 4897 ,untione
1368 4825 1435 4898 Dei
1456 4827 1592 4898 muniri
1620 4828 1711 4920 pios·
1770 4827 1855 4898 Ideo
1878 4831 2052 4903 ”deum
2072 4842 2139 4903 om

92 5030 94 5036 s
131 4940 302 5031 ¹¹¹P¹²¹‘⁸‘
327 4925 458 5007 ‘'lim'’
482 4939 576 5012 ⁰9²⁸·
811 4971 838 4987 ·=
1165 4925 1281 5003 David
1296 4942 1330 4999 et
1346 4925 1504 5003 Ecclesia
1516 4927 1636 5001 statim
1653 4928 1778 5012 initio,
1802 4942 1845 5000 ut
1863 4944 2013 5020 regatur
2032 4947 2070 5005 et
2088 4933 2140 5003 da-

233 5045 379 5121 Tertius
408 5058 531 5108 versus
564 5031 713 5125 opponit
741 5028 1006 5124 responsionem
1040 5026 1114 5116 pri·
1163 5029 1330 5100 fendatur
1346 5044 1468 5103 eontra
1484 5028 1704 5121 impostores.
1756 5029 1852 5102 Haec
1872 5034 2074 5126 propositio
2094 5056 2142 5105 10-

133 5179 241 5244 mam:
270 5143 355 5218 Ime
369 5136 475 5221 Dens
492 5158 548 5204 me
566 5124 752 5204 mirandis
769 5123 889 5202 modis
905 5124 1089 5223 liberabit.
1164 5132 1298 5224 petitur
1313 5130 1416 5201 initio
1433 5133 1472 5201 fn
1487 5133 1603 5203 tribu,
1618 5132 1788 5204 versibus,

233 5268 392 5359 Quartus
417 5276 539 5327 versus
560 5247 761 5322 adhortatio
781 5265 832 5320 est
855 5250 900 5320 ad
923 5248 1114 5317 imbecilles
1266 5247 1310 5319 In
1323 5263 1449 5344 quarto
1463 5250 1622 5344 sequitur
1634 5250 1725 5320 ratio
1738 5250 1937 5342 petitionis,
1965 5252 2145 5349 quianam

131 5391 166 5448 et
191 5368 382 5450 sanabiles,
406 5375 447 5434 ut
470 5355 651 5451 perferant>
668 5351 844 5436 miserias,
868 5349 1115 5465 needeliciant
1166 5373 1248 5423 rere
1276 5351 1323 5423 sit
1346 5374 1472 5443 verax,
1512 5355 1646 5439 mnus,
1687 5351 1818 5435 iustus,
1860 5333 1990 5426 rolens
2017 5342 2160 5453 tantum·
