4538 5754
147 182 222 307 aar
371 217 593 325 *sennua
620 218 698 294 nn
722 219 840 298 nar.
866 216 938 295 an
962 223 1092 299 urar.
1116 224 1264 310 rnor.
1287 230 1356 307 nr
1381 235 1573 313 unicos
1600 236 1923 325 sancranrn.
2095 249 2177 323 ere

259 392 422 466 Sciamus
444 390 551 463 ctiam
570 386 696 460 harum
720 415 839 462 rerum
867 395 1064 466 doctrinam
1086 395 1143 465 vi-

154 512 211 570 tae
242 491 432 565 bominum
461 492 692 562 necessariam
715 516 808 578 esse,
841 508 874 564 et
897 493 1012 565 Deum
1039 496 1141 583 velle,

155 613 197 671 ut
211 596 324 690 aliqui
345 618 423 665 eam
440 593 675 667 considerent.
733 593 825 664 Nam
850 621 930 665 cum
950 597 988 665 in
1007 598 1140 668 divinis

155 699 259 770 libris
273 696 431 781 dicatur,
453 697 566 765 Deum
588 694 779 767 instituisse
801 719 942 766 cursum
959 697 1075 785 Solis,
1099 711 1139 771 ut

156 823 292 872 annum
316 796 462 878 efficiat,
494 818 634 865 necesse
667 809 718 867 est
751 810 846 866 certe
869 801 1034 868 accedere
1060 799 1140 870 ani-

156 898 455 977 madversionem,
495 918 559 966 seu
608 897 926 967 considerationem
970 901 1140 994 aliquam,

157 1003 242 1096 quia
258 1024 332 1071 non
355 997 581 1068 considerans
594 997 734 1087 ignorat
749 998 834 1067 anni
849 1011 961 1069 metas
982 1014 1044 1072 aut
1059 1024 1139 1094 spa-

158 1104 264 1175 cium.
314 1098 415 1173 Sicut
434 1098 628 1191 pecudibus
643 1099 763 1190 ignota
780 1113 866 1170 sunt
882 1101 971 1171 anni
988 1104 1115 1195 spacia.

275 1342 335 1414 De
362 1345 560 1432 Tempore,
583 1339 682 1411 Aeco
708 1348 746 1411 et
771 1340 1026 1416 aeternitate.

257 1505 480 1584 Vocabulum
493 1505 662 1595 temporis
683 1506 893 1595 generaliter
910 1509 1005 1579 sumi
1026 1522 1140 1601 potest

158 1634 224 1705 pro
240 1605 482 1700 cuiuscunque
508 1605 561 1674 rei
583 1607 794 1691 duratione,
826 1611 888 1677 sed
909 1633 989 1680 cum
1013 1612 1058 1680 ab
1080 1634 1139 1680 ae·

156 1710 321 1786 tenuitate
334 1705 565 1790 discernitur,
590 1706 762 1796 significat
781 1709 1003 1780 durationem
1018 1735 1137 1781 rerum

155 1809 396 1895 mutabilium,
415 1831 505 1900 quae
523 1806 698 1896 incipiunt
715 1822 749 1879 et
770 1809 948 1885 desinunt.
998 1807 1137 1882 Aecum

155 1911 327 2003 significat
344 1908 570 1980 durationem
596 1931 717 1977 eorum
740 1933 829 2000 quae
852 1925 1043 2002 ceperunt,
1076 1913 1137 1982 sed

155 2038 229 2084 non
245 2011 433 2094 desinunt,
457 2021 498 2079 ut
512 2004 660 2096 Angelis
685 2031 810 2079 aevum
831 2011 1012 2087 tribuitur.
1064 2009 1139 2083 Ae·

155 2114 356 2186 ternitatem
371 2108 446 2180 Deo
465 2109 606 2199 proprie
628 2110 812 2200 tribuunt,
838 2112 899 2205 qui
917 2137 981 2182 nec
1004 2115 1137 2206 princi·

153 2217 253 2308 pium
270 2237 334 2284 nec
348 2213 454 2281 linem
475 2206 595 2280 habet.

450 2427 550 2516 Quid
576 2438 635 2501 est
655 2428 836 2504 instans?

80 2665 85 2679 1
253 2579 305 2656 Ut
332 2580 427 2650 linea
454 2579 663 2650 continuum
680 2581 849 2673 quiddam
871 2595 944 2668 est,
969 2587 1064 2676 qnod
1079 2586 1137 2653 in·

152 2680 300 2757 choatur
314 2694 349 2751 et
364 2681 577 2754 terminatur
595 2682 752 2771 punctis,
777 2707 866 2776 quae
881 2699 1059 2773 geometer
1074 2712 1134 2756 co-

129 2784 321 2877 gitatione
343 2781 528 2853 cbnstituit
548 2781 781 2854 indivisibilia
806 2808 897 2869 esse,
921 2785 970 2854 ita
994 2799 1133 2878 tempus

151 2886 320 2957 continua
340 2882 511 2956 successio
534 2896 602 2967 est,
638 2906 729 2975 quae
752 2881 942 2957 inchoatur
957 2900 991 2957 et
1012 2889 1134 2956 termi-

151 3000 259 3058 natur
274 2997 476 3070 momento,
501 2984 596 3077 quod
615 2998 743 3055 vocant
767 2983 882 3072 Nunc,
907 3010 968 3058 seu
983 2985 1133 3075 lnstans‚

149 3087 374 3180 quodetiam
400 3085 613 3176 cogitatione
643 3087 872 3159 constituitur
900 3088 1131 3165 indivisibile.

150 3183 281 3261 Ethoc
303 3188 410 3257 modo
434 3187 602 3257 delinitur
627 3183 785 3257 instans:
820 3187 961 3260 instans
985 3205 1038 3260 est
1062 3206 1131 3261 ter-

150 3290 268 3359 minus
282 3288 451 3378 copulans
465 3301 582 3379 partes
598 3290 775 3377 praeteriti
801 3303 836 3359 et
857 3289 969 3360 luturi
992 3307 1129 3382 tempo-

151 3390 213 3464 ris.
247 3387 298 3460 Ut
311 3400 427 3458 autem
445 3400 615 3476 punctum
633 3382 815 3480 physicum
832 3389 952 3459 differt
969 3407 1129 3482 apnncto

149 3483 416 3567 mathematico.
443 3487 490 3559 ita
507 3486 689 3557 sciendum
704 3503 766 3574 est,
790 3487 895 3561 Nunc
910 3514 971 3561 seu
991 3492 1129 3562 instans

149 3586 338 3685 physicum
353 3588 496 3660 differre
513 3589 558 3659 ab
573 3613 627 3672 eo,
647 3592 742 3682 quod
758 3591 1026 3664 indivisibiliter
1043 3619 1128 3663 ron-

148 3692 333 3783 sideratur.
387 3687 478 3760 Nam
502 3690 638 3760 instans
651 3685 836 3784 physicum
861 3706 911 3762 est
937 3719 1016 3785 pars
1040 3712 1129 3766 tem-

149 3792 245 3882 poris
260 3813 445 3883 praesens,
471 3815 575 3887 quarn
593 3792 706 3862 dividi
726 3818 798 3863 sion
817 3795 1043 3886 percipimus.
1087 3794 1126 3864 ln

117 3887 239 3964 ‘hanc
256 3893 467 3963 sententiam
489 3892 656 3965 dixerunt
679 3898 923 3985 generationes
946 3912 980 3967 et
1005 3922 1128 3968 corru-

147 3994 284 4087 ptiones
299 3993 376 4063 ficri
401 3994 439 4064 in
462 3992 619 4070 instanti.
665 4076 670 4084 ,

248 4145 292 4218 ln
307 4141 363 4217 his
379 4144 679 4238 disputationibus
695 4146 857 4218 rixantur
872 4148 990 4232 etiam,
1005 4157 1126 4218 utrum

146 4249 356 4323 continuum
378 4271 420 4318 ex
442 4245 723 4316 indivisibilibus
746 4263 989 4340 componatur.
1042 4246 1127 4318 Ari·

140 4352 287 4422 ·stoteles
302 4362 396 4421 recte
416 4348 577 4419 defendit
593 4342 738 4442 physice
760 4373 834 4419 non
858 4350 1023 4441 componi
1040 4375 1126 4421 con·

145 4453 286 4522 tinnum
300 4474 342 4520 es
353 4450 645 4523 indivisibilibus.
696 4448 786 4522 Nam
802 4452 1033 4522 indivisibilia
1051 4476 1124 4522 non

112 4546 115 4551 ¹
146 4553 357 4638 contingunt
373 4551 592 4636 seinvicem,
618 4551 669 4622 sic
692 4552 788 4622 enim
814 4554 939 4625 fierent
961 4554 1125 4623 divisibi-

144 4652 204 4725 lia.
254 4648 324 4721 Sed
341 4645 405 4721 has
420 4654 573 4742 argutias
587 4653 850 4747 relinquamus,
874 4679 957 4724 narn
985 4657 1047 4749 qui
1068 4655 1125 4723 di-

145 4765 232 4824 cunt
259 4751 391 4822 lineam
413 4776 454 4822 es
483 4753 632 4825 intinitis
664 4755 804 4846 punctis
833 4758 1019 4847 componi,
1050 4779 1124 4826 non

145 4853 344 4947 loquuntur
379 4848 542 4946 physice,
586 4857 648 4925 sed
688 4859 734 4926 de
773 4852 1019 4928 mathematica
1060 4859 1125 4927 alr-

144 4953 350 5035 stractione,
375 4976 466 5047 qrrae
486 4954 687 5028 considerat
708 4956 844 5052 aliquid
867 4958 904 5028 in
928 4959 1021 5028 linea
1042 4959 1125 5042 tale,

142 5055 237 5148 qnod
254 5078 329 5125 non
347 5054 477 5126 dividit
493 5055 530 5123 in
548 5069 682 5145 partes,
704 5058 795 5130 sicut
813 5060 851 5128 in
866 5059 1124 5144 numeratione,

142 5180 222 5227 cum
251 5159 296 5227 ad
319 5157 492 5228 unitatem
519 5171 665 5229 ventum
694 5174 763 5246 est,
803 5184 878 5232 non
907 5162 946 5233 lit
974 5161 1125 5234 ulterior

141 5259 284 5336 divisio.

1169 402 1290 488 desid
1312 402 1494 503 differunt
1511 421 1635 484 motus
1654 419 1838 512 reputorte
1861 427 1900 490 et
1920 418 2171 515 irregularia?

1291 555 1506 650 Regularem
1521 577 1667 651 vocant,
1690 570 1753 661 qui
1770 571 1908 664 aequali
1932 584 2089 664 tempore
2115 598 2177 645 ae-

1192 660 1297 751 quale
1313 662 1470 752 spacium
1493 665 1676 752 describit,
1701 684 1742 738 ut
1763 687 1878 742 motus
1901 673 2007 764 primi
2029 674 2175 743 mobilis

1191 783 1328 851 semper
1348 762 1385 829 in
1407 761 1457 836 24
1481 759 1578 833 boris
1607 769 1803 847 conficitur.
1871 771 1923 843 lta
1956 776 2001 843 de
2023 775 2173 864 singulis

1192 861 1338 930 orbibus
1366 865 1574 936 coelestibus
1601 869 1752 942 dicimus
1785 875 1921 943 moveri
1937 875 2096 961 singulos
2113 900 2175 965 per

1193 983 1266 1031 sese
1290 964 1529 1035 consideratos
1552 971 1697 1060 proprio
1719 987 1818 1043 motn
1840 976 2065 1064 regulariter,
2091 977 2174 1069 qnia

1191 1065 1330 1153 corpori
1347 1067 1498 1157 simplici
1512 1073 1677 1160 competit
1698 1074 1826 1144 unicus
1848 1077 2020 1146 naturalis
2044 1093 2173 1155 motus,

1192 1166 1358 1255 proprius
1373 1180 1407 1234 et
1425 1170 1604 1257 regularis.
1655 1168 1812 1244 Econtra
1837 1201 1921 1246 vero
1943 1192 2059 1248 motus
2082 1178 2173 1245 irre·

1192 1266 1488 1354 gularisdicitur,
1514 1271 1575 1362 qni
1601 1277 1739 1366 aequali
1762 1290 1920 1367 tempore
1941 1302 2014 1349 non
2040 1279 2173 1346 descri-

1192 1368 1245 1437 bit
1265 1369 1423 1459 aeqnalia
1456 1372 1590 1459 spacia,
1630 1388 1670 1446 ut
1698 1377 1864 1447 animalia
1893 1379 1981 1448 alias
2013 1378 2173 1457 celerius,

1192 1469 1278 1537 alias
1295 1471 1430 1539 tardius
1452 1486 1651 1542 moventur.

1218 1685 1365 1756 Verane
1386 1694 1441 1756 est
1465 1690 1685 1779 propositio:
1712 1691 1828 1762 Omne
1852 1691 1949 1786 quod
1973 1702 2154 1781 metetur,

1499 1785 1547 1858 ab
1571 1790 1647 1861 ulio
1666 1788 1862 1863 movetur?

1292 1930 1427 2005 Multae
1451 1938 1692 2010 cavillationes
1715 1957 1748 2013 et
1775 1937 1906 2014 dehac
1930 1943 2171 2036 propositione

1190 2034 1404 2122 excogitatae
1420 2053 1517 2108 srrnt:
1554 2036 1674 2110 Omne
1692 2047 1789 2135 qnod
1814 2058 1995 2129 movetur,
2026 2046 2072 2114 ab
2098 2044 2169 2112 alio

1190 2147 1364 2206 movetur.
1416 2137 1485 2207 Sed
1509 2145 1795 2228 respondendum
1813 2159 1865 2214 est
1880 2144 2052 2230 breviter,
2079 2139 2171 2213 hanc

1190 2236 1465 2325 propositionem
1486 2264 1558 2310 non
1576 2266 1649 2311 esse
1667 2268 1784 2314 veram
1798 2246 2056 2317 universaliter.
2090 2241 2171 2313 Etsi

1190 2336 1284 2404 enim
1301 2341 1545 2424 generationes
1568 2356 1601 2410 et
1623 2347 1870 2437 corruptiones
1891 2370 1965 2415 non
1987 2346 2078 2414 lirant
2099 2345 2169 2413 nisi

1189 2437 1305 2528 prima
1329 2461 1452 2524 causa,
1477 2441 1600 2522 idest,
1626 2442 1721 2526 Deo,
1746 2470 1808 2515 seu
1831 2461 1871 2518 ut
1884 2440 2097 2536 Philosophi
2114 2445 2170 2514 lo·

1188 2551 1365 2630 quuntur,
1392 2557 1490 2611 motu
1515 2544 1656 2612 coelesti
1677 2547 1819 2617 fovente
1842 2560 2025 2629 naturam,
2052 2561 2168 2617 tamen

1188 2641 1231 2708 de
1248 2652 1346 2708 motu
1367 2642 1471 2710 locali
1494 2668 1575 2712 vere
1594 2645 1735 2720 dicitur.
1788 2647 1887 2741 Ignis
1909 2671 1972 2738 per
1994 2669 2069 2715 sese
2089 2669 2168 2715 sur·

1187 2763 1265 2809 snm
1281 2743 1406 2826 tendit,
1428 2767 1532 2832 grave
1549 2747 1726 2821 deorsum.
1777 2748 1907 2818 Anima
1923 2747 2080 2835 cogitans
2094 2769 2169 2815 sese

1186 2854 1324 2926 movet,
1347 2843 1450 2912 etiam
1470 2870 1544 2913 non
1561 2860 1653 2916 mota
1670 2850 1716 2918 ab
1737 2850 1887 2921 obiectu.
1938 2847 2047 2930 ltem,
2073 2861 2167 2916 recte

1184 2942 1317 3012 dicitur
1332 2945 1487 3034 potentia
1507 2948 1584 3017 loco
1607 2949 1741 3019 motiva
1762 2950 1801 3017 in
1821 2948 1967 3019 animali
1991 2971 2064 3018 sese
2084 2972 2167 3017 mo·

1184 3068 1285 3127 vere,
1311 3059 1377 3116 etc.

1285 3161 1472 3233 Caeterum
1488 3159 1546 3233 hic
1563 3163 1770 3235 discrimina
1792 3166 2046 3237 consideranda
2070 3182 2166 3246 sunt.

1182 3263 1250 3333 alia
1267 3279 1350 3334 sunt
1365 3264 1595 3335 essentialiter
1609 3267 1782 3352 ordinata,
1796 3268 1860 3338 ubi
1876 3292 1950 3337 non
1961 3269 1999 3338 lit
2009 3269 2168 3353 effectus,

1181 3364 1252 3432 nisi
1270 3366 1388 3436 omnia
1404 3379 1626 3447 concurrant,
1652 3381 1690 3437 ut
1707 3371 1745 3436 in
1757 3370 1984 3459 generatione
1998 3364 2168 3455 bominis,

1182 3467 1339 3546 coelum,
1367 3481 1484 3558 pater,
1510 3480 1632 3538 mater.

1283 3586 1362 3653 ntia
1382 3609 1455 3653 non
1472 3601 1555 3655 sunt
1572 3586 1805 3655 essentialiter
1829 3587 2014 3678 ordinata,
2034 3601 2075 3658 ut
2091 3589 2165 3656 dno

1182 3687 1264 3780 equi
1287 3683 1465 3756 trahentes
1490 3710 1644 3756 currum.
1705 3686 1774 3756 Hic
1798 3711 1871 3755 non
1895 3702 1945 3759 est
1967 3689 2163 3760 neccssaria

1181 3787 1376 3880 copulatio,
1402 3803 1561 3879 utsupra
1580 3791 1623 3856 de
1645 3789 1757 3857 causis
1772 3789 1938 3860 diximus.

1283 3903 1444 3981 Recitavi
1468 3906 1673 3995 praecipuas
1696 3906 1882 3990 materias,
1912 3929 2003 3998 quae
2027 3905 2067 3974 in
2088 3907 2164 3975 ele·

1179 4009 1308 4075 mentis
1324 4003 1488 4100 physicae
1504 4009 1686 4077 doctrinae
1702 4009 1747 4077 ab
1764 4004 1998 4079 Aristotelicis
2011 4009 2165 4077 tradun-

1180 4109 1292 4179 turin
1315 4109 1538 4177 enarratione
1555 4110 1749 4193 librorum,
1775 4132 1928 4200 quorum
1952 4108 2077 4178 titulus
2094 4122 2162 4179 est:

1180 4213 1225 4282 de
1241 4206 1399 4305 physicis
1415 4210 1744 4283 auscultationibus.

1281 4328 1355 4400 Sed
1370 4342 1477 4399 restat
1501 4342 1674 4419 postrema
1695 4325 1911 4418 disputatio,
1936 4338 2100 4417 quaeest
2125 4327 2162 4393 in

1178 4431 1272 4501 libro
1296 4445 1440 4513 octavo,
1474 4453 1565 4522 quae
1584 4429 1743 4500 continet
1763 4430 1854 4498 duos
1876 4427 2032 4516 insignes
2051 4427 2162 4510 locos,

1177 4534 1240 4627 qui
1256 4555 1478 4625 nequaquam
1494 4545 1576 4605 sunt
1593 4527 1908 4624 praetermittendi.

1193 4682 1199 4688 ·
1252 4708 1255 4712 -
1278 4647 1385 4719 Prior
1411 4660 1480 4732 est,
1513 4649 1577 4741 qui
1607 4649 1709 4718 docet
1738 4647 1884 4720 unicum
1909 4666 1984 4715 esse
2002 4643 2163 4738 primum

1176 4765 1369 4831 motorem,
1395 4764 1599 4835 aeternum,
1627 4749 1786 4820 infinitae
1807 4746 2008 4839 potentiae,
2032 4759 2067 4817 et
2088 4745 2162 4817 im-

1176 4853 1356 4924 mobilem.
1408 4849 1477 4920 llic
1494 4853 1688 4921 iucundum
1703 4865 1754 4921 est
1768 4849 1890 4920 videre
1904 4849 2016 4937 ipsam
2039 4871 2162 4917 rerum

1175 4969 1339 5024 naturam
1359 4955 1463 5022 nobis
1478 4952 1760 5023 monstratricem
1774 4975 1850 5023 esse
1863 4948 1954 5035 Dei,
1980 4963 2013 5019 et
2029 4951 2160 5018 ducem

1176 5058 1280 5126 nobis
1303 5078 1377 5124 esse
1401 5057 1444 5124 ad
1471 5056 1540 5125 Dei
1562 5056 1791 5144 agnitionem.
1848 5049 1898 5121 Et
1920 5051 2065 5144 quidem
2090 5043 2159 5116 hn-

1175 5174 1273 5230 nesta
1289 5158 1411 5248 opinio
1428 5159 1471 5224 de
1487 5155 1563 5226 Deo
1578 5158 1616 5226 in
1632 5155 1763 5226 nostris
1777 5154 1954 5223 mentibus
1969 5151 2160 5221 conflrma-

1175 5269 1234 5329 tnr
1249 5257 1304 5330 his
1326 5259 1706 5337 demonstrationibus,
1733 5277 1819 5349 quas
1834 5254 1940 5323 etiam
1954 5253 2031 5322 vult
2049 5250 2160 5342 aspici

1175 5358 1306 5434 Paulus
1322 5360 1359 5428 in
1383 5359 1495 5450 capite
1513 5360 1561 5429 ad
1586 5356 1769 5430 Romanos
1790 5355 1926 5448 primo,
1957 5366 1992 5424 et
2014 5376 2095 5424 cum
2119 5351 2159 5419 in
