4538 5754
116 272 192 350 ω
259 344 261 353 ,
345 256 557 340 scauri
581 256 658 333 an
683 252 800 330 uu.
826 253 894 330 ao
919 253 1048 331 msr.
1073 249 1219 336 mor.
1237 199 1311 330 'nr
1336 253 1529 337 anuos.
1560 253 1885 335 srucrauru.
2013 254 2137 367 *sss

122 439 255 510 diserte
275 431 454 498 nominari
476 431 632 515 crimen,
655 440 714 513 ut,
739 424 869 496 Verres
882 440 934 499 est
946 426 1019 496 lur:
1055 424 1106 496 its
1154 427 1320 518 ponitur,
1351 439 1471 498 tamen
1502 423 1590 498 haec
1618 429 1693 521 ipsa
1716 428 2010 502 commonefactio
2035 429 2139 498 valde

123 527 302 610 discerent
327 539 421 596 recte
450 523 603 606 dicturi,
630 526 891 620 propositiones
920 527 1047 617 planas
1070 536 1106 594 et
1155 528 1255 599 utilis
1270 542 1341 615 est,
1364 531 1567 616 ostendens,
1592 531 1863 601 discernendam
1882 554 1956 602 esse
1970 532 2139 601 substan-

88 698 90 703 .
127 634 330 732 perspicuas
352 622 585 704 constituere,
617 635 653 691 et
678 627 857 735 viderent,
883 650 974 720 quae
1000 649 1107 696 voca-
1157 630 1246 701 tiam
1261 630 1307 700 ab
1322 631 1578 715 accidentibus,
1602 643 1636 701 et
1650 631 1855 701 discernens
1870 633 2032 703 absoluta
2048 652 2141 701 arc·

127 737 212 810 buta
236 730 365 826 quibus
387 738 481 796 recte
498 719 599 810 iungi
623 737 770 811 posunt·
826 726 901 796 Sed
921 728 952 795 si
975 748 1108 796 nomen
1157 730 1285 801 lativis.
1320 728 1461 801 Deinde
1475 732 1538 802 ubi
1555 745 1590 802 et
1606 732 1645 800 in
1660 733 1793 824 quibus
1806 733 1997 804 domiciliis
2010 754 2141 823 genera

128 824 352 932 κατηγορίας
367 849 442 896 ¹¹0⁰
458 819 716 893 ⁸⁰0¹1⁸225⁰¹10ffl
732 828 892 920 ‘Quium’
916 828 977 886 διὰ
991 827 1030 896 in
1045 849 1109 918 go-
1157 829 1410 922 definitionum-
1433 835 1634 926 quaerenda
1658 833 1750 917 sint,
1789 828 1875 903 baec
1901 834 1996 925 ipsa,
2025 827 2142 928 quari-

130 959 215 1010 nere
237 922 609 1019 commemorationem
631 918 879 1006 intelligimus,
901 913 959 986 bic
982 916 1109 986 titulus
1159 925 1784 1016 quambravt.‚c,t„11,m0n,1„t,
1833 931 1881 1003 E,
1904 959 1985 1005 ,um
2007 933 2144 1004 „cedit

132 1019 305 1127 significat
327 1023 420 1098 hanc
439 1016 635 1095 doctrinam
658 1021 861 1101 ostendere,
892 1039 983 1109 quae
1005 1040 1110 1086 voca·
1160 1024 1349 1094 mediocria
1372 1024 1577 1112 explicatio,
1610 1030 1761 1094 discitur
1785 1033 1824 1095 in
1850 1027 1914 1096 bac
1935 1046 2034 1120 parte
2051 1034 2144 1104 ratio

132 1139 216 1210 bula
232 1132 362 1228 quibus
383 1139 477 1197 recte
498 1125 711 1212 iungantur,
737 1141 798 1188 seu
819 1140 910 1210 quae
936 1118 1108 1188 vocabula
1160 1128 1253 1191 r'ecte
1274 1120 1481 1195 deliniendi.
1534 1125 1684 1195 Constat
1700 1139 1816 1196 autem
1844 1129 1883 1196 in
1905 1130 2006 1199 o'mni
2029 1134 2145 1222 expli-

132 1239 303 1327 cuiuoque
322 1228 451 1322 speciei
470 1238 633 1296 naturam
656 1219 816 1291 iudicent
838 1231 874 1289 et
895 1241 1111 1288 commemo-
1160 1221 1302 1291 catione
1325 1222 1482 1313 primum
1509 1225 1774 1297 constituendas
1804 1251 1877 1298 esse
1904 1231 2146 1313 definitiones,

132 1351 230 1416 rent,
256 1331 342 1427 quid
359 1330 405 1399 sit
417 1327 625 1399 subiectum.
677 1319 822 1392 Utrum
838 1320 998 1411 quaeris,
1021 1318 1109 1409 quid
1161 1335 1324 1392 ettotam
1348 1323 1597 1398 definitionum
1622 1326 1822 1398 doctrinam
1848 1332 2000 1401 maxime
2023 1355 2146 1400 neccs-

134 1441 182 1509 sit
195 1437 325 1513 virtus,
350 1451 426 1500 non
440 1428 546 1505 dicis,
571 1423 667 1493 utin
684 1421 924 1510 disputatione
937 1422 1032 1512 apud
1044 1418 1110 1490 Sc·
1161 1423 1290 1496 sariam
1312 1447 1396 1496 asse,

134 1560 258 1609 necam
274 1534 420 1623 legitur:
453 1527 576 1596 Victus
588 1537 640 1594 est
654 1521 805 1605 animal,
825 1520 941 1590 sedin
960 1545 1025 1592 suo
1043 1522 1109 1590 do·

133 1637 270 1709 micilio
296 1654 406 1723 genus
431 1628 583 1721 qnaeris.
640 1621 744 1692 Hanc
767 1623 879 1712 ipsam
899 1623 947 1692 ob
970 1629 1109 1691 causam
1376 1581 1471 1664 Qum
1485 1576 1930 1672 'unimssdlfflmetlffl

135 1753 227 1810 artes
243 1735 452 1829 traduntur,
477 1742 516 1800 ut
531 1725 660 1797 veritas
677 1723 885 1816 aspiciatur,
909 1736 942 1792 et
959 1722 1112 1813 propriis
1585 1693 1728 1773 Decem.

136 1838 255 1909 verbis
270 1835 455 1913 efferatur,
480 1852 521 1897 ac
539 1827 697 1896 vitentur
713 1823 898 1914 praestigia
912 1836 947 1892 et
961 1824 1037 1893 ludi
1052 1846 1112 1892 so·
1229 1871 1233 1880 .
1316 1809 1344 1884 Ι.
1371 1809 1600 1896 Substantia,
1752 1813 1818 1887 vl.
1842 1815 1985 1902 Passio,

135 1935 364 2033 phismatum.
415 1929 586 2000 Tcnenda
601 1940 653 1996 est
668 1924 777 2012 igitur
788 1924 896 1994 series
909 1947 1047 2006 vocum,
1073 1935 1113 1993 ut
1319 1911 1365 1983 ll.
1392 1912 1604 2002 Quantitas,
1752 1913 1842 1991 ‘vlt
1868 1916 2045 2005 Quando,

63 2058 69 2067 ‘
137 2063 226 2135 quae
240 2049 332 2106 recte
347 2031 446 2122 iungi
471 2029 626 2122 possint,
654 2028 819 2098 discatur.
872 2023 956 2095 ldeo
982 2046 1112 2093 nomen
1316 2011 1382 2084 lli.
1411 2012 1592 2102 Qualitas,
1643 2102 1647 2108 Ι
1758 2014 1857 2091 Vttt.
1887 2017 1978 2103 Ubi,

135 2131 341 2236 κατηγορία
365 2129 424 2203 hic
454 2143 667 2220 usurpatur,
698 2127 799 2219 quasi
821 2125 945 2219 dictas
967 2123 1114 2195 Praedi-
1317 2110 1403 2188 llll.
1428 2112 1592 2204 Relatio,
1766 2116 1832 2188 lX.
1858 2118 1972 2203 Situs,
2121 2219 2124 2222 q

71 2244 99 2324 J
137 2241 249 2322 catio,
276 2237 401 2328 inqua
422 2233 599 2315 cernitur,
624 2226 901 2327 quaevotabula
919 2227 1114 2319 quibusat-
1319 2212 1365 2286 V.
1392 2212 1520 2306 Actio,
1765 2218 1811 2293 X.
1837 2217 2002 2294 Habitus.

137 2339 327 2413 tribuenda
341 2335 426 2406 tint·
495 2413 498 2418 ,
1000 2369 1002 2372 <
1037 2386 1042 2394 -
1267 2330 1448 2404 Dicuntur
1465 2349 1582 2406 autem
1596 2358 1724 2424 genera
1742 2338 2017 2427 generalissima,
2040 2340 2151 2423 idest,

239 2436 486 2527 Quintilianus
508 2432 592 2503 satis
617 2430 753 2500 erudite
778 2430 823 2498 de
847 2451 914 2498 usu
936 2427 1117 2519 praedica·
1167 2455 1324 2520 summa,
1351 2435 1434 2528 quia
1450 2437 1496 2506 ab
1512 2431 1568 2505 bis
1589 2439 1749 2528 proxime
1772 2441 1950 2508 acceditur
1975 2443 2018 2507 ad
2045 2465 2151 2508 vora.

136 2553 340 2610 mentorum
364 2536 540 2626 loquitur,
566 2533 697 2601 iudicat
722 2553 796 2598 esse
821 2541 931 2600 status
947 2524 1118 2599 Rhetori-
1167 2534 1311 2620 bulum,
1335 2539 1430 2628 quod
1454 2536 1548 2607 inter
1571 2538 1691 2607 omnia
1713 2539 1750 2607 in
1775 2564 1894 2608 rerum
1921 2553 2047 2609 natu„
2075 2543 2152 2631 pri.

130 2662 219 2724 5082
244 2639 281 2707 ld
304 2651 376 2718 ⁰⁸1,
401 2632 489 2706 Cum
508 2635 551 2701 de
575 2629 722 2701 bomine
737 2645 797 2701 ³⁰1
820 2629 1046 2722 deteall'qtta
1063 2627 1119 2698 dl·
1168 2658 1266 2705 mum
1287 2650 1356 2716 est,
1383 2638 1549 2707 videlicet
1568 2634 1653 2707 llus.
1707 2637 1756 2710 Ut
1776 2640 1886 2729 igitur
1908 2644 1997 2708 ordo
2021 2643 2151 2709 rectius

101 2831 105 2835 ‚
140 2756 262 2812 cturus
278 2760 332 2821 es,
352 2735 410 2804 dic
431 2735 587 2825 primum
608 2735 651 2802 de
668 2731 862 2800 substantia
880 2730 974 2813 eius,
998 2742 1118 2823 postea
1169 2737 1283 2805 teneri
1306 2738 1433 2828 possit,
1469 2761 1576 2829 supra
1609 2738 1753 2808 ordines
1783 2742 2150 2830 praedicamentorum

139 2846 186 2912 de
202 2843 416 2933 quantitate,
441 2834 572 2903 deinde
593 2837 636 2902 de
652 2833 841 2925 qualitate,
867 2834 912 2900 de
934 2831 1120 2901 relationi·
1165 2860 1305 2928 semper
1326 2838 1530 2909 memineri,
1561 2841 1808 2909 collocandum
1835 2865 1909 2910 „30
1937 2844 2150 2912 ,ombuqum

138 2945 227 3027 bus,
252 2938 410 3020 deloco,
436 2937 480 3003 de
500 2948 677 3024 tempore.
704 2949 769 3002 etc·
822 2930 869 3002 Ul
884 2933 914 3001 εἰ
931 2934 975 3001 de
989 2933 1120 3004 villule
1168 2935 1264 3025 llus,
1287 2953 1329 3010 ut
1342 2940 1380 3009 in
1392 2941 1626 3033 inquisitione
1639 2964 1758 3009 rerum
1775 2937 1901 3011 habeat
1923 2966 2022 3012 mens
2048 2944 2150 3036 quasi

140 3044 256 3121 diceb
279 3040 337 3109 (13⁰
359 3038 514 3128 Primum
539 3037 625 3129 quid
651 3036 715 3118 δὴ,
741 3046 861 3125 P⁰⁸¹⁰³
882 3033 1034 3124 partire,
1057 3034 1120 3102 de·
1167 3055 1317 3125 metam,
1341 3042 1403 3111 ubi
1420 3042 1568 3114 resistat.
1614 3041 1653 3113 Si
1670 3042 1764 3109 enim
1782 3042 1940 3112 sinefine
1956 3059 2153 3133 vagaretur,

140 3145 225 3228 inde
249 3139 365 3235 qualis
385 3159 441 3208 1²⁸
463 3138 527 3218 ⁸3¹2
553 3139 599 3207 θῑῑ
620 3162 664 3204 ¹¹⁰
679 3137 835 3227 P⁰¹²⁰¹3³
852 3135 1044 3217 naturali&
1064 3134 1121 3201 fif-
1170 3143 1294 3212 fierent
1308 3141 1442 3211 incerta
1458 3156 1495 3212 et
1509 3142 1654 3213 confusa
1669 3143 1800 3216 omnia.
1845 3142 2016 3213 Versatur
2033 3145 2153 3238 itaque

140 3249 269 3325 setim,
295 3265 341 3310 ³¹¹
357 3234 507 3316 ballius.
531 3239 681 3320 deinde,
707 3260 797 3328 (tuae
819 3237 934 3304 virtut
957 3258 1121 3326 quenque
1170 3243 1288 3312 omnis
1311 3244 1495 3335 inquisitio
1519 3245 1612 3314 inter
1631 3244 1761 3332 species
1778 3245 2064 3332 specialissimas,
2091 3269 2152 3314 seu

141 3349 279 3422 deceat,
302 3352 422 3429 postea
436 3338 499 3406 ubi
514 3338 571 3410 sit.
601 3335 690 3405 Cum
709 3351 823 3404 autem
840 3335 1121 3426 praedicamenta
1168 3344 1322 3426 infimas,
1343 3357 1533 3435 quaesunt
1550 3345 1730 3435 proximae
1747 3345 1954 3430 individuis,
1976 3358 2010 3415 et
2025 3368 2154 3435 genera

142 3447 193 3512 sic
216 3439 484 3526 intelliguntur,
516 3451 555 3504 ut
579 3436 616 3503 in
641 3430 833 3506 Rhetorica
857 3449 985 3514 status,
1013 3437 1122 3524 magis
1170 3445 1453 3534 generatinirna,
1484 3446 1616 3539 quibus
1648 3446 1802 3534 primum
1837 3447 2051 3517 vocabulum
2078 3445 2153 3517 Ens

59 3587 72 3599 ,
143 3540 307 3630 congruit
321 3535 602 3606 nomensorense
611 3530 827 3631 κατηγορία.
854 3534 922 3606 sea
942 3560 1005 3604 nos
1020 3560 1121 3627 prae·
1170 3545 1372 3637 proximum
1392 3559 1458 3615 est.

143 3645 427 3711 ‹licamentorum
462 3660 565 3704 usum
600 3638 648 3704 ita
681 3649 936 3715 monstramus,
975 3651 1015 3705 ut
1048 3661 1120 3707 non

144 3762 348 3833 spargamus
370 3761 479 3807 unam
503 3751 577 3806 rem
606 3738 643 3805 in
672 3738 792 3805 omnia
822 3739 1121 3828 praedicamenta:
1349 3721 1452 3814 QW
1474 3721 1677 3807 eiilm'mfl
1697 3714 1829 3789 ‘filim
1847 3718 1980 3789 Elim?
2090 3799 2096 3809 .

143 3840 300 3913 sed-uni
330 3839 457 3930 speciei
488 3839 525 3907 in
555 3864 627 3908 uno
651 3841 954 3929 praedicamento,
988 3854 1120 3908 certum
1274 3850 1371 3920 Hm
1393 3865 1463 3921 est:
1500 3846 1576 3919 En,
1599 3863 1660 3920 aur
1689 3863 1741 3920 ρει
1769 3853 1985 3936 substantia,
2019 3866 2080 3921 ,ut
2105 3869 2155 3921 ρει

143 3940 624 4038 domiciliumuatlribuimus,
653 3957 692 4011 ul
713 3941 797 4007 inde
818 3941 909 4009 sumi
933 3963 1013 4007 vera
1035 3941 1123 4007 defi·
1172 3953 1344 4024 accidens,

143 4045 234 4115 nitio
251 4041 372 4134 possit.
426 4037 535 4108 Vetus
555 4055 671 4111 autem
689 4043 813 4110 titulus
836 4041 919 4108 libri
944 4043 1122 4129 praedica·
1502 4111 1510 4128 ,
1827 4111 1835 4127 .

144 4158 344 4215 mentorum
362 4140 446 4208 fuit:
470 4135 648 4229 περὶτῶν
661 4136 830 4212 καθόλου
845 4134 981 4238 λόγων,
1003 4142 1042 4208 ’ἱά
1062 4156 1125 4225 est,
1377 4144 1380 4149 ’
1440 4105 1538 4193 9ωᾶ
1558 4117 1617 4180 ⁰⁸²
1639 4106 1885 4180 summm?

145 4250 189 4317 de
204 4243 465 4318 universalibus
481 4265 542 4309 seu
565 4244 789 4329 generalibus
812 4242 1005 4331 capitibus,
1029 4246 1125 4311 unde
1277 4239 1557 4311 substantians
1580 4236 1678 4324 Eus,
1704 4242 1798 4333 quod
1825 4263 1945 4308 revera
1971 4243 2156 4330 proprium

144 4349 297 4418 sumitur
311 4333 424 4414 oratio
440 4345 484 4410 dc
500 4345 658 4436 qualibet
683 4343 837 4412 materia.
891 4340 1005 4414 Aiunt
1029 4345 1124 4412 enim
1175 4365 1248 4412 esse
1262 4337 1391 4426 habet,
1412 4357 1540 4410 necest
1557 4341 1593 4408 in
1612 4342 1699 4423 alio,
1725 4355 1765 4410 ut
1782 4337 1915 4409 babens
1937 4364 2010 4409 esse
2030 4367 2048 4409 a
2072 4346 2159 4412 sub-

146 4447 310 4519 libellum
342 4444 549 4518 Aristotelis
579 4438 756 4536 Archytae
796 4445 922 4514 veteris
955 4447 1125 4537 scriptum
1175 4446 1278 4515 iectu.
1319 4441 1415 4511 Haec
1432 4442 1590 4512 definitio
1608 4444 1871 4511 communisest
1889 4440 1985 4525 Deo,
2011 4457 2045 4511 et
2063 4466 2160 4510 crea-

101 4605 105 4608 .
148 4572 241 4627 esse,
267 4561 327 4615 aut
344 4560 546 4633 excerptum
568 4541 807 4639 exArcbytae
830 4546 1002 4616 doctrina.
1056 4546 1125 4616 Sed
1177 4547 1221 4615 tis
1245 4542 1462 4615 substantiis.
1514 4541 1583 4613 Sed
1607 4545 1654 4611 de
1674 4544 1802 4612 >creatis
1824 4543 1978 4611 traditur
1996 4544 2164 4612 delinitio·

145 4646 204 4719 bic
222 4647 347 4717 titulus
363 4641 537 4737 περὶτῶν
552 4639 722 4717 καθόλου
737 4638 860 4743 λόγων
880 4647 1050 4735 significat
1069 4671 1128 4715 eos
1177 4646 1364 4726 illustrior,
1382 4645 1463 4736 quia
1482 4639 1747 4712 menshumana
1764 4667 1827 4733 per
1839 4644 2032 4712 accidentia
2049 4668 2160 4733 agun-

145 4749 375 4829 intcllexisse,
400 4747 436 4813 iu
458 4742 524 4816 bac
546 4748 638 4816 serie
662 4749 813 4838 proponi
839 4747 1126 4816 distributionem
1178 4749 1243 4816 scit
1260 4746 1505 4817 substantiam.
1546 4744 1624 4813 Non
1642 4745 1736 4811 enim
1754 4745 1931 4812 cernimus
1948 4746 2060 4813 oculis
2076 4748 2161 4813 sub-

147 4873 266 4922 rerum
280 4847 569 4938 praecipuarum,
596 4836 754 4942 iuquam
772 4849 904 4919 intueri
920 4870 1058 4918 necesse
1074 4849 1131 4931 sit,
1178 4847 1324 4918 stantias
1336 4861 1443 4918 testas
1456 4846 1715 4928 accidentibus,
1740 4847 1802 4912 sed
1824 4862 1941 4913 mente
1970 4868 2026 4912 eas
2049 4870 2161 4932 agno-

147 4974 356 5047 quacunque
373 4950 417 5016 de
437 4972 474 5017 re
493 4950 642 5019 dicatur.
1179 4950 1319 5019 scimus.
1375 4945 1466 5018 Cum
1496 4946 1657 5013 videmus
1682 4970 1808 5036 aquam
1830 4970 1973 5013 manere
2000 4952 2163 5029 eandem,

495 5122 503 5137 ,
526 5122 533 5138 ,
743 5124 751 5141 ,
1180 5052 1253 5120 sive
1269 5050 1314 5118 sit
1328 5047 1467 5137 brigida,
1482 5047 1556 5114 sive
1572 5047 1615 5116 sit
1632 5047 1758 5132 calida,
1782 5047 2046 5129 ratiocinamur,
2062 5049 2160 5117 aliud

248 5123 423 5204 Quaem
446 5118 1030 5210 “mmPraedwamemmm?
1181 5152 1350 5244 quiddam
1374 5172 1446 5216 esse
1470 5149 1599 5215 formas
1620 5149 1700 5215 illas
1732 5149 1970 5228 discedentes,
2001 5162 2035 5215 et
2062 5150 2161 5216 aliud

247 5249 398 5322 Etiamsi
422 5247 489 5322 boc
517 5254 714 5324 locnnuda
740 5256 944 5326 distributio
968 5257 1130 5324 substan·
1182 5254 1276 5345 quod
1301 5273 1358 5318 eas
1382 5248 1541 5318 sustinet.
1593 5244 1659 5319 Est
1680 5272 1763 5337 ergo
1789 5248 1871 5316 satis
1899 5254 2162 5321 accommodata

149 5360 218 5429 tiae
237 5370 269 5426 et
287 5353 542 5434 accidentium,
569 5357 645 5425 sinc
663 5355 765 5445 longa
789 5358 1023 5448 explicatione
1046 5381 1131 5447 pro·
1183 5352 1358 5424 definitio:
1400 5348 1603 5421 Substantia
1629 5366 1680 5420 est
1703 5347 1796 5432 Ena,
1830 5352 1923 5440 quod
1952 5345 2058 5418 babet
2079 5374 2164 5440 pro-
