4538 5754
550 126 1557 292 ..nrooumssunsessaeus·

439 1232 519 1325 ιν.
572 1228 1012 1364 ΙΑιιαῑηνιιὶΝἰίῑΜ
1057 1234 1132 1326 tn
1187 1239 1470 1330 rennues
1528 1196 1824 1335 runnrusn

714 1406 719 1415 '
793 1440 798 1451 ι
874 1421 1065 1481 aarum
1097 1405 1363 1476 nominans.

644 1591 658 1676 (
668 1543 850 1656 tradedit
871 1594 943 1655 stet.
967 1584 1077 1655 editum
1097 1594 1129 1652 in
1150 1613 1219 1674 opp.
1233 1545 1351 1671 ‘Eistob
1372 1595 1410 1655 Τ.
1425 1547 1462 1654 ll.
1487 1613 1517 1674 p.
1531 1572 1627 1674 tlte)

129 1938 187 2052 ln
217 1976 324 2047 totius
354 1971 483 2045 'veteris
506 1971 728 2044 Testamenti
751 1975 902 2046 lectione
923 1977 1118 2068 prudenter
1166 1998 1264 2044 mum
1286 1975 1460 2046 referebat
1482 1972 1573 2045 hanc
1597 1978 1713 2046 sedem
1740 2001 1813 2047 non
1839 1982 1966 2066 deleri,
1992 1985 2086 2076 qnod
2106 2006 2136 2054 ea

132 2077 285 2153 discerni
309 2088 448 2168 oportet
471 2075 741 2166 promissionem
757 2077 955 2165 generalem
972 2078 1118 2167 gratiae,
1166 2076 1282 2144 deleta
1314 2099 1439 2166 magna
1467 2078 1651 2167 dissipatio
1677 2079 1780 2149 fiebat
1802 2077 2000 2167 Ecclesiae,
2038 2085 2137 2176 impe·

132 2181 369 2277 pertinentem
393 2177 438 2245 ad
460 2176 621 2246 omnium
647 2190 867 2265 temporum,
900 2178 1060 2248 locorum
1084 2191 1118 2249 et
1166 2177 1356 2248 diebautnr
1379 2192 1412 2248 et
1436 2179 1705 2267 negligebantur
1730 2181 1846 2250 studia
1869 2186 2072 2270 doctrinae,
2096 2199 2139 2255 at·

132 2283 289 2377 gentium
302 2275 518 2359 Ecclesiam,
545 2290 579 2346 et
593 2277 739 2347 alteram
756 2278 1026 2367 promissionem
1043 2278 1117 2348 sin·
1166 2302 1236 2370 que
1271 2279 1318 2347 ita
1354 2279 1516 2348 funditus
1546 2281 1733 2350 interitura
1763 2278 1923 2354 Ecclecia
1952 2286 2140 2368 videbatur,

132 2385 290 2478 gularern
321 2381 365 2449 de
396 2377 522 2470 politia
545 2375 703 2447 Mosaica
732 2379 817 2448 certi
847 2380 971 2470 populi
994 2378 1119 2464 lsra'e'l,
1167 2379 1258 2448 sicut
1279 2392 1315 2448 et
1335 2402 1461 2469 magna
1483 2403 1525 2449 ex
1547 2394 1645 2470 parte
1670 2396 1747 2470 post
1769 2384 1914 2454 erilium
1938 2400 2079 2458 secutus
2099 2400 2140 2456 est

134 2509 224 2582 quae
250 2481 315 2551 etsi
339 2491 373 2547 et
395 2479 469 2569 ipsa
495 2490 546 2546 est
568 2478 691 2566 ingens
714 2479 923 2566 beneficium
946 2477 1033 2563 Ilei,
1065 2494 1118 2550 ta·
1167 2480 1331 2550 interitus
1353 2476 1542 2552 Ecclesiae.
1598 2479 1681 2551 ldeo
1703 2483 1877 2552 excidium
1899 2487 2000 2556 urbis
2021 2487 2140 2558 Hiero·

134 2609 218 2656 men
245 2584 458 2652 immensum
488 2579 679 2648 discrimen
704 2593 755 2649 est
779 2579 874 2651 inter
896 2595 1116 2653 aeternarum
1167 2582 1322 2676 solymae
1351 2595 1386 2651 et
1417 2582 1599 2673 dissipatio
1630 2585 1743 2677 gentis
1777 2584 1940 2656 Iudaicae
1974 2612 2050 2659 non
2084 2590 2141 2659 luit

136 2708 257 2757 rerum
272 2696 306 2752 et
325 2679 517 2771 praesentis
532 2679 676 2769 politiae
692 2682 973 2771 promissionem.
1167 2695 1305 2753 tantum
1327 2683 1522 2771 corporalis
1538 2684 1734 2768 calamitas,
1760 2690 1820 2755 sed
1838 2689 1945 2758 simul
1955 2691 2070 2761 ’etiarn
2085 2693 2138 2760 du-

238 2782 323 2852 Fuit
345 2793 459 2850 autem
482 2782 670 2853 constituta
695 2783 838 2873 politia,
863 2797 903 2854 ut
925 2798 1039 2854 certus
1054 2807 1118 2874 po·
1169 2784 1254 2852 riter
1279 2783 1416 2853 adflixit
1436 2779 1652 2870 Ecclesiam,
1685 2810 1830 2879 eamque
1853 2793 2091 2880 angustiorem
2114 2802 2140 2860 st

137 2889 243 2982 pulus
265 2897 299 2954 et
322 2895 436 2952 certus
458 2881 556 2951 locus
581 2896 688 2973 esset,
715 2884 777 2975 qui
799 2897 888 2954 esset
908 2886 1006 2957 velut
1027 2898 1119 2954 certa
1168 2884 1423 2976 squalidiorem
1437 2885 1605 2959 reddidit.

139 2985 412 3067 scholaesedes,
440 2983 503 3052 ubi
521 2984 719 3055 illustribus
733 2986 944 3056 testimoniis
959 2999 993 3058 et
1011 2985 1119 3054 mira·
1269 2983 1361 3054 Cum
1391 2986 1500 3074 igitur
1530 2987 1575 3055 de
1597 2986 1732 3055 excidio
1759 2990 1858 3058 urbis
1881 2989 2140 3088 Hierosolymae

138 3090 228 3163 culis
254 3089 442 3156 ederentur
466 3087 732 3174 promissiones,
759 3099 792 3155 et
815 3088 966 3155 subinde
984 3099 1119 3177 repete·
1169 3086 1380 3176 cogitamus,
1405 3100 1465 3158 aut
1484 3087 1632 3177 legimus
1654 3082 1746 3156 hanc
1769 3091 2007 3163 tristissimam
2029 3117 2139 3189 quere·

138 3205 263 3264 rentur
285 3200 319 3258 ct
344 3185 659 3270 confirmarentur,
685 3198 718 3255 et
743 3187 806 3256 ubi
829 3187 981 3257 velutin
999 3183 1118 3256 schola
1169 3188 1258 3270 lam,
1284 3210 1406 3257 causae
1429 3189 1634 3276 cogitandae
1653 3201 1736 3259 sunt
1753 3194 1842 3262 tanti
1860 3193 1977 3263 luctus
1993 3191 2139 3285 Prophe·

139 3295 303 3364 excitaret
337 3285 433 3358 Deus
467 3286 627 3356 doctores
657 3299 823 3356 sonantes
851 3288 1048 3358 doctrinam
1077 3289 1121 3357 de
1170 3301 1242 3371 tae,
1267 3300 1301 3356 et
1323 3288 1555 3358 discernenda
1573 3301 1655 3359 sunt
1672 3291 1806 3361 excidia
1826 3291 1956 3364 Troiae
1974 3309 2008 3366 et
2024 3293 2138 3366 Hiero·

140 3395 237 3466 coelo
266 3390 451 3468 traditam,
485 3400 518 3455 et
546 3388 609 3457 ubi
632 3387 721 3475 libri
750 3388 825 3456 eius
856 3390 1038 3458 doctrinae
1060 3412 1122 3479 per
1170 3389 1336 3483 solymae.
1398 3385 1569 3481 Deplorat
1595 3385 1734 3460 Aeneas
1762 3393 1946 3465 interitum
1980 3420 2064 3467 suae
2088 3419 2138 3488 pa·

140 3507 254 3565 certos
278 3501 381 3558 testes
404 3487 686 3571 custodirentur,
713 3501 747 3558 et
770 3491 815 3557 ad
836 3503 992 3579 posteros
1006 3503 1121 3561 trans·
1169 3491 1275 3573 triae,
1302 3505 1335 3561 et
1357 3512 1462 3558 nemo
1480 3492 1556 3559 sine
1571 3491 1706 3579 ingenti
1721 3494 1844 3563 dolore
1862 3511 1976 3586 potest
1992 3513 2136 3569 ruentem

139 3597 376 3666 mitterentur.
417 3584 581 3679 Denique
608 3601 647 3656 ut
677 3602 810 3660 certum
839 3605 945 3672 esset,
981 3617 1051 3684 quo
1083 3592 1121 3660 in
1173 3588 1319 3681 patriam
1340 3591 1477 3660 videre:
1515 3582 1575 3661 s'ed
1601 3595 1644 3660 de
1667 3590 1878 3688 ierosolyma
1903 3612 1990 3668 tnnc
2013 3602 2164 3690 gravio.

140 3699 239 3777 loco,
266 3693 360 3761 inter
382 3711 470 3781 quos
495 3683 686 3776 homines,
701 3703 736 3759 et
759 3715 849 3782 pene
872 3692 997 3785 inquo
1016 3693 1122 3762 v'esti-
1173 3716 1226 3762 res
1250 3716 1372 3762 causae
1393 3693 1528 3762 doloris
1552 3706 1669 3776 erant,
1695 3697 1777 3784 quia
1805 3693 1861 3765 bic
1882 3699 1981 3769 locus
2004 3714 2078 3770 erat
2096 3722 2137 3767 se·

142 3799 201 3888 gio
221 3794 314 3864 Deus
335 3788 502 3859 Messiam
526 3791 639 3875 nasci,
666 3793 841 3883 conspici,
867 3795 983 3862 decori
1000 3808 1034 3862 et
1051 3793 1122 3884 pati
1172 3796 1233 3862 des
1253 3793 1455 3876 doctrinae,
1490 3809 1524 3864 et
1544 3794 1656 3863 forma
1676 3791 1854 3877 Ecclesiae
1877 3801 2137 3892 conspectioret

142 3897 259 3967 vellet.
310 3891 460 3982 Propter
480 3886 543 3960 has
568 3905 681 3964 tantas
700 3917 821 3963 causas
835 3895 996 3985 politiam
1012 3893 1123 3963 lsraiil
1174 3895 1409 3963 venerabilior
1436 3895 1524 3976 fuit,
1558 3897 1671 3964 donec
1700 3913 1793 3966 certa
1820 3902 1917 3968 sedes
1939 3903 2085 3985 mansit,
2113 3911 2136 3967 et

141 3999 240 4071 Deus
261 3993 461 4076 constituit,
490 4005 524 4061 et
539 3982 689 4063 assiduis
704 3995 884 4064 miraculis
900 3995 1058 4080 ornavit,
1083 4008 1129 4089 ut
1174 3995 1325 4086 populus
1346 3994 1475 4064 melius
1497 3997 1617 4071 doceri
1638 4010 1672 4065 et
1695 3999 1767 4085 regi
1792 4002 1925 4087 potuit,
1952 4017 1988 4073 et
2006 4025 2137 4073 consen·

143 4114 276 4172 certum
298 4108 386 4165 esset
406 4095 445 4161 in
466 4117 507 4163 eo
533 4097 684 4185 populo,
710 4119 827 4174 veram
853 4097 1052 4166 doctrinam
1068 4097 1124 4164 di·
1172 4118 1232 4165 sus
1246 4096 1427 4165 doctrinae
1440 4096 1580 4166 facilius
1595 4099 1824 4171 retinebatur.

143 4202 277 4272 vinitus
300 4196 485 4281 traditam,
517 4196 591 4264 veri
613 4194 681 4268 Dei
706 4196 944 4287 agnitionem,
978 4197 1124 4267 invoca·
1276 4195 1448 4266 Miserum
1472 4201 1581 4266 estin
1605 4199 1735 4267 talibus
1758 4201 1902 4271 excidiis
1921 4200 2074 4275 distrahi
2090 4225 2138 4295 pt·

144 4303 278 4375 tionem
289 4311 359 4397 „et
374 4321 494 4367 veram
509 4292 702 4366 Ecclesiam
719 4322 801 4368 esse.
1173 4312 1291 4367 rentes
1313 4313 1347 4368 et
1364 4311 1481 4382 natos,
1508 4299 1684 4387 coniuges.
1737 4298 1833 4371 Haec
1849 4304 2038 4393 deplorant
2052 4306 2139 4376 etiam

97 4413 100 4419 '
245 4397 359 4471 Erant
394 4399 551 4468 membra
581 4394 759 4467 Ecclesiae
786 4397 854 4467 Dei
887 4402 992 4470 etiam
1027 4400 1125 4484 alibi,
1174 4395 1339 4481 Etbnici,
1365 4400 1425 4466 sed
1448 4401 1561 4469 multo
1582 4399 1737 4471 tristiora
1762 4418 1845 4474 sunt
1866 4400 2140 4486 haecEcelesiaa

144 4504 257 4596 aliqui
279 4501 343 4596 qui
363 4501 561 4570 didicerant
573 4500 618 4567 ab
636 4496 702 4569 hoc
717 4500 849 4590 populo
865 4503 1126 4591 promissiones,
1175 4523 1263 4592 quae
1287 4501 1352 4567 scit
1375 4500 1560 4570 distractos
1582 4502 1744 4571 oblivisci
1766 4529 1868 4573 verae
1889 4507 2091 4591 doctrinae,
2112 4517 2141 4575 ut

145 4621 180 4677 et
202 4606 271 4673 fide
292 4625 371 4672 cum
395 4596 463 4669 boc
488 4601 620 4690 populo
640 4602 821 4671 coniuncti
837 4616 954 4686 erant,
981 4598 1126 4673 ethunc
1175 4624 1271 4669 nunc
1294 4623 1396 4691 saepe
1417 4601 1473 4684 fit,
1498 4625 1579 4670 curn
1595 4601 1708 4672 Turci
1730 4605 1911 4676 abducunt
1933 4623 2073 4699 captam
2089 4606 2146 4678 ali·

128 4698 269 4776 ¹verum
292 4702 407 4772 Deum
437 4701 499 4791 qui
528 4722 563 4769 se
592 4703 801 4791 patefecerat
832 4702 870 4769 in
892 4699 960 4772 hoc
984 4703 1127 4795 populo,
1174 4724 1280 4795 quam
1297 4701 1575 4775 multitudinem.

146 4807 380 4888 invocabant,
413 4825 453 4871 ac
479 4823 515 4870 sc
541 4803 650 4893 recipi
682 4815 825 4892 propter
848 4802 1016 4874 Messiam
1041 4827 1127 4873 ven·
1276 4801 1413 4871 Harum
1442 4798 1669 4873 horribilium
1700 4805 1920 4877 miseriarum
1947 4811 2142 4900 magnitudo

146 4923 265 4981 turum
286 4904 491 4976 credebant:
526 4906 588 4973 sed
609 4916 726 4974 tamen
742 4905 840 4974 sedes
855 4905 1038 4976 doctrinae
1053 4918 1127 4975 erat
1176 4927 1250 4973 non
1273 4905 1369 4973 subit
1391 4904 1528 4972 animos
1548 4926 1704 4987 securos,
1731 4908 1793 4998 qui
1814 4909 1851 4977 in
1876 4911 1954 4980 ocio
1971 4915 2060 4982 etin
2076 4932 2144 5005 pact

145 5013 184 5081 in
198 5013 268 5100 isto
286 5005 434 5098 populo.
1177 5001 1263 5074 haec
1285 5006 1378 5072 mala
1402 5029 1466 5073 nec
1488 5004 1619 5093 experti
1644 5021 1746 5090 sunt,
1782 5033 1846 5078 nec
1877 5011 2066 5099 viderunt,
2096 5011 2144 5082 sed

246 5105 325 5181 Etsi
339 5107 448 5197 igitur
460 5107 650 5177 discrimen
663 5121 716 5177 est
729 5107 975 5199 promissionis
987 5107 1127 5197 gratiae,
1179 5106 1288 5175 vicini
1305 5105 1476 5175 Turcieae
1492 5104 1674 5197 tyrannidi
1689 5110 1896 5199 quotidiana
1922 5116 2083 5206 exempla
2103 5113 2145 5184 ri·

146 5227 181 5283 et
203 5209 445 5303 promissionis
467 5210 511 5279 de
528 5210 671 5300 politia,
698 5209 944 5302 tamem-quia
961 5203 1047 5278 baec
1063 5232 1127 5299 po·
1178 5208 1274 5279 dent.
1340 5201 1389 5276 Et
1416 5207 1580 5275 umbram
1609 5207 1764 5277 vidimus
1789 5211 1826 5279 in
1850 5206 1917 5282 hoc
1942 5211 2147 5285 Germanico

146 5313 223 5385 litia
248 5325 323 5383 erat
343 5305 462 5383 schola
484 5324 519 5382 et
541 5313 640 5382 sedes
661 5305 838 5381 Ecclesiae
860 5324 971 5396 certa,
1013 5310 1127 5402 pluri·
1178 5310 1291 5394 bello,
1315 5307 1425 5378 factae
1441 5321 1523 5379 sunt
1537 5309 1658 5379 multis
1674 5310 1759 5380 locis
1774 5313 2021 5406 dissipationes
2036 5313 2149 5390 Eccle-
