4538 5754
96 226 125 300 a
207 222 209 228 ⁸
451 226 498 303 v.
549 178 1232 305 mnauamurnornnran
1254 218 1678 303 oounnnrsmus.
2001 228 2078 307 sss

96 399 134 470 ui
156 398 291 472 secisse.
351 395 455 469 Hane
484 421 607 470 vocem
627 398 790 475 Danielis
809 399 855 471 od
879 422 945 471 nos
966 392 1035 470 boe
1087 397 1275 490 promissio
1291 394 1720 470 naturalidubitationiet
1728 370 1879 470 ethnicis
1889 399 2074 494 opinioni-

96 525 206 594 npore
227 499 494 573 transferamus.
546 498 761 596 Quanquam
788 500 886 572 enim
908 514 1034 572 contra
1087 501 1167 586 bus,
1181 513 1216 571 et
1231 501 1414 571 excitanda
1431 499 1908 590 fidesnearguamusDeum
1924 508 2072 579 menda-

96 604 160 675 ieta
193 603 417 694 imperatoris
445 600 613 689 facimus,
646 602 765 673 tamesi
793 603 944 673 sciamus
967 626 1033 673 nos
1087 601 1146 673 cii.
1188 597 1410 691 Quare'haee
1431 602 1555 671 concio
1569 601 1609 669 in
1629 600 1762 697 offilo,
1787 626 1876 696 quae
1890 608 2070 694 praedicat

96 702 141 777 hil
164 706 250 775 mali
270 717 393 775 contra
416 726 497 774 eum
518 703 652 784 lacere,
678 727 744 774 nec
759 704 1033 776 esseseditiosos
1085 700 1201 774 Deum
1217 725 1291 773 esse
1300 705 1526 775 liberatorem
1539 715 1574 773 et
1588 700 1809 786 salvatorem,
1824 708 1904 776 ve're
1918 730 2068 799 evange-

96 808 266 879 claedere
281 806 495 877 maiestatem
520 804 756 897 superiorum.
806 804 910 877 Talia
935 806 1032 876 enim
1085 805 1153 875 lica
1168 818 1230 892 est,
1244 805 1335 877 sicut
1349 805 1410 875 illa
1423 802 1676 877 inlausta:
1694 803 1768 894 Qui
1783 820 1883 879 sanat
1897 809 2069 881 contritos

96 909 161 980 icta
182 908 312 978 violari
334 929 474 978 necesse
497 919 567 994 est,
601 930 692 1001 quae
705 907 851 1001 quidem
874 907 942 1000 ipsi
965 930 1032 1000 pro
1085 907 1211 993 corde,
1236 919 1270 979 et
1291 906 1415 997 alligat
1435 904 1664 977 contritiones
1685 931 1820 982 eorum.
1870 904 1967 982 Haec
1982 909 2068 981 tides

96 1010 215 1081 anibns
241 1006 371 1079 babere
393 1009 535 1083 debent.
586 1005 642 1080 lta
665 1004 760 1079 nihil
793 1009 880 1079 mali
907 1022 1031 1080 contra
1084 1008 1124 1078 in
1139 1007 1347 1104 quotidiana
1361 1008 1587 1082 invocatione
1601 1011 1793 1081 exercenda
1810 1022 1872 1086 est.

98 1126 296 1204 peratorem
310 1111 461 1182 faciebat
475 1107 744 1182 Nicomedensis
760 1110 943 1201 patricius,
968 1111 1031 1206 qui

96 1213 201 1284 ictum
217 1213 357 1304 publice
370 1209 593 1305 propositum
610 1213 819 1304 concerpsit.
855 1207 1032 1305 Oppono·
1439 1246 1505 1338 ca
1532 1255 1580 1336 ut
1611 1248 1699 1333 VH

96 1337 124 1385 rs
145 1314 256 1405 igitur
275 1338 399 1385 vocem
420 1310 603 1399 Danielis,
627 1309 684 1384 his
697 1315 761 1408 qui
780 1327 946 1387 accusant
965 1336 1032 1385 nos
1504 1274 1531 1361 p
1699 1308 1712 1333 ⁴

96 1416 308 1501 utumaeiae,
340 1428 375 1486 et
403 1415 609 1505 vituperant
637 1432 807 1511 tanquam
835 1415 1031 1487 seditiosos.-
1185 1413 1256 1488 Hie
1277 1413 1405 1489 Daniel
1427 1414 1544 1491 iucoat
1564 1416 1725 1509 proprias
1750 1415 1904 1489 visiones
1923 1417 1969 1489 de
1989 1440 2069 1490 suo·

96 1512 213 1587 thaec
234 1517 465 1591 reclamemus
472 1565 485 1599 ,
508 1513 584 1590 Nos
600 1511 694 1589 nihil
715 1517 802 1589 mali
822 1532 946 1590 eontra
961 1517 1032 1589 im·
1083 1512 1240 1589 cessione
1270 1519 1519 1612 imperiorum,
1550 1521 1650 1592 etde
1671 1520 1826 1592 adventu
1847 1514 1997 1607 Christi,
2028 1542 2070 1591 ac

96 1619 379 1712 ratoremfacere.
1084 1620 1276 1691 certamine
1295 1618 1493 1703 Ecclesiae,
1518 1621 1615 1714 quod
1638 1621 1825 1711 postremis
1847 1621 2068 1713 temporibus

506 1770 571 1848 lx·
1083 1723 1244 1794 futurum
1266 1735 1352 1795 erat.
1404 1722 1489 1795 Ideo
1512 1722 1607 1793 enim
1627 1717 1714 1793 haee
1730 1722 1819 1792 visio
1834 1718 1990 1794 exhibita
2006 1735 2070 1809 est,

1083 1835 1125 1895 ut
1139 1822 1394 1915 significaretur
1408 1838 1547 1916 tempus
1561 1825 1734 1899 adventus
1747 1820 1901 1910 Christi,
1926 1847 1971 1894 ne
1983 1847 2068 1916 pro-

142 1888 270 1977 N⁰⁰⁰’
301 1889 423 1963 pm
452 1879 751 1965 “lumniimmm
772 1891 941 1964 'dmm‘
964 1887 1032 1964 ¹¹⁰·
1109 1936 1162 1997 ter
1183 1950 1319 1997 moram
1341 1939 1378 1999 et
1483 1940 1536 2000 ter
1551 1925 1759 1999 afflictiones
1799 1925 1826 1995 ii
1841 1927 1903 1997 des
1929 1937 2069 1997 ararent

96 1988 388 2083 stangelii‘de
408 1994 542 2067 iudicio
564 1989 653 2076 Dei,
686 2003 722 2063 et
742 1989 953 2067 adhortatur
972 2015 1032 2066 eos
1083 1947 1336 2120 gemmis·
1391 1950 1482 2021 prop
1774 1950 1797 2020 Ρ
1905 1950 1927 2018 P

98 2095 368 2190 Wffilfflfiflm·
458 2164 461 2171 -
1183 2127 1297 2202 Porro
1309 2132 1438 2203 iterum
1451 2128 1492 2200 in
1504 2124 1562 2201 his
1574 2128 1752 2200 vaticiniis
1763 2128 1951 2214 admoneo,
1970 2128 2069 2220 quod

511 2245 558 2324 x,
1083 2252 1189 2323 supra
1210 2232 1347 2305 dictum
1370 2243 1441 2319 est,
1466 2231 1711 2324 multipliciter
1732 2229 1868 2301 erudiri
1889 2243 1923 2300 et
1937 2228 2072 2300 contir-

1082 2332 1175 2403 mari
1198 2326 1405 2405 Ecclesiam.
1460 2329 1623 2404 Primum
1652 2344 1825 2413 testantur
1846 2329 1962 2402 Deum
1994 2352 2068 2426 esse

1082 2447 1243 2506 autorem
1266 2435 1518 2528 imperiorum,
1543 2434 1629 2505 item
1643 2426 2068 2505 detendtecservarilto-

1082 2535 1225 2607 clesiam
1239 2537 1333 2608 inter
1346 2532 1433 2607 haec
1447 2535 1607 2627 imperia.

1185 2635 1370 2723 Secundo,
1395 2661 1475 2709 cum
1488 2637 1745 2730 praedictiones
1758 2638 1803 2709 de
1818 2634 1984 2707 omnibus
1999 2634 2068 2706 im·

1082 2740 1191 2833 periis
1212 2741 1412 2825 evenerint,
1438 2753 1577 2812 constat
1592 2735 1687 2811 haud
1703 2740 1813 2810 dubie
1827 2737 1968 2808 divinas
1982 2759 2067 2812 esse.

1083 2840 1203 2931 Quare
1223 2843 1407 2911 latendum
1426 2853 1476 2910 cst
1490 2842 1577 2910 istos
1591 2837 1786 2931 Prophetas
1802 2862 1884 2909 vere
1902 2835 2067 2925 habuisse

502 2919 566 2994 xl·
1082 2943 1231 3015 verbum
1245 2939 1333 3028 Dei,
1356 2954 1392 3012 et
1413 2936 1507 3011 hanc
1526 2942 1724 3013 doctrinam
1746 2965 1853 3035 quam
1871 2940 1976 3011 uobis
1990 2952 2067 3010 tra-

141 3042 362 3127 Undecimo,
394 3039 632 3114 Observanda
655 3041 767 3115 estin
792 3042 908 3115 edicto
937 3045 1029 3136 regis
1081 3044 1347 3116 dideruntvere
1363 3043 1523 3112 divinam
1539 3066 1625 3117 esse.

96 3148 244 3237 angelica
260 3147 405 3229 concio,
429 3145 497 3230 ait,
523 3141 632 3213 Hunc
646 3142 762 3214 Deum
777 3141 936 3216 Danielis
955 3171 1029 3217 esse
1183 3142 1329 3236 Tertio,
1352 3158 1503 3215 mouent
1519 3145 1625 3216 etiam
1640 3165 1706 3214 nos
1722 3144 1767 3213 de
1780 3142 1911 3213 suturis
1924 3142 2065 3235 pericu·

96 3251 285 3321 beratorem
303 3260 338 3319 et
353 3244 586 3319 salvatorem.
638 3244 809 3317 Nominat
823 3244 939 3318 Deum
955 3249 1029 3320 Da·
1080 3248 1145 3330 lis,
1178 3259 1218 3317 ut
1239 3249 1487 3330 observemus,
1518 3246 1634 3338 qualis
1654 3245 1701 3314 sit
1723 3237 1986 3328 Antichristus,
2019 3268 2066 3316 ne

96 3350 164 3437 elis,
190 3351 226 3419 id
245 3364 314 3428 est,
339 3348 401 3442 qui
418 3348 622 3439 agnoscitur
635 3361 669 3418 et
683 3347 815 3418 colitur
830 3348 898 3419 fide
915 3350 1029 3438 verbi,
1080 3350 1215 3421 incauti
1237 3347 1470 3425 assentiamur
1492 3346 1782 3436 belligerantibus
1795 3370 1876 3415 cusu
1893 3369 1975 3415 vera
1993 3342 2064 3417 Ec-
2160 3421 2161 3424 Ἴ

96 3452 140 3521 od
170 3451 350 3544 praedicat
379 3447 528 3533 Daniel,
566 3451 649 3540 quia
679 3450 828 3519 verbum
855 3449 1028 3522 divinitus
1080 3453 1206 3537 clesia,
1231 3474 1296 3522 uec
1311 3462 1456 3545 propter
1470 3449 1633 3519 scandala
1650 3447 1982 3520 deficiamusafide.

96 3554 213 3624 ditum
237 3550 407 3622 discernit
422 3547 616 3620 Ecclesiam
642 3572 662 3616 a
688 3545 877 3625 Gentibus.
928 3554 1028 3625 Deus

96 3646 138 3724 im
158 3679 234 3725 nou
256 3654 333 3723 vult
357 3652 500 3740 agnosci
527 3664 589 3720 aut
613 3648 682 3719 coli
705 3650 783 3720 sine
810 3653 929 3747 aliquo
960 3658 1025 3725 suo
1435 3641 1679 3711 Dusarsutio.
1703 3724 1706 3729 ν

96 3758 152 3826 cbo
175 3771 210 3827 et
230 3755 445 3845 testimonio.
496 3751 581 3821 ldeo
608 3750 758 3821 dicitur:
788 3750 885 3825 Deus
909 3754 1026 3826 Abra·
1180 3756 1230 3831 Ut
1251 3769 1369 3827 autem
1390 3779 1497 3844 supra
1522 3770 1673 3848 quatuor
1689 3744 1914 3825 monarchias
1930 3752 2063 3825 consti-

96 3885 143 3938 m,
169 3859 206 3927 id
223 3873 292 3941 est,
318 3856 380 3949 qui
394 3855 493 3924 dedit
511 3847 579 3921 hoc
593 3854 761 3939 verbum,
788 3847 851 3924 has
873 3859 1027 3950 promis-
1078 3861 1169 3947 tuit,
1200 3861 1250 3930 ita
1274 3853 1362 3929 haec
1387 3858 1475 3928 visio
1496 3859 1639 3929 easdem
1661 3851 1887 3927 monarchias
1909 3856 2063 3928 ostendit

97 3984 159 4030 nes
175 3953 338 4030 Abrahae
355 3970 419 4027 etc.
472 3954 532 4025 Sic
547 3953 679 4024 dicitur
694 3950 790 4024 Deus
805 3954 933 4045 lsra'e'l,
961 3959 1026 4054 qui
1077 3963 1147 4034 alia
1163 3961 1289 4052 specie.

96 4063 147 4132 asi
169 4077 204 4133 te
226 4065 269 4129 de
299 4073 393 4128 terra
418 4053 582 4150 Aegypti.
636 4053 696 4124 sic
727 4079 793 4125 nos
821 4059 1026 4131 invocamus
1180 4062 1254 4134 Leo
1276 4056 1662 4151 significatChaldaeos
1684 4054 1911 4154 etAssyrios.
1959 4055 2061 4127 Duae

96 4188 154 4233 nm
170 4161 309 4232 Patrem
326 4158 473 4229 Domini
487 4155 602 4225 nostri
618 4151 697 4225 lesu
713 4151 859 4228 Christi.
897 4160 1025 4233 Testa·
1077 4165 1154 4237 alae
1174 4164 1375 4253 significant
1397 4166 1485 4235 duas
1508 4163 1713 4255 praecipuas
1729 4176 1868 4251 gentes,
1894 4183 1985 4254 quae
1999 4182 2061 4250 per

96 4264 222 4352 *igitur
236 4285 295 4331 rex
314 4261 416 4329 illum
432 4256 549 4328 Deum
573 4280 647 4328 esse
660 4282 784 4328 verum
799 4257 936 4349 Deum,
963 4286 1026 4334 cu·
1077 4268 1171 4339 vices
1186 4279 1425 4357 regnaverunt
1440 4260 1638 4337 Chaldaeos
1654 4278 1690 4335 et
1704 4260 1880 4355 Assyrios.
1930 4256 2060 4331 Eleva-

109 4365 257 4435 verbum
273 4363 451 4454 praedicat
465 4359 608 4434 Daniel.
1077 4381 1137 4439 tur
1157 4389 1264 4458 supra
1279 4380 1428 4451 terram,
1454 4380 1488 4437 et
1502 4379 1659 4438 mutatur
1673 4366 1712 4432 in
1728 4364 1874 4450 figuram
1891 4357 2060 4445 hominis,

139 4463 281 4536 Deinde
297 4465 396 4534 addit
409 4464 559 4534 altenrm
574 4461 778 4549 discrimen,
796 4462 1025 4537 HoncDeum
1078 4471 1116 4541 id
1143 4483 1214 4555 est,
1245 4491 1393 4558 regnum
1418 4467 1522 4541 valde
1548 4467 1586 4536 bt
1609 4466 1822 4555 gloriosum,
1853 4476 1887 4534 et
1911 4463 2061 4549 deponit

96 4568 356 4640 eliberotorem
369 4578 404 4635 et
419 4569 639 4650 salvatorem,
664 4588 747 4634 nam
765 4578 800 4636 et
816 4563 884 4639 hoe
896 4568 1025 4640 discri·
1077 4570 1352 4655 immanitatem,
1377 4570 1459 4664 quia
1476 4582 1622 4640 vocatur
1635 4569 1679 4637 ad
1694 4565 1912 4654 agnitionem
1927 4565 2009 4638 Dei.

96 4695 119 4742 n
135 4684 188 4741 est
205 4690 309 4737 verae
324 4665 504 4754 religionis
519 4690 539 4734 a
557 4666 702 4736 caeteris
719 4666 897 4744 omuibus.
1180 4672 1291 4746 Ursus
1312 4670 1486 4760 siguificat
1508 4668 1643 4742 Persas.
1702 4663 1792 4737 Tres
1814 4666 1912 4758 longi
1934 4667 2058 4736 dentes

140 4770 214 4844 Ubi
232 4781 371 4841 tantum
389 4779 440 4836 est
461 4767 547 4857 tegis
570 4769 724 4855 noticia,
748 4784 868 4843 manet
880 4774 1025 4846 dubita·
1076 4775 1114 4846 in
1140 4798 1201 4846 ore
1226 4772 1426 4864 significant
1450 4784 1521 4841 tres
1543 4768 1751 4864 praecipuos
1775 4790 1891 4860 reges,
1915 4766 2059 4864 Cyrum,

95 4929 106 4960 ,
132 4887 167 4944 et
189 4871 312 4942 afflicti
337 4892 410 4939 non
435 4884 582 4959 possunt
604 4884 776 4957 statuere,
800 4870 915 4941 Deum
943 4898 1026 4944 vore
1075 4876 1246 4962 Darium,
1272 4873 1503 4946 Artaxerxen.

95 4978 130 5047 le
144 4973 317 5058 misereri,
344 4970 520 5057 exaudire,
544 4972 685 5058 iuvare,
710 4973 771 5042 sed
788 4968 1023 5066 Evangelium
1176 4976 1314 5050 Pardus
1344 4971 1518 5065 significat
1542 4969 1786 5044 Alexandrum
1812 4968 2056 5045 Macedonem.

96 5077 213 5162 mitat,
237 5077 334 5168 quod
352 5069 449 5144 Deus
463 5075 569 5163 gratis
584 5098 650 5146 nos
671 5075 815 5166 recipiat
832 5078 1024 5159 credentes,
1076 5074 1241 5166 Quatuor
1262 5077 1338 5149 alae
1358 5089 1392 5148 et
1414 5089 1568 5170 quatuor
1590 5072 1703 5167 capita
1724 5092 1941 5144 successores
1956 5088 2055 5144 sunt:

96 5204 143 5273 n,
169 5179 266 5273 quod
284 5199 366 5246 vere
388 5175 474 5245 velit
497 5179 664 5249 exaudire
687 5190 722 5249 et
744 5177 898 5263 salvare,
925 5178 1023 5273 quod
1074 5201 1158 5249 uam
1186 5194 1265 5273 post
1287 5178 1446 5270 ingentia
1470 5175 1660 5248 certamina
1683 5189 1838 5271 quatuor
1855 5176 1961 5244 duces
1979 5189 2056 5265 post

96 5306 132 5355 re
151 5281 258 5351 ladem
285 5277 463 5372 requirat,
494 5280 590 5370 quod
615 5274 684 5349 hoe
711 5278 808 5348 cultu
836 5282 1024 5371 praecipue
1074 5276 1337 5366 Alexandrum,
1362 5280 1596 5351 obtinuerunt
1612 5300 1719 5368 regna
1735 5276 1905 5358 maxima,
1930 5274 2055 5347 Seleu-

96 5382 220 5464 ivelit.
270 5375 501 5476 Oppouenda
514 5391 566 5453 est
582 5377 691 5473 igitur
704 5404 772 5475 vox
785 5377 1023 5480 Evangeliiet
1043 5433 1056 5472 ,
1073 5404 1135 5481 cus
1155 5381 1304 5488 Syriam·
1325 5394 1362 5459 et
1383 5380 1573 5472 ulteriora,
1603 5377 1825 5455 Ptolemaeus
1844 5373 2061 5471 Aegyptum,

141 2367 313 2453 Decimo,
339 2364 388 2439 Ut
410 2391 516 2461 supra
533 2363 734 2457 exemplum
749 2359 1032 2458 Nabogdonosor

96 2472 218 2543 ollicio
233 2470 435 2562 principum
447 2473 570 2554 docet,
595 2467 692 2562 quod
713 2467 867 2540 debeant
888 2471 1032 2542 abolere

96 2573 171 2666 pios
196 2573 313 2643 cultus
335 2585 417 2655 etc„
445 2573 496 2642 sic
519 2570 620 2642 Darii
639 2568 838 2660 exemplum
861 2563 1031 2643 hocloco

96 2698 135 2745 m
154 2677 278 2753 docet,
311 2673 374 2765 qui
396 2673 501 2743 etiam
524 2672 679 2743 edietum
709 2671 880 2763 proponit
902 2673 948 2743 de
968 2698 1030 2746 co-

96 2777 148 2846 nlo
161 2775 242 2848 Deo
259 2771 431 2844 Danielis.
