4538 5754
66 255 138 334 aar·
697 249 763 326 tv.
803 246 1080 330 mnsam
1105 224 1441 324 subruamus.
2004 247 2079 324 sss

13 446 19 463 ·
63 418 272 508 ῑοᾶξίωσις.
325 418 404 495 Etsi
421 434 539 496 autem
556 444 631 492 non
647 422 768 492 omnia
783 422 926 492 exordia
949 419 1048 490 simi·
1100 415 1339 506 gumentatio,
1359 431 1410 507 ut
1425 440 1489 509 pro
1507 416 1621 491 (lelio.
1672 417 1833 492 Audistis
1857 439 2024 510 cumpro
2048 443 2085 491 se

59 528 108 597 lia
123 540 232 613 sunt,
257 539 375 597 tamen
397 526 566 620 pleraque
591 523 716 594 Cicero
740 518 809 594 boc
830 525 937 593 modo
952 546 1050 593 com·
1099 518 1251 603 diceret,
1276 519 1424 591 audistis
1440 533 1542 592 antea
1557 544 1637 592 cum
1653 534 1852 607 accusaret,
1877 544 1988 612 genus
2002 546 2085 592 ora-

63 630 177 722 ponit.
230 627 301 699 Pro
325 623 458 698 Archia
489 626 594 696 initio
622 625 724 716 ponit
755 617 949 719 πρότασιν.
1009 622 1049 693 Si
1099 618 1226 706 tionis,
1251 620 1472 707 facultatem,
1492 623 1592 717 copia
1608 623 1863 694 sententiarum
1881 637 1986 717 atque
2004 647 2083 692 vec·
2199 686 2205 693 .

63 731 150 824 quid
169 729 210 799 in
231 732 385 800 dicendo
408 751 552 820 possum
573 726 761 819 praecipue
784 721 953 796 Archiam
974 723 1049 792 elo-
1099 722 1245 805 borum,
1278 745 1367 814 quae
1398 736 1512 795 vestra
1538 725 1726 817 prudentia
1749 739 1816 805 est,
1848 724 2085 817 perspexistis,

63 832 208 926 quentia
235 855 313 901 mea
341 831 435 901 tueri
457 831 581 903 debeo.
633 828 806 921 Sequitur
825 820 1049 917 κατασκευὴ,
1098 836 1205 915 atque
1219 821 1256 890 in
1273 847 1400 894 eonon
1422 824 1537 895 solum
1560 826 1744 922 ingenium
1768 827 1844 896 eius
1868 826 2006 897 elucere
2028 826 2083 892 vi-

64 956 152 1025 quae
169 948 222 1002 mt
236 933 328 1003 ratio
343 931 616 1025 propositionis,
642 930 724 1023 quia
742 925 895 999 Archias
910 927 1049 998 adiuvit
1099 924 1252 1008 debatis,
1277 927 1372 1017 quod
1391 948 1492 1017 saepe
1515 929 1642 1019 etiam,
1667 928 1697 998 si
1720 927 1894 998 industria
1919 950 1993 997 non
2015 927 2082 995 ali-

63 1029 147 1104 haec
178 1058 256 1103 mea
287 1036 414 1103 studia.
473 1030 614 1104 Deinde
643 1024 836 1113 ἀπόδοσις,
868 1027 1048 1099 conclusio
1097 1040 1174 1107 tur,
1200 1025 1292 1095 valet
1314 1040 1431 1095 tamen
1455 1027 1571 1121 ipsum
1593 1030 1666 1099 suis
1691 1029 1846 1120 viribus,
1870 1030 1929 1098 sed
1954 1030 2082 1113 inerat,

63 1131 346 1231 enthymematis.
398 1135 539 1206 Simas
563 1133 765 1226 eloquentia
795 1132 875 1201 aliis
904 1129 1049 1222 profuit,
1096 1124 1167 1193 nisi
1182 1150 1236 1195 me
1249 1128 1340 1197 forte
1355 1142 1499 1219 propter
1514 1130 1797 1201 benevolentiam
1813 1130 1975 1215 fallebat,
2000 1153 2081 1199 ora-

63 1251 197 1330 quanto
214 1237 325 1326 magis
344 1234 402 1306 isti
428 1239 595 1328 prodesse
615 1235 737 1312 debet,
764 1255 878 1326 aquo
902 1233 1047 1301 excitata
1099 1228 1167 1311 tio,
1193 1241 1228 1296 et
1244 1228 1349 1297 bonis
1363 1230 1498 1300 artibus
1519 1232 1699 1318 instituta,
1725 1246 1758 1302 et
1782 1255 1866 1301 cura
1891 1246 1925 1301 et
1950 1230 2081 1321 vigiliis

62 1352 122 1409 est.
176 1335 248 1407 Hic
260 1336 431 1407 inseritur
453 1335 693 1418 adversativa,
725 1337 786 1403 sed
809 1333 959 1403 miretur
982 1330 1048 1399 ali·
1097 1329 1287 1428 elaborata.
1319 1327 1630 1405 Haecminorest.
1668 1334 1838 1428 Sequitur
1855 1333 1980 1408 maior.
2014 1332 2081 1404 At·

61 1440 161 1532 quis,
202 1439 383 1532 quommo
410 1453 573 1507 oratura
599 1438 704 1528 polita
730 1435 893 1505 adiuvari
926 1433 1048 1525 possit.
1097 1452 1165 1522 que
1182 1431 1305 1502 scitote
1319 1430 1454 1502 iudices
1470 1456 1527 1504 eae
1540 1434 1767 1527 cupiditates,
1793 1459 1883 1529 quae
1901 1433 2080 1505 obiiciun-

60 1538 164 1610 llanc
177 1562 322 1634 quoque
337 1538 490 1609 absolvit
503 1561 578 1608 uno
593 1531 865 1630 enthymemate,
891 1537 974 1628 quia
990 1557 1048 1602 ar·
1097 1543 1156 1599 tur
1171 1529 1292 1618 Celio,
1322 1545 1427 1627 atque
1447 1530 1533 1605 haec
1556 1538 1674 1608 studia
1698 1539 1742 1607 de
1766 1537 1897 1630 quibus
1922 1535 2081 1627 disputo,

60 1659 108 1712 tes
122 1641 274 1711 interae
296 1653 463 1730 cognatae
484 1654 579 1710 sunt.
629 1635 769 1709 Deinde
791 1633 1047 1723 cillwmme-
1097 1656 1169 1701 aon
1183 1632 1286 1702 facile
1300 1634 1340 1702 in
1357 1638 1481 1704 eudem
1498 1633 1643 1708 homine
1657 1660 1730 1709 esse
1747 1661 1858 1731 posse·
1896 1634 1997 1708 Etin
2011 1632 2079 1708 hoc

59 1746 158 1827 titio,
183 1757 224 1813 ut
242 1743 337 1812 sede
352 1764 453 1812 causa
468 1742 662 1824 dicentem,
689 1738 848 1809 audiant.
884 1735 956 1807 Nec
973 1730 1047 1806 hu·
1096 1734 1278 1804 communi
1299 1735 1377 1807 loco
1399 1734 1525 1810 Cicero
1545 1739 1802 1834 aliquantisper
1830 1751 2080 1815 commoratur.

60 1845 116 1914 ius
132 1845 274 1913 formae
289 1842 393 1912 valde
406 1842 592 1912 dissimilia
608 1854 692 1910 sunt
705 1838 775 1908 alia
788 1839 944 1913 exordia.
987 1836 1047 1906 ln·
1084 1831 1285 1906 ¹Conclusio
1312 1860 1395 1907 vero
1417 1839 1455 1907 in
1483 1845 1716 1931 proponendo
1746 1842 1889 1912 recitata
1920 1854 1983 1913 est.
2037 1838 2079 1910 ln

59 1947 199 2017 tecdum
216 1944 452 2036 propositioni
470 1943 587 2015 statim
603 1940 798 2034 opponitur
813 1939 1045 2009 adversativa.
1095 1933 1193 2004 Celio
1210 1936 1309 2007 nulla
1333 1941 1529 2031 reperietur
1552 1942 1720 2015 luxuries.
1772 1941 1989 2033 Comparent
2008 1942 2077 2032 igi·

60 2046 248 2118 Interdum
265 2044 474 2115 inseruntur
498 2047 671 2138 quaedam
695 2043 820 2125 breves
841 2039 1046 2131 explicatio·
1095 2050 1154 2105 tur
1177 2037 1371 2131 syllogismi
1401 2042 1579 2129 membra,
1613 2069 1702 2138 quae
1728 2046 1793 2115 etsi
1814 2058 1910 2138 certa
1932 2044 2077 2134 regione

59 2171 139 2233 nes,
167 2160 210 2217 ut
234 2170 300 2240 pro
325 2145 498 2217 Marcello
525 2137 711 2239 πρότασις.
761 2140 852 2211 Cum
876 2137 1046 2210 hactenus
1095 2136 1357 2232 circumscripta
1373 2157 1476 2228 sunt,
1502 2157 1619 2215 tamen
1636 2170 1712 2218 non
1727 2159 1799 2216 tam
1818 2145 1974 2235 angustis
1995 2146 2078 2214 fini-

58 2248 251 2328 tacuerim,
278 2270 375 2317 nunc
392 2248 615 2316 redeundum
637 2256 690 2314 est
712 2238 802 2312 mihi
826 2242 871 2311 ad
893 2255 1063 2311 veterem
1096 2239 1162 2307 bus
1176 2238 1311 2311 inclusa
1338 2238 1590 2331 cohercentur,
1616 2260 1658 2318 ut
1678 2249 1943 2319 dialecticorum
1967 2245 2096 2342 syllo-·

57 2352 203 2421 dicendi
226 2349 538 2438 consuetudinem,
573 2338 783 2436 κατασκευὴ
811 2342 894 2436 quia
914 2343 1046 2413 beneli-
1081 2339 1216 2428 'gismi,
1242 2341 1304 2434 qui
1321 2357 1466 2437 propter
1481 2346 1688 2420 brevitatem
1706 2350 1744 2419 in
1761 2372 1876 2441 pugna
1895 2372 1968 2417 nou
1993 2347 2078 2418 satis

58 2454 151 2522 cium
160 2447 324 2522 Caesaris
338 2473 413 2518 non
429 2472 571 2538 possum
586 2447 713 2518 tacitus
729 2445 931 2535 praeterire,
954 2435 1046 2515 daci-
1095 2441 1225 2510 virium
1248 2438 1392 2517 habent.
1443 2445 1542 2519 Raro
1562 2474 1581 2519 a
1603 2451 1738 2522 maiore
1759 2446 1948 2520 inchoatur
1967 2448 2088 2545 sylloa¹

57 2552 173 2634 doute.
226 2550 317 2621 Nam
329 2552 475 2620 absente
488 2548 662 2620 Marcello
676 2547 837 2617 carebam
858 2547 954 2615 socio
975 2540 1045 2614 hu·
1093 2543 1247 2631 gismus,
1271 2558 1312 2617 ut
1337 2569 1402 2639 pro
1427 2546 1574 2620 Milone.
1627 2550 1784 2623 Maxima
1806 2551 1970 2622 illecebra
1996 2574 2078 2643 pec·

58 2659 113 2725 ius
136 2653 293 2732 laboris,
319 2675 417 2722 nunc
441 2676 482 2722 eo
507 2653 670 2722 restituto
693 2648 846 2718 libenter
873 2649 978 2717 redeo
1000 2647 1045 2716 ad
1093 2644 1198 2712 candi
1222 2643 1445 2737 impunitatis
1469 2672 1547 2744 spes
1570 2665 1641 2739 est,
1672 2648 1758 2724 haec
1782 2654 1852 2725 luit
1876 2653 1915 2721 in
1937 2649 2078 2738 Clodio,

57 2756 246 2849 pristinam
277 2754 419 2823 dicendi
454 2752 759 2824 consuetudinem.
821 2745 891 2818 Hic
913 2749 1046 2818 accedit
1094 2745 1220 2814 nonin
1235 2745 1386 2818 Milone.
1436 2750 1507 2822 Sed
1529 2753 1609 2843 plus
1632 2750 1933 2849 enthymematum
1957 2767 2009 2824 est
2036 2753 2074 2821 in

56 2854 285 2949 amplificatio
309 2878 373 2946 per
394 2854 675 2925 translationem.
732 2848 811 2920 Hoc
833 2850 1045 2920 beneficium
1077 2848 1260 2918 'omnibus
1274 2850 1515 2938 orationibus,
1540 2878 1630 2947 quae
1645 2856 1748 2926 facile
1764 2856 1906 2946 agnosci
1924 2868 1958 2926 et
1977 2855 2075 2925 iudi-

55 2957 217 3031 Caesaris
249 2958 296 3026 ad
326 2958 488 3047 rempub.
518 2956 683 3047 pertinet.
736 2950 919 3042 Significat
949 2952 1044 3020 enim
1093 2948 1164 3016 tari
1181 2964 1348 3040 possunt,
1368 2965 1408 3022 ut
1422 2975 1486 3044 pro
1503 2952 1654 3043 Milone.
1706 2955 1750 3027 ln
1762 2958 1870 3027 'nobis
1891 2970 1942 3027 est
1966 2980 2076 3051 quae-

56 3059 243 3132 Caesarem
266 3057 358 3126 velle
381 3059 636 3149 rempublicam
652 3075 872 3126 conservare.
923 3051 1044 3146 Neque
1093 3050 1174 3117 dam
1188 3073 1307 3133 mens,
1331 3049 1426 3145 quae
1437 3054 1505 3126 ciet
1527 3069 1634 3151 atque
1655 3058 1763 3148 agitat
1788 3079 1926 3150 corpus.
1977 3055 2075 3147 Ergo

56 3161 174 3232 multo
187 3160 291 3229 aliter
303 3158 479 3250 disposuit
492 3151 749 3229 Demosthenes
762 3153 947 3224 exordium
962 3149 1045 3246 napi
1095 3151 1207 3220 multo
1221 3153 1331 3241 magis
1345 3154 1407 3224 ille
1421 3170 1611 3247 perpetuus
1625 3168 1772 3231 naturae
1794 3173 1932 3244 motus,
1956 3172 2075 3230 monte

58 3258 249 3358 στέφανον
276 3253 470 3356 aptitatus:
510 3259 617 3345 Peto,
647 3271 689 3328 ut
713 3252 805 3328 mibi
834 3258 1044 3339 concedatis,
1093 3253 1243 3345 quadam
1261 3268 1402 3327 aeterna
1417 3259 1561 3348 regitur.
1613 3258 1707 3333 Sunt
1720 3275 1756 3334 et
1778 3255 1865 3330 baec
1889 3254 2075 3355 enthyme-

56 3364 255 3434 secundum
270 3361 383 3451 leges,
409 3376 449 3433 ut
466 3385 530 3451 pro
546 3384 603 3430 me
623 3360 760 3444 dicam,
786 3381 853 3426 nec
876 3359 1045 3426 assentia—
1094 3367 1197 3429 mata.
1248 3353 1396 3428 Clodius
1414 3361 1538 3430 oderat
1554 3358 1751 3446 Milonem,
1778 3362 1887 3452 igitur
1906 3361 2076 3432 credibile

56 3466 146 3534 mini
169 3464 385 3537 adversario.
435 3462 606 3556 Sequitur
628 3459 845 3550 exaggeratio
868 3461 1043 3550 periculo-
1094 3470 1161 3541 ost,
1188 3478 1268 3526 eum
1286 3458 1408 3531 iecisse
1423 3460 1581 3536 insidias.
1622 3461 1740 3536 Facile
1754 3464 1864 3555 igitur
1877 3462 2077 3552 intelligent

56 3591 136 3637 rum
157 3583 193 3635 et
214 3565 386 3659 quaedam
407 3565 526 3637 brevis
539 3563 735 3654 occupatio.
786 3559 909 3631 Postea
930 3586 1045 3633 κατα·
1092 3557 1259 3643 studiosi,
1284 3563 1516 3653 quomodoin
1533 3566 1726 3656 prooemiis
1741 3567 1828 3637 etin
1846 3569 2075 3636 contentione

59 3662 171 3761 σκευὴ
186 3689 245 3736 res
258 3667 303 3735 ad
318 3689 375 3735 me
390 3667 557 3758 pertinet.
580 3663 721 3736 Deinde
735 3658 926 3743 cino'doutc:
946 3662 1044 3743 Peto,
1095 3673 1209 3750 partes
1223 3661 1393 3731 collocari
1409 3677 1515 3758 atque
1530 3665 1698 3736 distribui
1713 3668 1884 3758 debeant·,
1909 3668 1938 3735 si
1963 3665 2074 3735 diale-

56 3780 98 3838 ut
117 3792 176 3838 me
196 3767 349 3837 audiatis
371 3769 462 3838 sicut
484 3769 578 3863 leges
595 3766 829 3859 praecipiunt.
880 3760 929 3835 Et
947 3787 1044 3834 acce·
1093 3762 1179 3831 ctica
1200 3777 1385 3854 praecepta
1407 3765 1529 3836 animo
1554 3767 1810 3854 intuebuntur,
1838 3783 1872 3839 et
1893 3779 2011 3838 tamen
2034 3768 2075 3837 iu

57 3870 110 3939 dit
126 3870 355 3960 amplificatio
370 3894 412 3939 ex
429 3869 720 3961 interpretatione
741 3866 840 3956 legis.
891 3862 949 3936 Aa
966 3864 1044 3938 Ro·
1094 3863 1283 3934 vestiendis
1305 3877 1340 3936 et
1361 3867 1534 3936 ornandis
1553 3869 1758 3951 sententiis,
1783 3883 1964 3940 oratorum
1988 3894 2075 3939 con-

57 3963 334 4067 manpciwutc:
361 3967 535 4042 Gratulor
549 3970 651 4042 vobis
665 3969 907 4058 cognitionem
923 3965 1043 4038 Evan-
1091 3966 1315 4038 suetudinem
1332 3979 1538 4062 sequentur.
1587 3966 1706 4065 Atque
1719 3967 1784 4042 has
1797 3972 1896 4068 quasi
1912 3972 2075 4063 regiones

57 4072 163 4161 gelii,
190 4088 224 4145 et
241 4072 392 4164 optarim
415 4068 506 4142 mihi
528 4074 754 4161 contingere,
777 4084 818 4141 ut
840 4093 960 4140 coram
980 4092 1044 4139 vos
1092 4067 1370 4155 dialecticorum,
1394 4071 1583 4164 praecipue
1598 4067 1687 4143 mihi
1704 4073 1873 4147 videntur
1887 4074 2074 4143 observare

57 4174 185 4242 docere
209 4174 353 4264 possim
404 4171 660 4257 Adversativa,
692 4175 753 4241 sed
776 4167 949 4242 hactenus
968 4195 1042 4242 non
1093 4165 1349 4244 Demosthenes
1366 4186 1400 4244 et
1416 4170 1560 4261 Cicero,
1583 4199 1672 4268 quos
1696 4170 1861 4247 habuisse
1884 4175 2074 4261 maximam

56 4275 176 4358 licuit,
199 4297 325 4344 verum
346 4289 451 4366 opto,
475 4287 517 4346 ut
540 4274 733 4368 aliquando
758 4273 861 4343 liceat
884 4268 975 4341 mibi
997 4274 1039 4341 ad
1092 4271 1229 4340 ordinis
1242 4294 1382 4358 curam,
1407 4296 1463 4343 res
1480 4276 1634 4347 ostendit
1649 4277 1736 4368 ipsa.
1787 4275 1987 4345 Plurimum
2008 4297 2074 4343 au·

57 4399 120 4446 vos
131 4375 319 4468 proticisci.
351 4371 572 4469 κατασκευὴ,
584 4375 668 4470 quia
685 4373 828 4445 debitor
842 4397 919 4444 sum
929 4372 1043 4444 Grae·
1092 4388 1162 4442 tem
1179 4385 1214 4443 et
1228 4371 1444 4444 inveniendo
1463 4377 1731 4448 adiuvabuntur
1752 4374 1922 4456 studiosi,
1947 4375 1978 4445 si
1998 4399 2073 4445 me-

57 4476 108 4547 eis
123 4474 354 4552 etBarbaris.
405 4474 488 4548 Alia
512 4478 626 4558 ratio,
660 4477 699 4544 in
724 4500 792 4569 qua
818 4475 911 4546 inest
933 4500 1041 4570 quae·⁵
1093 4473 1261 4544 minerint
1274 4476 1388 4565 posita
1409 4475 1529 4572 aliqua
1552 4478 1814 4569 propositione,
1845 4475 1977 4548 deinde
1996 4500 2073 4547 uon

56 4579 140 4650 dam
151 4577 354 4668 occupatio:
380 4576 452 4649 Nec
466 4580 577 4671 pudet
592 4603 650 4647 me
664 4574 863 4666 Evangelii.
1092 4574 1215 4666 procul
1230 4575 1275 4646 ab
1292 4598 1333 4645 ea
1345 4577 1598 4648 discedendum
1621 4601 1710 4663 esse,
1742 4582 1804 4651 sed
1830 4580 2072 4676 quaerendum

156 4675 457 4750 confirmationes
469 4694 503 4750 et
517 4679 774 4750 confutationes
790 4679 919 4768 partim
934 4678 1043 4773 syllo-
1092 4699 1167 4746 esse
1183 4676 1259 4747 eius
1273 4679 1527 4770 propositionis
1543 4680 1598 4748 vel
1621 4682 1816 4767 rationem,
1840 4683 1897 4751 vel
1919 4681 2073 4775 ampliti-

55 4780 198 4875 gisrnis,
230 4780 359 4872 partim
383 4775 657 4876 enthymematis
678 4793 850 4853 constant.
908 4777 1043 4850 Verum
1091 4777 1285 4865 cationem,
1311 4781 1367 4850 vel
1384 4781 1650 4855 adversativam.
1674 4779 1763 4853 Nam
1781 4778 1944 4855 haecum
1962 4782 2002 4856 in
2017 4782 2074 4850 vi-

54 4884 146 4955 illud
161 4882 348 4956 sciendum
370 4895 443 4965 est,
469 4883 667 4952 orationem
691 4895 726 4953 et
749 4880 778 4949 si
804 4876 911 4954 habet
932 4895 1045 4952 certas
1092 4879 1180 4949 cinis
1203 4880 1289 4951 lotis
1308 4896 1515 4966 nascantur,
1541 4883 1635 4953 ultro
1659 4906 1695 4952 se
1718 4884 1888 4966 offerent,
1915 4905 2074 4976 praeser-

53 4984 235 5075 regiones,
257 4995 377 5054 tamen
392 4996 427 5056 et
448 4983 651 5055 liberiorem
674 4997 708 5054 et
732 4982 929 5073 pleniorem
943 4985 1043 5067 esse,
1092 4980 1157 5052 tim
1167 4976 1244 5069 his,
1269 4982 1330 5077 qui
1343 4982 1512 5053 mediocri
1524 4985 1690 5056 exercitio
1705 4987 1789 5081 styli
1804 4987 1853 5059 ita
1868 5008 1905 5056 se
1919 4986 2072 5056 assuefe-

53 5108 161 5181 quam
175 5097 262 5156 suut
275 5084 332 5154 illi
348 5084 482 5156 concisi
495 5107 535 5154 ac
548 5085 639 5156 nudi
652 5084 918 5155 dialecticorum
934 5085 1043 5179 syllo-
1092 5096 1235 5170 cerunt,
1275 5097 1316 5156 ut
1344 5108 1424 5155 cum
1456 5085 1592 5180 aliquid
1622 5086 1833 5175 instituunt,
1869 5110 2073 5181 percurrere

51 5188 169 5278 gisrni.
220 5183 438 5283 Plerumque
451 5199 569 5262 autem
585 5211 606 5259 a
620 5185 760 5257 minore
775 5181 965 5259 inchoatur
985 5209 1043 5256 ar·
1091 5184 1212 5258 animo
1227 5183 1364 5258 vicinos
1379 5187 1477 5259 locos
1491 5189 1638 5285 possint.
1692 5185 1812 5272 Τέλος.
