4538 5754
86 227 164 301 sss
372 337 385 349 ,
481 223 528 298 ν.
580 217 924 300 tunamnxnn
950 200 1272 302 rnornnrau
1302 218 1724 302 connumeratus.
2040 229 2118 308 oso

86 403 204 491 ipsum
233 395 376 467 difficile
404 411 457 470 est
487 398 711 469 constituere.
776 392 928 467 Duravit
955 411 1073 468 autem
1124 375 1439 488 perEvangeliom
1459 398 1573 467 renati
1596 411 1700 481 sunt,
1725 394 1950 471 imbecillitas
1966 387 2117 473 naturae

86 500 220 570 bellum
243 498 333 569 illud
356 512 515 591 tempore
536 497 683 568 Periclis
705 496 859 581 motum,
890 497 1073 592 aliquanto
1126 499 1278 569 carnalis
1309 518 1511 586 repugnans
1541 494 1611 587 legi
1637 495 1724 581 Dei,
1757 512 1791 570 et
1818 523 1915 569 mors
1944 504 2114 592 corporis,
2205 493 2209 506 ’

86 616 169 673 ante
189 599 341 671 Darium
362 598 522 673 Nothnm
543 623 658 670 annos
670 597 735 673 27.
792 597 963 690 stignus
987 626 1074 670 con·
1125 615 1242 670 tamen
1266 600 1427 668 remissio
1452 601 1694 688 praedicatur,
1721 608 1754 671 ει
1774 616 1954 691 peccatum
1977 619 2047 690 est,
2071 619 2115 676 ut

86 706 213 792 iunges
227 724 366 783 annos,
392 700 655 773 abAlexandro
677 701 719 769 ad
741 700 887 770 initium
904 702 988 772 belli
1007 702 1074 772 Pe-
1126 696 1185 771 hic
1213 703 1362 783 dicitur,
1398 701 1578 785 clausum,
1611 714 1742 771 tectum
1763 704 2041 790 condonatione,
2076 720 2114 777 et

86 804 347 896 lnponnesiaci,
373 799 520 875 habebis
542 802 756 873 annostos.
806 800 1074 874 HaecaGrae-
1124 803 1289 876 incoatur
1303 826 1450 892 regnum
1466 798 1620 888 Christi,
1645 827 1739 872 nova
1756 805 1888 892 agnitio
1904 802 1989 885 Dei,
2016 831 2109 877 nova

86 908 136 976 cis
164 917 258 975 certa
290 905 589 976 lidetraduntur.
639 902 835 997 Reliquum
860 917 911 975 est
934 918 1073 997 tempus
1123 906 1262 976 iusticia
1286 921 1319 977 et
1341 906 1414 976 vito
1438 919 1581 976 aeterna
1605 905 1643 975 in
1664 899 1742 990 his,
1775 907 1837 998 qui
1858 908 1904 976 ad
1927 903 2111 980 Christum

86 1007 186 1098 regni
202 1005 413 1094 Longimani
423 1059 436 1093 ,
462 1008 523 1101 qui
548 1006 688 1076 circiter
703 1004 753 1076 40
773 1029 887 1075 annos
902 1008 1072 1096 regnavit.
1124 1014 1391 1082 convertuntur.
1900 1012 1902 1017 '

86 1108 372 1181 Consentaneum
402 1123 455 1181 est
482 1109 618 1198 igitur,
640 1110 737 1199 quod
763 1122 866 1179 antea
890 1110 1072 1196 posuimus
1858 1167 1860 1171 ,

86 1203 385 1296 exMetasthene,
411 1209 1071 1302 aLongimanoadAlexandrumesse
1136 1254 1138 1259 ,
1232 1247 1233 1251 =
1359 1202 1408 1269 Et
1433 1193 1652 1290 expiabitur
1675 1200 1873 1292 iniquitas.

86 1333 200 1382 mn⁰⁸
219 1306 303 1384 145·
449 1409 458 1426 ι
1223 1332 1293 1404 Hic
1338 1333 1492 1404 declarat
1533 1333 1693 1421 Angelus
1731 1333 1869 1425 priores
1907 1333 2108 1424 particulas.

187 1409 241 1482 11³
262 1404 650 1487 t⁰ll³lf⁰h¹⁸l⁰rl³ruffl
673 1413 827 1485 ⁰⁵1011dll
844 1408 908 1484 1¹³⁵
924 1436 1071 1502 compu-
1123 1430 1315 1521 Quomodo
1340 1437 1484 1505 linietur
1507 1435 1716 1526 peccatum?
1766 1433 1826 1506 Sic
1849 1434 1999 1514 scilicet,
2025 1435 2109 1528 quia

86 1513 236 1586 ¹³¹l⁰¹¹⁰⁸
260 1536 402 1597 ⁰m¹¹²⁸2
434 1536 522 1605 ‘lul-³
543 1517 722 1600 ‘mmuh
756 1539 970 1605 ⁰⁰¹¹Bf¹¹⁰¹0s
1008 1539 1071 1584 ¹¹⁸⁰
1123 1536 1181 1604 liet
1204 1538 1375 1625 expiatio,
1402 1538 1459 1606 fiet
1483 1537 1692 1606 sacrificium
1709 1535 1860 1607 Messiae
1883 1538 2112 1628 promissum,¹

86 1617 210 1708 procul
240 1617 424 1698 aberrare,
456 1615 593 1685 etiamsi
618 1617 685 1708 ipsi
710 1630 908 1709 temporum
932 1616 1070 1687 articuli
1122 1662 1193 1729 quo
1210 1642 1284 1709 ,010
1300 1652 1398 1727 pat„
1415 1638 1802 1748 „egernmlacabjffln

86 1742 145 1788 seu
165 1730 345 1785 momenta
361 1739 434 1785 non
451 1719 669 1788 exactissime
683 1733 947 1798 monstrantur,
973 1742 1071 1787 sum·
1854 1788 1859 1811 Ι

86 1843 141 1889 ma
163 1831 282 1888 tamen
306 1817 357 1887 rei
379 1829 530 1893 tenetur.
580 1814 628 1890 Et
645 1844 747 1912 spero
765 1822 922 1892 eruditos
937 1832 971 1890 et
986 1844 1069 1888 can·
1310 1829 1357 1897 nt
1381 1829 1509 1898 veniet
1535 1831 1692 1899 iusticia
1716 1836 1916 1921 perpetua.

86 1921 188 1991 didos
210 1920 423 2011 probaturos
445 1941 536 2004 csse,
560 1945 641 1990 cum
665 1922 822 1994 studium
846 1937 1007 1992 nostrum
1030 1922 1069 1990 in

86 2022 297 2116 inquirenda
319 2017 518 2111 temporum
537 2024 626 2092 serie
642 2037 676 2094 ει
693 2025 883 2094 collatione
900 2018 1070 2094 historia·

86 2147 180 2208 rum,
203 2136 280 2194 tum
295 2144 377 2190 vero
395 2120 502 2191 etiam
519 2124 611 2216 ipsas
626 2127 904 2218 supputationes.

1223 1958 1400 2031 Usitatum
1420 1975 1472 2030 est
1487 1955 1694 2051 Prophetis,
1720 1985 1800 2031 cum
1817 1965 1862 2032 de
1877 1982 1985 2050 regno
2000 1955 2107 2033 Chri·

1120 2062 1165 2131 sti
1186 2062 1413 2154 loquuntur,
1454 2063 1641 2155 complecti
1670 2063 1844 2154 integram
1875 2062 2106 2133 instauratio·

1083 2205 1085 2208 -
1120 2186 1220 2248 nem,
1256 2165 1389 2234 abolito
1419 2180 1583 2255 peccato,
1616 2165 1748 2235 abolita
1778 2181 1908 2247 morte,
1942 2188 1983 2233 eo
2013 2176 2106 2232 tem-

186 2272 281 2344 lllud
304 2274 434 2343 iterum
456 2277 628 2345 monendi
651 2290 735 2347 sunt
758 2278 923 2359 lectores,
948 2291 989 2348 ut
1006 2302 1067 2347 co·
1120 2289 1204 2356 pore
1229 2262 1453 2336 exhibebitur
1476 2291 1569 2337 nova
1585 2279 1618 2336 ει
1633 2281 1800 2358 perpetua
1817 2265 1953 2338 iusticia
1971 2279 2005 2335 et
2020 2265 2107 2348 vita,

86 2378 213 2468 gitent,
238 2377 322 2469 quid
349 2375 417 2466 piis
438 2370 524 2445 haec
546 2378 669 2447 concio
693 2378 840 2467 Angeli,
868 2393 900 2449 et
923 2375 990 2449 hoc
1014 2392 1067 2449 te.
1119 2391 1209 2460 quae
1231 2369 1268 2436 in
1287 2365 1352 2438 hac
1366 2368 1508 2450 mortali
1524 2368 1597 2439 vita
1612 2364 1945 2460 pcr'Evangeliom,
1970 2378 2005 2436 et
2020 2368 2104 2436 dato

86 2478 289 2550 stimonium
312 2477 477 2546 utilitatis
502 2480 648 2548 adferat.
699 2479 887 2571 Perspicue
907 2482 1067 2552 refutan-
1118 2471 1255 2559 spirim
1280 2485 1401 2541 Samio
1426 2471 1607 2556 i⁰⁰⁰³lufs
1632 2471 1691 2540 sed
1718 2486 1837 2562 P0⁵l⁶³
1854 2483 2105 2561 P0⁸lf⁰⁸¹1¹r⁰·

86 2600 139 2653 tur
169 2579 281 2649 multa
311 2575 523 2647 ludaeorum
550 2581 796 2653 deliramenta.
861 2581 951 2652 Nam
984 2607 1065 2654 cum
1118 2572 1517 2662 clionemeritinlegra.

86 2683 232 2752 lurante
253 2679 376 2769 politia
395 2677 537 2750 Iudaica
561 2683 657 2752 nasci
675 2680 842 2753 Messiam
857 2686 1065 2776 oportuerit,
1871 2716 1873 2721 ⁴

86 2795 119 2853 nt
148 2775 208 2852 hic
238 2780 387 2864 dicitur,
421 2803 560 2851 necesse
588 2796 639 2854 est
661 2797 784 2855 natum
811 2798 846 2855 et
868 2782 1063 2857 exhibitum
1258 2765 1306 2833 El
1330 2757 1546 2857 ‘'limiti‘'
1569 2757 1769 2854 Pf⁰f²f²⁰il⁰
1795 2767 1834 2831 ⁶²
1859 2764 1966 2832 illm·

86 2883 185 2954 nohis
206 2905 281 2951 esse
307 2880 486 2952 Messiam.
553 2881 773 2956 Refutantur
795 2885 901 2958 etiam
925 2888 1062 2958 somnia
1217 2895 1260 2967 ld
1289 2910 1358 2981 est,
1398 2899 1636 2989 complebitur
1663 2920 1703 2967 ac
1731 2897 1894 2981 finietur,
1927 2891 2103 2975 videlicet,
2211 2880 2215 2888 ¹

86 2989 121 3054 le
135 2984 319 3053 mundano
337 2983 486 3072 imperio
503 2981 674 3071 Messias,
700 2990 794 3080 quod
810 2984 925 3058 adhuc
941 2987 1063 3059 ludaei
1117 2998 1198 3090 qnia
1229 2999 1401 3090 promissa
1431 3000 1470 3068 in
1500 2996 1696 3093 prophetiis
1726 2999 1771 3068 de
1793 2995 1925 3069 Messia
1952 2992 2101 3067 exhibe·

86 3088 145 3156 sibi
175 3084 402 3178 pollicentur.
463 3083 642 3155 Doccmur
669 3088 714 3156 de
738 3090 899 3179 passione
918 3086 1063 3179 Christi,
1115 3103 1259 3177 buntur,

86 3201 112 3258 tt
133 3187 180 3255 de
200 3186 294 3255 veris
312 3185 511 3274 beneficiis,
537 3187 582 3254 de
598 3188 773 3259 abolendo
793 3206 952 3281 peccato,
975 3195 1063 3263 abo·
1359 3255 1360 3259 ,

86 3291 182 3358 :enda
210 3301 346 3387 morte,
374 3289 433 3355 'de
465 3289 689 3358 restitutione
719 3290 877 3361 iusticias
906 3308 941 3364 et
969 3295 1062 3366 vitae
1260 3291 1310 3360 Bt
1333 3297 1499 3385 scopetur
1523 3292 1692 3363 Sanctus
1717 3295 1951 3360 sanctorum.

86 3404 251 3462 secernas.
331 3386 495 3480 Denique
522 3413 694 3460 summam
726 3390 912 3482 Evangelii
941 3398 1062 3485 paucis

86 3489 257 3562 tersicnlis
273 3487 434 3578 Angelus
454 3492 658 3582 complexus
677 3507 738 3566 εει.
790 3493 939 3566 Prodest
954 3497 1062 3587 igitur

86 3616 162 3664 racc
189 3591 314 3661 concio
332 3592 460 3681 Angeli
484 3592 552 3679 piis
575 3595 756 3664 mentibus
781 3597 826 3664 ad
847 3599 1061 3668 confirman-

86 3697 155 3764 lsm
177 3694 301 3776 fidem,
327 3693 411 3785 quia
434 3694 559 3763 vident
577 3709 741 3777 eventus,
765 3698 879 3791 quiin
897 3696 1062 3793 Evange·=
1102 3713 1107 3723 ’

88 3797 122 3866 ἰο
137 3792 409 3878 describuntur,
436 3818 514 3864 cum
534 3797 775 3886 praedictione
791 3822 993 3892 congruere.

1215 3439 1257 3511 Id
1282 3452 1352 3533 est,
1379 3441 1534 3535 pontifex
1557 3455 1592 3512 ει
1611 3465 1672 3511 rex
1697 3441 1742 3510 ab
1757 3453 1899 3511 aeterno
1917 3449 2016 3530 patre
2030 3460 2100 3505 un-

1113 3559 1209 3629 ctus,
1243 3542 1280 3613 id
1304 3559 1374 3628 est,
1406 3544 1553 3624 missus,
1586 3556 1626 3614 ut
1648 3545 1819 3633 fungatur
1838 3562 1985 3611 munere
2007 3561 2100 3631 pon-

1114 3647 1217 3719 tificis
1237 3658 1271 3715 et
1294 3647 1403 3735 regis,
1437 3661 1469 3718 ει
1493 3644 1655 3736 perfusus
1677 3642 1814 3735 Spiritu
1836 3655 1970 3712 sancto.
2029 3636 2099 3709 Hic

1114 3751 1281 3843 inquam:¹
1305 3744 1468 3816 Pontifex
1492 3759 1526 3817 et
1549 3771 1609 3814 rex
1621 3744 1769 3816 Messias
1785 3744 1857 3836 ipsc
1873 3758 1957 3813 tunc
1973 3743 2098 3822 aderit,

1112 3865 1147 3921 et
1177 3872 1323 3933 munere
1354 3872 1418 3916 suo
1447 3848 1631 3934 fungetur,
1679 3847 1820 3917 docebit
1848 3840 2098 3935 Evangelium,

174 3943 282 4016 Nunc
294 3944 452 4015 breviter
468 3958 601 4015 textum
617 3971 831 4038 percurram.
1111 3949 1319 4021 sacrificium
1343 3973 1446 4019 suum
1470 3947 1614 4032 offeret,
1640 3940 1801 4019 ostendet
1826 3971 1863 4016 se
1882 3970 1953 4016 esse
1969 3943 2098 4015 Domi-

86 4122 99 4146 ,
248 4119 256 4136 .
742 4123 751 4140 ,
1112 4078 1216 4134 num,
1249 4077 1311 4143 per
1334 4076 1438 4146 quem
1461 4049 1557 4120 Deus
1580 4050 1714 4121 aboleri
1738 4063 1917 4141 peccatum
1942 4062 1976 4117 et
1999 4069 2097 4114 mor-

86 4124 327 4212 *epmffmm
346 4112 599 4189 'leimam
616 4140 816 4210 mmm
835 4130 925 4192 m
944 4144 1061 4216 mim
1111 4169 1180 4227 tem
1204 4154 1310 4239 velit,
1342 4152 1573 4223 sanctificabit
1594 4155 1791 4236 credentes,
1817 4153 1854 4219 id
1879 4162 1947 4233 est,
1973 4146 2097 4217 remit-

86 4221 261 4314 P⁰P¹⁴l¹fm
276 4227 385 4289 fuum
402 4226 569 4312 emper
583 4219 712 4294 “rbem
727 4231 904 4295 'muctam
919 4233 1038 4299 luam·
1111 4271 1160 4329 tet
1181 4257 1229 4326 eis
1255 4269 1413 4346 peccata,
1434 4269 1468 4325 et
1491 4255 1649 4325 effundet
1670 4254 1708 4322 io
1734 4275 1792 4323 eos
1817 4251 1991 4342 Spiritum
2012 4272 2095 4317 san-

173 4352 215 4426 ld
239 4367 308 4440 cst,
333 4355 421 4424 anni
438 4353 514 4429 490
538 4358 715 4448 praefiniti
737 4372 820 4429 sunt
841 4383 903 4429 seu
926 4362 1059 4431 consti·
1110 4373 1218 4433 ctum.
1248 4354 1352 4427 Clare
1368 4356 1476 4444 igitur
1491 4357 1652 4426 adfirmat
1669 4367 1754 4424 tunc
1770 4354 2004 4422 adventurum
2021 4371 2094 4418 esse

86 4461 149 4534 uti.
208 4456 300 4527 Nam
326 4457 362 4526 id
386 4453 481 4528 haud
505 4458 615 4528 dubie
636 4459 809 4549 significat
830 4462 1058 4550 vocabulum,
1109 4457 1275 4529 Messinm
1291 4459 1516 4549 promissum.

86 4584 142 4658 pro
163 4558 293 4631 Daniel
314 4559 438 4632 utitur.
499 4559 708 4652 Tantisper,
742 4563 877 4656 inquit,
911 4559 970 4634 hic
993 4589 1057 4655 po·
1213 4558 1260 4632 Ut
1281 4576 1396 4631 autem
1416 4558 1597 4650 pontifices
1612 4569 1646 4628 et
1662 4577 1759 4646 reges
1775 4553 2015 4644 ungebantur,
2041 4552 2091 4623 sic

86 4664 177 4735 »ulus
196 4676 232 4733 et
252 4662 338 4729 urbs
357 4675 489 4742 vestra,
514 4658 583 4732 hoc
598 4677 677 4749 est,
691 4665 777 4733 urbs
794 4681 828 4735 et
844 4664 966 4752 politia
982 4687 1057 4736 ser·
1107 4676 1141 4733 ει
1156 4658 1271 4732 Filius
1286 4659 1372 4747 Dei,
1397 4667 1477 4732 cum
1499 4660 1669 4742 mittitur,
1692 4659 1779 4748 ungi
1799 4657 1949 4737 dicitur,
1973 4657 2092 4739 idest,

86 4765 212 4837 abitur
239 4764 283 4831 ad
306 4763 341 4831 id
365 4775 505 4852 tempus
526 4787 657 4858 usque,
693 4789 764 4860 quo
786 4766 932 4837 linietur
953 4790 1056 4859 prae·
1107 4763 1200 4835 mitti
1231 4765 1274 4832 ad
1302 4763 1521 4833 franctionem
1544 4761 1731 4832 sacerdotii
1753 4773 1787 4831 et
1810 4757 1899 4850 regii
1921 4757 2091 4841 muneris,

86 4864 252 4949 tricatio,
277 4876 311 4933 et
328 4864 513 4933 claudetur
529 4880 728 4955 peccatum,
753 4868 876 4952 idest,
903 4893 975 4962 quo
992 4893 1055 4959 per
1107 4881 1142 4936 et
1164 4866 1329 4957 perfundi
1351 4863 1489 4952 Spiritu
1512 4875 1653 4946 sancto,
1677 4874 1719 4932 ut
1742 4857 1867 4937 lohan.
1883 4860 1920 4934 6.
1943 4860 2089 4930 dicitur:
2181 4951 2185 4956 ἡ

86 4971 258 5041 drentum
275 4962 427 5034 Messiae
442 4965 621 5038 delebitur
633 4981 832 5058 peccatum,
858 4993 938 5039 cnm
949 4965 1054 5041 Chri·
1106 4965 1212 5038 Hunc
1241 4965 1346 5036 Pater
1372 4963 1526 5052 signavit
1550 4960 1663 5048 Deus,
1695 4962 1732 5033 id
1763 4978 1831 5048 est,
1865 4961 2090 5054 peculiariter

86 5066 403 5150 tuschanensis,
429 5065 1052 5159 ctcumEvangeliumrevelabitur,
1103 5094 1216 5140 unum
1241 5062 1337 5138 hunc
1359 5069 1403 5136 ad
1424 5079 1563 5137 tantum
1584 5088 1716 5138 munus
1736 5066 1884 5156 delegit,
1923 5077 1958 5136 ει
1981 5063 2089 5134 misit.

87 5170 244 5244 elabitur
269 5168 365 5236 enim
396 5168 434 5236 in
466 5164 541 5250 his,
574 5171 637 5263 qui
662 5168 856 5261 Evangelio
880 5174 1052 5243 credituri
1105 5169 1234 5260 lngens
1256 5184 1290 5240 et
1305 5167 1555 5238 inenarrabilis
1571 5181 1621 5238 est
1635 5168 1686 5237 ira
1702 5166 1769 5238 Dei
1788 5170 1956 5239 adversus
1968 5189 2090 5259 pecca·

86 5286 164 5357 ont,
196 5293 261 5339 sen
287 5269 353 5362 qui
377 5284 495 5362 postea
518 5284 623 5341 erunt
645 5275 804 5344 membra
827 5275 950 5367 populi
970 5272 1048 5344 Dei.
1103 5288 1178 5343 tum
1201 5271 1340 5363 generis
1362 5265 1530 5357 humani,
1558 5293 1624 5340 nec
1646 5270 1720 5340 ulla
1742 5269 1886 5341 victima
1911 5269 1998 5352 alia,
2024 5289 2090 5335 neo

86 5375 141 5453 'tsi
160 5371 259 5445 enim
281 5370 322 5441 iu
342 5365 414 5443 hac
425 5373 566 5445 mortali
583 5373 654 5447 cita
670 5389 818 5448 manent
832 5378 871 5447 in
882 5373 961 5461 his,
988 5377 1049 5469 qui
1102 5374 1173 5446 alio
1197 5374 1306 5445 modo
1326 5373 1499 5466 placanda
1520 5384 1614 5461 crat,
1639 5373 1710 5444 nisi
1727 5371 1980 5445 intercessione
1993 5366 2097 5447 Filii,
