4538 5754
732 239 796 314 IX.
850 234 1213 324 COMMENTARll
1245 236 1297 314 ΙΝ
1327 229 1569 312 PSALMOS.
2062 239 2161 312 teos
2183 238 2197 298 f

232 408 329 479 Haec
356 433 463 502 opera
492 411 612 480 omnia
642 411 906 504 complectitur,
943 435 1023 482 cum
1054 409 1119 481 ait:
1272 408 1375 481 Hanc
1408 412 1554 503 impiam
1591 411 1797 500 opinionem
1835 413 1946 483 multa
1975 411 2161 488 adiuvant.-

125 511 308 584 Virtutem
325 537 471 601 operum
488 537 655 599 suorum,
682 515 806 597 idest,
833 539 912 584 cum
929 526 1008 604 agat
1023 511 1119 584 Deus
1170 507 1273 583 Aliae
1303 527 1422 602 gentes
1454 513 1677 604 praestabant
1708 514 1957 600 multitudine,
2008 515 2157 602 viribus,

126 639 212 684 cum
228 612 383 682 Ecclesia
401 627 528 686 etcum
543 615 680 705 impiis,
706 619 797 688 sicut
812 629 846 685 et
860 630 978 706 postea
994 617 1115 684 eodem
1168 615 1297 705 opibus
1321 629 1355 685 et
1378 616 1521 685 cacteris
1546 617 1660 685 rebus.
1714 613 1830 686 Multa
1854 617 1959 687 etiam
1978 616 2155 706 scandala,
2214 640 2220 649 ·

126 718 239 785 modo
270 716 434 806 intelligit
465 741 571 806 opera
592 716 680 803 Dei,
711 745 791 791 cum
816 718 953 811 inquit:
990 709 1116 814 Opera
1167 717 1298 786 multae
1332 719 1447 787 clades
1475 718 1719 786 deformabant
1750 714 1844 786 hune
1876 719 2066 811 populum,
2108 736 2148 793 ut
2178 750 2181 755 ·

128 814 209 887 cius
226 816 360 886 veritas
376 826 406 886 et
424 808 625 904 iudicium,
647 821 767 902 idest,
793 844 876 889 vere
892 833 1041 910 praestat
1056 820 1117 888 illa
1167 843 1247 889 eum
1276 842 1350 888 non
1380 833 1544 909 putarent
1574 820 1663 887 aliae
1689 828 1807 907 gentes
1830 816 1907 891 Deo
1938 844 2042 891 curae
2064 845 2154 901 esse,

128 942 222 1014 quae
246 919 284 987 in
308 922 416 989 verbo
437 943 501 990 suo
527 923 719 1013 proposuit.
771 921 897 994 Servat
919 921 987 1013 piis
1009 934 1042 993 ει
1059 922 1118 989 in·
1168 922 1256 990 sicut
1281 944 1383 1012 saepe
1399 931 1597 1015 queruntur
1611 914 1826 1009 Prophetae,
1853 919 1967 1010 dehis
1985 918 2156 1014 blasphe-

127 1022 339 1091 vocantihus
365 1022 632 1116 promissiones,
662 1040 696 1096 et
717 1024 821 1114 punit
844 1024 991 1114 impios,
1017 1023 1118 1117 quasi
1169 1025 1235 1094 mis
1256 1024 1398 1093 iudiciis
1422 1024 1635 1115 impiorum,
1671 1021 1801 1115 quibus
1823 1037 1857 1094 et
1878 1020 1938 1094 hic
1960 1025 2153 1096 versiculus
2192 1022 2197 1036 '

128 1123 241 1209 dicat:
270 1121 428 1193 Verbum
450 1125 526 1196 eius
541 1139 574 1194 et
592 1125 827 1197 ministerium
844 1150 919 1195 non
935 1139 985 1195 est
1001 1125 1119 1193 inanis
1169 1125 1380 1216 opponitur,
1413 1127 1514 1219 quasi
1543 1126 1652 1195 dieat:
1692 1112 1769 1192 Etsi
1799 1127 1901 1218 impii
1933 1141 2061 1219 putant
2089 1145 2155 1196 uec

129 234 231 312 taos

127 1225 270 1309 fabula,
304 1227 364 1294 sed
396 1250 519 1296 verum
550 1241 584 1296 et
614 1228 733 1297 efficax
756 1241 816 1298 est.
881 1224 984 1297 Haud
1011 1229 1119 1297 dubie
1169 1251 1316 1316 regnum
1345 1241 1525 1311 nostrum,
1555 1251 1620 1296 nec
1650 1226 1797 1296 verbum
1826 1225 1944 1299 aDeo
1967 1252 2058 1314 esse,
2089 1245 2156 1302 nec

127 1339 354 1416 praestantur
382 1327 450 1416 piis
479 1329 672 1417 promissa,
716 1343 751 1399 et
780 1330 880 1419 impii
910 1329 1119 1420 punientur.
1170 1331 1318 1400 verbum
1341 1324 1409 1398 hoc
1432 1328 1552 1398 efficax
1575 1351 1664 1400 esse:
1692 1340 1809 1397 tamen
1832 1352 1899 1399 nos
1921 1345 2047 1402 contra
2065 1330 2155 1401 scia·

126 1425 226 1497 Haec
245 1452 350 1519 opera
366 1426 520 1523 (inquit)
538 1431 733 1501 annunciat
748 1433 878 1522 populo
897 1453 979 1510 suo,
1005 1430 1118 1514 idest,
1170 1455 1268 1515 mus,
1302 1427 1394 1500 hanc
1418 1432 1677 1501 ordinationem
1704 1453 1777 1499 esse
1801 1431 1981 1518 divinam,
2016 1445 2051 1503 et
2073 1433 2155 1526 qui·

127 1529 368 1600 ministerium
381 1530 554 1615 instituit,
580 1543 620 1600 ut
637 1535 680 1600 de
697 1527 754 1600 his
769 1533 936 1623 operibus
949 1527 1017 1601 Dei
1033 1557 1118 1601 con-

127 1631 302 1701 cionatur.
352 1629 424 1698 lam
442 1628 624 1704 antithesis
638 1633 893 1703 consideranda
908 1647 977 1718 est,
1005 1657 1118 1727 quan-

127 1747 205 1802 tum
230 1746 414 1825 peccatum
436 1734 480 1804 sit
505 1735 657 1803 obruere
673 1748 734 1805 aut
752 1735 914 1829 persequi
929 1730 996 1804 hoc
1012 1733 1122 1803 mini·

126 1834 298 1917 sterium,
326 1847 358 1903 et
381 1859 446 1925 pro
469 1836 637 1927 operibus
653 1834 721 1906 Dei
746 1841 881 1907 tradere
904 1837 1119 1907 ceremonias

127 1950 161 2006 et
178 1935 457 2027 superstitiones.

231 2088 345 2157 Addit
368 2103 501 2159 autem:
537 2087 590 2163 Ut
613 2088 670 2162 det
694 2088 832 2190 populo
855 2075 1118 2161 haereditatem

125 2185 304 2280 gentium.
352 2189 429 2260 Hoc
454 2194 497 2261 ad
520 2188 705 2263 historiam
728 2197 897 2284 pertinet,
925 2208 959 2264 et
983 2194 1119 2263 erudite

128 2292 252 2376 docet,
285 2316 393 2384 quare
415 2316 563 2382 regnum
588 2297 818 2366 constitutum
840 2297 904 2375 sit,
931 2319 1039 2389 quare
1061 2290 1118 2362 hic

128 2392 284 2482 populus
308 2410 506 2483 segregatus
527 2396 573 2465 sit
595 2419 616 2466 a
641 2398 784 2467 caeteris
809 2399 990 2486 gentibus:
1023 2395 1119 2464 scili·

126 2506 200 2571 cet,
229 2506 268 2563 ut
289 2488 357 2563 hoc
377 2496 615 2567 ministerium
638 2499 900 2570 institueretur..
952 2496 1000 2568 Ut
1023 2497 1117 2565 enim

126 2606 265 2663 certum
287 2610 392 2681 esset,
419 2599 483 2667 ubi
507 2611 638 2670 extaret
661 2602 807 2669 verbum
825 2598 910 2683 Dei,
935 2613 969 2670 ει
993 2600 1118 2692 inqua

124 2695 294 2781 natione,
322 2697 359 2765 in
376 2722 445 2791 qua
462 2714 583 2788 gente,
610 2727 680 2795 quo
695 2701 773 2771 luco
790 2697 954 2772 Christus
969 2701 1008 2769 in
1022 2697 1118 2785 hunc

125 2798 304 2866 mundum
342 2801 567 2888 proditurus,
614 2803 676 2873 ubi
712 2805 980 2895 praedicaturus
1012 2815 1116 2873 esset:

122 2899 207 2968 ideo
240 2894 325 2968 haec
354 2923 438 2987 gens
470 2902 602 2974 delecta
632 2919 701 2986 est,
734 2918 769 2975 et
799 2903 967 2996 peculiari
997 2926 1117 2992 regno,

121 2999 229 3093 quasi
256 3013 350 3090 septa
375 3016 407 3069 ει
427 3003 586 3084 munita,
614 3018 647 3074 et
665 3006 904 3095 peculiaribus
919 3005 1047 3075 ritibus
1062 3027 1116 3073 se-

116 3113 268 3191 gregata
293 3117 346 3172 est
368 3126 386 3170 a
413 3104 557 3176 caeteris
579 3107 754 3194 gentibus.
796 3105 881 3175 ldeo
907 3103 963 3175 bic
988 3107 1118 3200 inquit,

115 3202 171 3272 ita
199 3202 404 3273 institutum
427 3228 500 3274 esse
521 3205 779 3293 ministerium,
811 3232 890 3278 curn
915 3209 1042 3279 tradita
1067 3220 1118 3276 est

111 3300 210 3372 huic
238 3305 369 3393 populo
394 3299 593 3376 haereditas
615 3310 790 3398 gentium,
825 3309 861 3378 id
885 3321 953 3394 est,
987 3311 1025 3378 in
1049 3304 1118 3380 hoc

111 3405 263 3497 populo
291 3429 440 3494 regnum
464 3409 697 3481 constitutum
722 3424 792 3501 est,
825 3425 865 3480 ut
888 3411 940 3479 ibi
960 3424 1118 3481 extarent

108 3505 363 3575 ministerium
398 3522 431 3576 et
464 3508 665 3581 testimonia
694 3513 738 3580 de
768 3511 988 3597 verboDei,
1020 3515 1116 3606 quod

107 3609 209 3677 iude
244 3607 347 3676 etiam
378 3609 413 3677 in
448 3622 567 3698 gentes
593 3616 860 3705 propagandum
886 3628 960 3684 erat
984 3638 1025 3684 cx
1048 3609 1116 3684 hoc

109 3707 273 3800 populo.

173 3914 259 3985 Vll.
287 3921 410 4012 Opera
426 3944 607 3996 manuum
623 3927 705 3998 eiua
715 3931 861 4000 veritas
875 3935 912 3999 et
920 3924 1115 3999 iudicium.

229 4065 404 4140 Generale
427 4087 479 4144 est
503 4076 547 4143 de
570 4096 680 4163 regno
700 4089 735 4146 et
751 4076 948 4148 ministerio
963 4079 1114 4149 dietum:

108 4163 253 4267 Opera
269 4195 448 4242 manuum
464 4171 551 4257 eius,
579 4176 696 4259 idest,
723 4176 987 4254 ordinatioDei.
1024 4177 1115 4253 Ver-

108 4278 231 4356 bum,
257 4274 443 4363 promissio
469 4290 533 4346 etc.
557 4290 640 4349 sunt
662 4279 787 4349 veritas
810 4293 843 4351 et
859 4280 1049 4370 iudicium,
1075 4280 1113 4349 id

107 4387 194 4456 est,
220 4395 294 4442 non
319 4388 370 4445 est
390 4376 507 4446 inanis
522 4378 660 4465 sabula,
687 4382 747 4450 sed
765 4404 820 4451 res
837 4405 917 4450 vere
931 4383 1113 4469 salutares,

106 4475 281 4546 efficaces
297 4477 341 4544 ad
360 4480 572 4548 servandum
589 4480 685 4570 pios,
707 4496 742 4554 et
757 4482 956 4571 puniendos
973 4483 1115 4576 impios,

107 4591 247 4669 estque
275 4578 448 4649 sententia
478 4581 640 4672 opposita
668 4584 810 4653 iudiciis
836 4586 983 4672 mundi,
1023 4609 1113 4678 quae

107 4677 327 4751 deriserunt
352 4675 447 4749 hunc
469 4683 661 4772 populum,
693 4685 902 4774 gloriantem
923 4710 959 4756 se
981 4682 1112 4758 habere

104 4778 273 4860 verbum
281 4777 348 4849 Dei
365 4795 398 4851 et
413 4804 562 4869 regnum
579 4785 752 4856 divinitus
767 4788 981 4865 institutum.
1015 4786 1112 4859 Haec

106 4905 203 4954 cum
227 4881 420 4952 audiebant
442 4879 606 4972 Ethnici,
640 4888 844 4961 iudicabant
866 4912 940 4958 esse
961 4891 1112 4960 vanissi-

1171 1535 1251 1602 dem
1272 1532 1458 1603 veritatem
1483 1557 1522 1601 ac
1545 1532 1717 1603 indicium
1736 1554 1827 1617 esse,
1854 1534 1888 1602 id
1908 1547 1979 1619 est,
2003 1559 2077 1603 rem
2095 1557 2154 1602 ve·

1170 1659 1245 1704 ram
1263 1647 1298 1703 et
1312 1635 1499 1704 salutarem
1515 1635 1596 1726 piis,
1624 1649 1657 1703 et
1671 1634 1876 1725 punientem
1891 1635 2028 1727 impius.
2065 1635 2155 1705 Nam

1170 1737 1299 1806 veritas
1322 1736 1495 1826 significat
1513 1736 1721 1807 beneficium
1741 1759 1882 1816 verum,
1908 1750 2024 1807 ratum
2044 1751 2076 1809 et
2095 1737 2156 1830 fir-
2176 1825 2178 1829 ἢ

1171 1863 1279 1911 mum.
1303 1892 1306 1898 Δ
1333 1837 1509 1906 ludicium
1533 1863 1616 1908 vero
1641 1838 1813 1926 significat
1836 1839 2075 1908 executionem
2099 1838 2156 1906 iu-

1170 1953 1278 2024 stam,
1304 1964 1373 2032 qua
1391 1939 1485 2009 Deus
1502 1941 1661 2010 defendit
1675 1940 1769 2030 pios,
1796 1953 1829 2011 et
1847 1939 1952 2030 punit
1966 1940 2103 2028 impios.
2185 1934 2189 1944 ’

1273 2071 1487 2165 Quanquam
1512 2074 1620 2162 igitur
1642 2072 1778 2161 magnis
1804 2072 1963 2141 cladibus
1980 2072 2174 2155 afficieba2

1170 2189 1228 2246 tur
1245 2176 1398 2268 populus
1417 2174 1542 2244 lsrael:
1568 2188 1688 2244 tamen
1708 2174 1758 2263 pii
1775 2173 1949 2244 debebant
1964 2198 2001 2242 se
2015 2187 2156 2244 susten-

1171 2290 1262 2359 tare,
1297 2278 1392 2368 quod
1423 2273 1519 2346 Deus
1550 2299 1609 2345 eos
1635 2288 1906 2346 conservaturus
1932 2288 2038 2361 esset,
2072 2276 2156 2369 quia
2243 2366 2246 2371 ⁶

1171 2375 1238 2448 hoc
1259 2400 1405 2466 regnum
1430 2393 1463 2449 et
1485 2375 1553 2448 hoe
1571 2378 1805 2447 ministerium
1825 2398 1899 2445 non
1917 2390 2030 2446 essent
2044 2376 2156 2447 inter-

1171 2483 1280 2565 itura,
1307 2504 1385 2549 cum
1402 2492 1517 2550 essent
1532 2480 1700 2549 beneficia
1719 2478 1893 2548 divinitus
1908 2479 2089 2564 ordinata,
2115 2479 2155 2546 iu

1169 2584 1299 2675 quibus
1313 2581 1412 2651 Deus
1438 2583 1513 2671 pios
1536 2596 1806 2653 conservaturus
1830 2594 1938 2663 esset,
1966 2594 1998 2650 et
2021 2582 2066 2650 de
2087 2582 2156 2649 im-

1168 2685 1237 2776 piis
1256 2706 1385 2776 poenas
1404 2698 1594 2754 sumturus.

1251 2876 1253 2881 ,
1270 2817 1348 2888 Hac
1371 2819 1610 2888 consolatione
1632 2840 1769 2906 semper
1783 2840 1849 2887 nos
1865 2831 2101 2888 sustentemus
2116 2817 2154 2885 in

1169 2923 1336 2991 omnibus
1361 2921 1648 2996 ordinationibus
1669 2920 1751 2992 Dei.
1803 2918 1985 3002 Primum,
2017 2921 2060 2987 de
2083 2913 2173 2988 Ec„

1170 3023 1293 3107 clesia,
1321 3022 1406 3115 quid
1430 3037 1481 3092 est
1505 3020 1742 3091 calamitosius
1764 3016 1946 3090 Ecclesia?
1980 3033 2153 3091 ettamen

1170 3121 1228 3194 hic
1253 3125 1444 3214 cogitemus
1466 3119 1551 3192 haec
1573 3147 1696 3214 opera,
1722 3122 1759 3190 id
1777 3134 1845 3204 est,
1870 3117 2105 3212 Evangelium
2120 3132 2156 3191 et

1169 3228 1391 3296 vocationem
1418 3223 1596 3295 Ecclesiae
1619 3247 1693 3293 esse
1717 3224 1810 3293 dona
1832 3218 1918 3307 Dei,
1952 3222 2153 3317 etquidem

1170 3328 1351 3399 veritatem
1374 3340 1407 3395 et
1428 3327 1618 3412 iudicium,
1644 3325 1679 3395 id
1698 3339 1766 3409 est,
1791 3345 1846 3393 res
1863 3348 1978 3411 veras,
2005 3326 2155 3394 duratu-

1169 3452 1247 3514 ras,
1271 3430 1442 3499 salutares
1464 3428 1549 3518 piis,
1574 3440 1609 3498 et
1625 3427 1787 3498 exitiosas
1804 3426 1935 3517 impiis.
1989 3425 2041 3494 lta
2057 3425 2154 3514 cogi·

1169 3544 1283 3601 temus
1300 3544 1333 3601 et
1350 3533 1394 3600 de
1411 3530 1569 3620 imperiis
1585 3530 1749 3600 civilibus
1766 3541 1800 3598 et
1817 3523 1883 3597 hac
1900 3527 2081 3596 communi
2096 3549 2154 3596 so-

1169 3633 1303 3713 cietate,
1329 3656 1419 3726 quae
1436 3633 1539 3702 etiam
1554 3627 1662 3701 habet
1674 3632 1821 3700 verbum
1835 3626 1913 3698 Dei.
1949 3628 2043 3718 Quia
2059 3628 2154 3698 enim

1168 3736 1320 3805 multum
1353 3736 1392 3803 in
1423 3727 1490 3801 hac
1519 3733 1615 3802 civili
1642 3735 1805 3803 societate
1829 3730 1996 3803 vitiorum
2018 3744 2087 3815 est,
2121 3742 2155 3800 et
2174 3740 2193 3811 J

1169 3837 1285 3905 variae
1314 3836 1425 3918 vices,
1461 3858 1547 3927 quas
1579 3848 1705 3926 putant
1734 3858 1807 3903 non
1837 3856 2036 3902 essecnrae
2058 3830 2152 3931 Deo:

1167 3938 1248 4007 ideo
1272 3937 1373 4030 impii
1389 3949 1621 4007 contemnunt
1637 3937 1729 4027 leges
1745 3950 1779 4008 et
1792 3935 1895 4005 facile
1912 3935 2065 4018 violant,
2086 3957 2154 4025 pu·

1167 4053 1245 4111 tant
1267 4040 1416 4130 impium
1440 4061 1530 4124 esse,
1567 4039 1736 4132 quicquid
1761 4063 1782 4109 a
1805 4037 1969 4108 civilibus
1994 4035 2155 4125 imperiis

1167 4142 1369 4211 decernitur
1400 4154 1460 4211 aut
1491 4141 1736 4231 proficiscitur.
1816 4137 1868 4210 lta
1900 4138 2153 4207 transieramus

1166 4243 1377 4313 versiculum
1397 4243 1440 4311 ad
1458 4238 1650 4311 Ecclesiam
1666 4255 1700 4311 et
1716 4242 1802 4311 alias
1816 4237 2058 4309 ordinationes
2075 4233 2153 4322 Dei,

1165 4357 1200 4414 et
1214 4342 1291 4414 Deo
1309 4334 1443 4433 >gratias
1465 4366 1628 4432 agamus,
1660 4356 1693 4413 et
1718 4340 1961 4412 ordinationes
1984 4339 2151 4411 eiusma·

1165 4446 1413 4535 gnifaciamus,
1439 4458 1472 4516 et
1488 4469 1561 4515 noo
1577 4444 1723 4538 impune
1739 4443 1865 4514 violari
1881 4454 2055 4534 putemus.

1215 4623 1351 4703 Idrma
1366 4638 1454 4701 sunt
1471 4624 1654 4700 mundata
1670 4627 1766 4717 eius,
1792 4636 1877 4700 rata
1893 4625 1933 4698 in
1946 4622 2118 4702 seculum.

1265 4783 1453 4857 Summum
1484 4783 1693 4853 beneficium
1724 4795 1795 4868 est,
1828 4782 1923 4875 quod
1946 4752 2045 4852 Deus
2067 4806 2148 4852 ver-

1164 4890 1249 4958 bum
1265 4910 1388 4971 suum,
1414 4886 1600 4971 videlicet,
1625 4887 1736 4974 legem
1752 4900 1786 4957 et
1801 4883 2050 4974 promissiones
2063 4877 2148 4954 huic

107 5005 216 5055 mam
240 4982 415 5068 fabulam,
441 5009 509 5056 nec
530 4987 609 5078 plus
631 4985 762 5059 habere
777 4991 871 5073 veri,
894 5014 999 5084 quam
1015 4994 1111 5085 quod
1163 4990 1296 5083 populo
1327 4989 1484 5060 tradidit.
1543 4985 1622 5058 Hoc
1655 4986 1862 5057 beneficium
1890 4985 1961 5054 iam
1989 5007 2148 5078 expresse

104 5083 302 5159 Romulus
326 5085 512 5158 dicebatur
535 5088 662 5160 Martis
682 5093 788 5162 lilius.
840 5088 887 5162 Et
910 5115 991 5163 casu
1015 5094 1109 5164 arbi·
1163 5091 1325 5162 nominat
1352 5105 1384 5162 ει
1405 5085 1613 5182 amplificat,
1648 5088 1834 5181 aliquoties
1856 5086 2003 5179 repetita
2022 5087 2145 5157 eadem

104 5187 310 5262 trahantur
338 5201 498 5259 exortum
529 5213 602 5260 esse
630 5187 699 5262 hoc
727 5217 892 5284 regnum,
928 5208 962 5265 et
988 5218 1111 5267 rursus
1162 5193 1351 5264 sententia:
1378 5191 1497 5262 Firma
1520 5205 1601 5261 sunt
1623 5191 1789 5259 mandata
1812 5189 1906 5271 eius,
1933 5203 2027 5273 rata,
2051 5211 2147 5272 vera,

104 5287 355 5361 interiturum·
378 5313 451 5362 esse
481 5316 582 5379 casu,
615 5318 690 5365 non
714 5296 939 5390 aliquacerta
963 5298 1110 5370 ordina·
1163 5307 1274 5382 recta,
1307 5308 1371 5367 etc.
1440 5293 1537 5363 llaec
1572 5305 1803 5385 opponuntur
1836 5291 1976 5361 iudiciis
2006 5289 2145 5387 mundi.

103 5392 227 5466 aione.
1162 5395 1253 5470 Nam
1269 5398 1424 5469 mundus
1440 5396 1573 5469 iudicat
1587 5390 1655 5467 hoc
1670 5395 1818 5465 verbum
1834 5393 1976 5463 inanem
1991 5391 2150 5463 fabulam
2221 5466 2224 5482 ,
