4538 5754
114 193 260 307 ¹19

214 391 321 492 Quod
338 397 434 472 unde
448 384 691 489 sumptum'sit
707 398 841 487 ignoro.
893 396 982 467 Nam
998 398 1036 467 in
1052 397 1191 468 Aristo-

212 503 281 575 tele
297 521 472 592 nusquam
484 512 587 568 extat.
635 496 685 570 Et
698 498 980 568 curamenticium
994 512 1064 583 est,
1087 499 1190 569 etiam

214 606 244 674 si
266 603 346 696 quis
369 611 506 669 tantum
540 600 584 667 de
606 592 761 667 bominis
790 598 906 667 anima
936 600 1128 688 intelliget,
1158 612 1193 668 et

216 703 360 787 sentiet,
388 699 542 769 animam
567 695 722 768 bominis
742 722 814 768 esse
828 700 992 791 spiritum
1014 699 1193 791 separabi-

215 807 297 875 lem.
351 800 445 890 Quia
458 799 601 889 spiritus
614 800 704 868 finiti
721 823 923 893 quanquam
939 825 1013 870 non
1039 815 1122 871 sunt
1138 821 1193 867 res

218 902 432 986 divisibiles,
456 914 498 970 ut
520 923 685 992 corpora,
709 913 825 971 tamen
852 915 935 972 sunt
949 902 995 970 'in
1012 902 1118 970 unico
1137 901 1192 968 lo-

218 1033 278 1090 eo,
303 1029 344 1074 ex
368 1025 437 1094 quo
459 1014 568 1090 agunt
590 1003 633 1070 ad
646 1014 777 1070 certam
795 1002 1017 1086 distantiam,
1041 1002 1103 1070 alii
1118 1024 1194 1068 ma-

217 1108 288 1196 gis,
313 1102 374 1174 alii
394 1102 512 1171 minus
532 1102 672 1190 procul,
698 1116 737 1172 ut
759 1126 862 1170 suum
895 1104 1062 1194 cuiusque
1085 1102 1195 1170 robur

216 1222 280 1278 est.
324 1201 481 1272 Galenus
496 1203 648 1269 animam
666 1203 877 1272 rationalem
897 1202 935 1270 in
954 1205 1095 1273 cerebro
1121 1200 1195 1270 col·

218 1309 332 1387 locat,
364 1303 446 1396 quia
474 1302 527 1372 ibi
559 1315 642 1373 sunt
664 1325 784 1372 sensus
807 1304 1010 1386 interiores,
1042 1324 1194 1395 quorum

218 1405 414 1476 ministerio
436 1401 596 1492 proximo
618 1403 735 1472 anima
753 1404 938 1472 racionalis
953 1405 991 1471 in
1012 1402 1195 1491 cogitatio-

217 1531 264 1576 ne
281 1518 314 1576 et
329 1504 599 1583 raciocinatione
616 1503 738 1575 utitur.
789 1504 864 1573 Alii
880 1504 1036 1583 malunt,
1059 1526 1120 1571 cor
1142 1524 1195 1570 se-

220 1612 301 1676 dem
326 1627 399 1674 esse
418 1603 576 1689 animae,
597 1604 680 1695 quia
704 1627 765 1673 cor
788 1606 880 1674 vitae
900 1607 980 1673 fons
1002 1618 1053 1674 est
1079 1618 1113 1674 et
1141 1625 1196 1669 se-

219 1711 281 1777 des
295 1705 455 1775 omnium
469 1705 686 1788 adfectuum,
712 1704 773 1797 qui
790 1706 1024 1795 cognitionem
1041 1725 1196 1795 sequun-

221 1822 290 1878 tur.
339 1801 389 1875 Et
413 1827 527 1875 sermo
547 1800 772 1896 propheticus
795 1829 834 1874 ac
860 1806 1072 1898 apostolicus
1092 1825 1195 1892 saepe

143 1911 145 1916 ’
220 1908 383 1978 nominet
402 1930 483 1991 cor,
516 1929 594 1975 cum
622 1906 780 1998 loquitur
801 1928 875 1974 non
899 1909 944 1975 de
972 1908 1070 1977 fonte
1097 1905 1195 1973 adfe-

221 2023 363 2090 ctuum,
395 2008 454 2075 sed
487 2006 530 2074 de
555 2017 654 2098 parte
684 2018 922 2095 cognoscente.
974 2004 1023 2076 Ut
1046 2029 1125 2074 cum
1148 2003 1197 2072 ait

221 2107 370 2178 Paulus:
403 2103 576 2174 Homines
595 2100 723 2175 babere
743 2107 855 2193 legem
872 2106 1037 2197 scriptam
1059 2105 1098 2173 in
1118 2128 1197 2174 cor-

222 2210 338 2281 dibus.
389 2205 444 2276 Sit
460 2206 568 2292 igitur
587 2230 648 2275 cor
661 2208 797 2275 animae
815 2207 1047 2290 domicilium,
1072 2205 1196 2296 inquo

221 2310 266 2377 ad
292 2322 421 2379 certam
449 2307 652 2375 distantiam
690 2308 729 2374 in
764 2307 910 2383 coeteris
938 2306 1107 2376 membris
1132 2307 1197 2372 ciet

222 2409 388 2479 actiones.
443 2403 520 2475 Hac
542 2407 643 2475 brevi
673 2408 912 2477 admonitione
941 2411 984 2477 de
1010 2404 1077 2477 hoc
1105 2407 1213 2475 dicto·

223 2507 381 2578 contenti
395 2508 515 2576 simus.
565 2505 669 2575 Nunc
686 2508 856 2596 potentias
872 2521 906 2578 et
921 2532 1040 2579 earum
1057 2530 1199 2596 organa,

223 2624 257 2678 et
287 2607 464 2677 actionum
506 2628 632 2694 genera
662 2609 932 2681 consideremus.
992 2608 1081 2679 Nam
1114 2604 1200 2676 baec

223 2707 383 2778 doctriua
404 2706 513 2795 magis
534 2707 636 2775 obvia
659 2721 710 2776 est
731 2704 914 2777 bominum
940 2709 1201 2798 intelligentiae,

224 2822 260 2877 et
284 2807 450 2877 conducit
472 2808 516 2875 ad
543 2809 708 2876 tuendam
728 2808 985 2893 valetudinem,
1011 2813 1053 2878 ad
1077 2831 1200 2896 regen-

226 2911 290 2978 dos
303 2929 436 2991 mores,
463 2919 497 2977 et
519 2907 564 2974 ad
587 2910 816 2979 monstranda
835 2908 986 2983 illustria
1001 2907 1200 2981 testimonia

226 3011 269 3077 de
285 3006 360 3079 Deo
381 3008 419 3074 in
434 3007 549 3077 nobis.

304 3243 399 3322 Quot
424 3246 513 3308 sunt
542 3243 733 3329 potentiue
757 3242 915 3312 Animae
941 3232 1128 3309 dominis?

330 3385 419 3456 Tres
447 3388 575 3476 gradus
610 3401 691 3458 sunt
717 3384 940 3457 Animarum.
996 3387 1038 3456 ln
1073 3388 1203 3478 plantis

229 3501 367 3558 tantum
394 3501 444 3558 est
464 3489 668 3574 vegetativa.
726 3489 770 3558 In
803 3490 918 3558 brutis
947 3489 1139 3578 vegetativa
1170 3500 1204 3556 et

229 3587 394 3660 sentiens.
446 3585 488 3654 ln
515 3583 659 3658 bomine
683 3590 895 3675 vegetativa‚
920 3590 1203 3657 sentiens'etra-

228 3689 383 3760 tionalis.
432 3685 628 3778 Receptum
658 3702 708 3758 est
736 3691 773 3757 in
794 3686 923 3758 scholis
942 3712 1049 3758 unam
1073 3711 1203 3776 ponere

231 3789 386 3858 animam
406 3787 444 3854 in
473 3788 633 3877 quolibet
662 3789 828 3861 animato.
882 3787 968 3858 Ideo
998 3789 1112 3859 brutis
1139 3789 1203 3859 tri·
1238 3875 1241 3880 ,

229 3889 354 3957 buitur
386 3887 502 3956 anima
531 3889 702 3973 sentiens,
744 3893 804 3959 sed
840 3890 985 3959 additur
1011 3889 1204 3978 vegetativa

231 3982 399 4079 tanquam
436 3989 610 4075 potentia,
649 4014 753 4080 qcram
790 3991 946 4058 continet
981 3991 1097 4058 anima
1125 4013 1205 4058 sen-

231 4090 340 4168 tiens,
366 4085 456 4158 sicut
470 4098 504 4156 ct
521 4089 693 4178 potentias
710 4090 897 4180 appetendi
916 4105 950 4159 et
963 4090 1042 4159 loco
1059 4113 1206 4159 moven-

221 4187 267 4257 'di
282 4187 450 4260 continet.

334 4303 393 4375 Sic
406 4305 602 4398 loquuntur
617 4298 757 4373 scholae
779 4307 869 4374 etde
884 4301 1038 4375 bomine.
1090 4303 1206 4375 Unam

195 4410 204 4420 ’
233 4405 395 4474 tribuunt
422 4401 561 4474 bomini
589 4404 762 4488 animam,
795 4405 958 4475 videlicet
988 4406 1208 4488 rationalem,

234 4507 292 4573 sed
316 4505 453 4574 addunt
474 4505 701 4593 vegetativam
727 4519 760 4575 et
781 4505 1007 4589 sentientem,
1039 4520 1207 4599 tanquam

235 4607 310 4672 eius
326 4603 705 4695 inferiorespotentias.
754 4603 960 4697 Loquemur
974 4619 1007 4674 et
1029 4628 1093 4674 nos
1106 4601 1210 4674 sebo-

235 4703 348 4772 larum
366 4726 482 4782 more,
506 4706 653 4792 perinde
676 4729 715 4774 ac
730 4707 760 4773 si
778 4707 823 4774 sit
837 4706 939 4774 unica
960 4703 1115 4774 bominis
1130 4705 1209 4774 ani·

235 4827 290 4870 ma
306 4803 490 4872 continens
505 4805 625 4893 plures
641 4807 825 4895 potentias.
873 4803 921 4876 Ut
937 4807 974 4874 in
990 4830 1061 4874 uua
1078 4830 1117 4875 re
1128 4829 1209 4898 pos·

193 4903 195 4906 ’
236 4915 319 4971 scrut
345 4925 417 4971 esse
439 4904 571 4972 multae
586 4898 769 4998 δυνάμεις.
826 4903 869 4974 ln
894 4905 1002 4974 radiis
1016 4904 1143 4975 Martis
1158 4919 1211 4975 est

237 5003 291 5071 vis
313 5003 439 5071 urendi
462 5017 495 5074 et
519 5005 619 5072 valde
643 5006 850 5075 desiccandi.
902 5004 944 5073 ln
965 5006 1074 5076 radiis
1087 5003 1210 5077 Lunae

238 5115 290 5173 est
314 5104 367 5172 vis
397 5103 525 5173 leniter
547 5104 773 5174 calefaciendi
802 5118 836 5176 et
862 5100 1101 5176 humectandi.
1152 5103 1212 5175 Sic

238 5215 369 5272 certum
392 5217 444 5273 cst
466 5203 621 5273 eiusdem
637 5206 774 5274 animae
795 5206 888 5276 vires
903 5229 992 5292 esse,
1015 5204 1209 5296 potentiam

237 5303 488 5391 cognoscendi,
509 5318 544 5376 ct
556 5306 749 5396 potentiam
765 5308 953 5398 appetendi
969 5319 1003 5379 et
1015 5305 1211 5377 aversandi.

450 222 660 303 SCRIPTA
682 227 760 300 PH.
785 225 902 307 MEL.
925 213 996 303 ΑΙ)
1019 227 1147 305 lllST.
1173 226 1320 306 PROF.
1345 230 1413 306 ET
1437 217 1629 313 PlllLOS.
1654 236 1975 320 SPECTANTIA.

2167 248 2220 324 2⁰

1343 403 1436 478 Sunt
1462 407 1571 495 igitur
1597 409 1636 477 in
1671 405 1816 482 bomine
1846 415 2024 503 potentiae
2046 413 2221 510 quinque:

1243 499 1465 675 gegetatilva,
1491 507 1673 596 Sentisne,
1704 511 1927 602 Adpetitiva,
1951 515 2048 587 Loco
2074 521 2223 609 motiva,

1279 617 1397 675 attona
1414 608 1455 683 is.

1344 754 1559 841 Agnoscitur
1574 768 1689 825 autem
1706 752 1792 829 baec
1807 760 1992 832 diversitas
2017 789 2059 834 ex
2073 749 2226 836 actioniss

1245 855 1328 939 bus,
1355 879 1445 946 quae
1465 877 1546 924 cum
1568 856 1753 928 incurrant
1769 860 1806 927 in
1830 884 1973 949 sensus,
1997 879 2159 946 movent,
2185 879 2228 936 ut

1244 955 1462 1044 singularum
1484 977 1614 1043 organa
1637 971 1671 1027 et
1699 959 1815 1029 fontes
1836 985 2078 1055 quaeramus„
2106 963 2226 1036 Huius

1245 1055 1426 1126 doctrinae
1441 1056 1654 1146 amplissima
1671 1070 1722 1128 est
1737 1060 1883 1154 utilitas.
2067 1056 2071 1063 ’

1347 1185 1478 1276 Magna
1510 1201 1545 1257 et
1572 1188 1689 1279 inepta
1718 1195 1900 1264 contentio
1927 1156 2062 1278 sutt'tn
2084 1193 2226 1281 sebolis,

1247 1290 1424 1382 quomodo
1447 1288 1710 1377 distinguantur
1732 1294 1918 1383 potentiae.
1976 1294 2030 1367 De
2051 1300 2226 1386 organicis

1247 1389 1470 1458 manifestum
1499 1401 1569 1468 est,
1610 1391 1778 1482 distingui
1813 1419 1869 1463 eas
1898 1397 2049 1485 organis.
2106 1396 2156 1469 Et
2187 1399 2227 1467 in

1247 1491 1326 1559 aliis
1342 1489 1482 1578 organis
1495 1489 1647 1557 animam
1658 1492 1744 1562 alias
1759 1495 1958 1567 ellectiones
1973 1493 2114 1586 habere,
2135 1499 2227 1571 sicut

1247 1614 1289 1659 ex
1304 1591 1382 1660 aliis
1399 1589 1525 1661 fistulis
1538 1590 1601 1659 alii
1619 1593 1696 1659 soni
1715 1596 1880 1668 eduntur.

1535 1787 1633 1871 Quid
1655 1797 1712 1860 est
1735 1792 1942 1887 organum?

1347 1929 1413 2004 Est
1440 1958 1520 2025 pars
1550 1938 1709 2028 corporis
1737 1940 1902 2028 animati,
1935 1955 2031 2013 certo
2053 1957 2230 2038 tempera-

1247 2046 1384 2119 mento,
1409 2036 1519 2125 figura
1546 2050 1581 2108 et
1603 2039 1693 2121 situ,
1720 2043 1862 2111 condita
1877 2046 1921 2113 ad
1934 2045 2134 2114 functiones
2149 2071 2230 2116 cer-

1247 2147 1317 2218 tas,
1352 2135 1407 2204 illi
1439 2149 1585 2207 naturae
1614 2140 1876 2211 convenientes.
1935 2142 1984 2213 Ut
2011 2145 2051 2213 in
2080 2142 2228 2218 bomine

1248 2237 1343 2305 oculi
1366 2249 1460 2305 certo
1483 2250 1777 2329 temperamento,
1809 2243 1898 2328 situ,
1912 2243 2058 2332 ligura,
2092 2244 2230 2318 conditi

1249 2337 1389 2407 suntad
1406 2337 1609 2408 videndum.
1663 2337 1705 2408 ln
1728 2341 1859 2430 plantis
1878 2340 2011 2414 radices
2033 2359 2118 2415 sunt
2132 2348 2231 2419 velut
2265 2420 2268 2431 ,

1250 2462 1309 2520 os,
1340 2461 1410 2528 quo
1436 2439 1691 2506 nutrimentum
1716 2437 1898 2514 attrabunt
1925 2457 1960 2514 et
1985 2446 2230 2518 transmittunt

1251 2539 1288 2606 in
1303 2538 1478 2630 reliquum
1496 2561 1633 2627 corpus.
1685 2538 1791 2610 Rami
1809 2557 1892 2614 suut
1912 2543 2025 2614 baiuli
2038 2546 2230 2634 fructuum,

1250 2639 1335 2708 solia
1354 2651 1475 2726 tegunt
1491 2640 1635 2708 fructus.
1868 2657 1880 2697 t

1353 2768 1401 2840 Ut
1425 2783 1539 2838 autem
1564 2772 1650 2840 alias
1672 2768 1837 2862 physicae
1858 2789 1974 2864 partes
1993 2778 2154 2849 ordimur
2184 2785 2230 2852 ab

1253 2871 1314 2955 iis,
1339 2891 1428 2962 quae
1448 2871 1558 2958 magis
1578 2873 1697 2942 sensui
1713 2875 1816 2942 obvia
1839 2888 1940 2959 sunt,
1964 2876 2014 2947 ita
2027 2877 2066 2945 iu
2083 2874 2147 2947 bae
2162 2883 2229 2952 do.

1252 2971 1383 3054 ctrina,
1408 2971 1613 3064 priusquam
1636 2976 1680 3043 de
1702 2976 1869 3063 potentiis
1887 2976 2061 3060 dicemus,
2085 2983 2231 3069 prodest

1253 3072 1407 3162 aspicere
1431 3096 1556 3162 corpus
1577 3067 1752 3159 bominis,
1786 3088 1820 3143 et
1847 3076 1984 3145 diversa
2012 3081 2168 3148 membra
2195 3098 2231 3154 et

1253 3195 1404 3260 organa,
1438 3173 1537 3265 quasi
1566 3168 1746 3245 machinas
1773 3177 2005 3245 considerare.
2064 3177 2111 3250 Ut
2133 3183 2229 3252 enim

1255 3285 1438 3361 conspecta
1460 3272 1554 3340 mola
1577 3295 1638 3342 seu
1660 3275 1854 3344 bombarda
1882 3289 1916 3344 et
1936 3277 2059 3363 globo,
2084 3304 2134 3355 ac„
2148 3286 2230 3371 pul-

1254 3395 1335 3443 vere
1351 3373 1596 3452 tormentario,
1620 3374 1759 3444 facilius
1777 3375 1983 3444 raciocinari
2005 3401 2125 3448 causas
2147 3406 2232 3471 pos-

1255 3493 1394 3557 sumus,
1420 3473 1468 3542 ita
1489 3473 1527 3541 in
1549 3497 1697 3563 corpore
1722 3488 1842 3544 nostro
1866 3477 2069 3547 monstratis
2096 3478 2232 3551 machi-

1254 3574 1331 3657 nis,
1356 3574 1530 3662 potentias
1552 3575 1689 3643 facilius
1712 3572 1908 3664 intelligere
1929 3590 1963 3648 et
1979 3577 2134 3650 iudicare
2147 3604 2229 3672 pos-

1255 3694 1387 3745 sumus.

1356 3802 1514 3873 Pertinet
1526 3816 1642 3873 autem
1658 3798 1744 3873 baec
1758 3805 1946 3898 descriptio
1961 3831 2173 3899 organorum
2186 3821 2232 3887 ad

1256 3916 1427 3975 vetustam
1448 3904 1545 3971 illam
1563 3903 1785 3974 Medicorum
1805 3907 2020 3989 doctrinam,
2047 3934 2136 4002 quae
2154 3932 2232 3988 orta

1257 4019 1307 4077 cst
1321 4031 1361 4074 ex
1376 4004 1528 4074 sectione
1544 4027 1744 4095 corporum,
1771 4027 1877 4098 quarn
1891 4022 2019 4079 vocant
2029 4005 2233 4108 ἀνατομήν,

1258 4118 1347 4200 quae
1360 4128 1432 4173 non
1450 4104 1548 4171 inani
1564 4104 1764 4176 curiositate
1779 4118 1912 4176 tentata
1926 4121 1989 4194 est,
2013 4113 2073 4179 sed
2090 4129 2234 4205 propter

1257 4207 1386 4276 multas
1405 4203 1625 4291 gravissimas
1651 4227 1771 4274 causas
1796 4207 1963 4277 omnibus
1984 4211 2155 4281 aetatibus
2175 4239 2234 4284 ex-

1259 4307 1365 4397 petita
1387 4319 1449 4374 est.
1501 4302 1599 4390 Quid
1621 4304 1715 4373 enim
1740 4305 1844 4376 faciet
1866 4310 2044 4390 medicus,
2069 4312 2098 4379 si
2115 4313 2234 4386 locum

1259 4407 1430 4476 adfectum
1450 4404 1609 4489 ignoret?
1658 4403 1712 4474 Ac
1732 4418 1882 4476 vetustas
1903 4409 1990 4477 adeo
2006 4414 2234 4485 necessariam

1260 4529 1332 4576 esse
1353 4503 1589 4593 cognitionem
1612 4503 1765 4594 partium
1786 4507 1944 4595 corporis
1968 4503 2113 4580 humani
2139 4515 2236 4583 iudi-

1260 4606 1371 4684 cavit,
1396 4618 1436 4673 ut
1456 4603 1493 4670 in
1516 4601 1738 4674 Medicorum
1758 4606 1901 4675 familiis
1924 4608 2089 4680 usitatum
2115 4613 2236 4700 fuerit,

1260 4703 1466 4775 domesticas
1497 4703 1722 4799 dissectiones
1748 4707 1861 4776 lacere
1884 4712 2089 4799 spectandas
2114 4714 2236 4783 adole-

1260 4805 1437 4875 scentibus
1459 4804 1543 4873 inde
1565 4826 1677 4897 usque
1697 4804 1853 4896 a'prima
1873 4820 1994 4883 aetate.
2045 4808 2134 4881 Nam
2148 4814 2235 4884 olim

1261 4905 1405 4976 artesio
1426 4905 1642 4995 possessione
1664 4905 1856 4977 illustrium
1877 4908 2090 4980 familiarum
2104 4913 2240 4984 retine-

1261 5007 1410 5101 bantur,
1436 5018 1470 5075 et
1484 5005 1676 5093 gloriosum
1699 5028 1772 5075 esse
1787 5009 2000 5094 ducebatur,
2025 5013 2174 5101 posteris
2197 5015 2238 5084 in

1260 5106 1393 5174 familia
1424 5106 1561 5176 tradere
1585 5105 1766 5174 maiorum.
1787 5109 1984 5179 doctrinam
2020 5124 2056 5182 et
2082 5112 2237 5189 inventa.

1261 5205 1322 5276 Sic
1334 5184 1609 5299 inllippocratis
1622 5206 1771 5287 familia,
1792 5232 1883 5302 quae
1893 5223 1971 5280 orta
1983 5223 2035 5281 est
2049 5212 2095 5281 ab
2103 5210 2239 5286 Aescu·

1261 5305 1374 5398 l‘apio,
1398 5306 1568 5398 possessio
1592 5306 1677 5381 artis
1698 5308 1854 5386 medicae
1874 5331 1986 5402 usque
2002 5311 2048 5382 ad
2063 5311 2240 5387 Aristote-
