4538 5754
37 249 41 256 -
133 238 234 317 Μ
731 227 857 305 attur
881 226 1000 308 MEL.
1026 229 1239 311 semera
1265 236 1567 322 uxqutha.
2069 266 2153 343 tstt

236 406 296 483 Ad
310 408 473 502 primam.
514 400 766 497 Requiruntur
780 425 907 495 opera,
928 427 1018 497 quae
1027 402 1124 476 Deus
1147 420 1151 493 t
1173 426 1233 483 tur
1258 437 1350 484 nova
1375 415 1598 501 obedientia,
1631 445 1724 514 quae
1749 438 1869 498 tamen
1892 425 2017 505 adhue
2037 448 2153 511 tamem

134 515 239 587 nobis
253 509 442 605 praecipit,
468 530 542 576 non
559 505 794 598 requiruntur
807 505 924 576 cultus
940 506 1124 597 excogitati
1174 514 1311 585 incocta
1329 530 1400 611 est,
1427 543 1467 588 ac
1483 520 1553 610 legi
1569 544 1793 619 nequaquam
1811 532 2001 615 satisfacit,

132 617 292 690 bamam
308 611 507 685 autoritate·
547 605 686 677 ΗΜΘ
701 606 871 698 ⁰9⁰er
891 608 1032 725 ¹¹¹⁰J¹⁸¹l
1047 609 1125 701 9³⁰⁸
1275 632 1435 706 Primum
1452 639 1562 729 igitur
1577 663 1770 732 agnoscere
1785 651 1965 724 debemus
1994 650 2084 727 lunc
2101 683 2154 731 no-

135 742 275 790 necesse
291 727 359 793 est,
387 736 432 781 ¹¹⁸
453 711 521 804 ἱΡδῑ
535 709 603 779 fibi
618 709 754 796 findani
770 708 904 795 enlm,
929 724 1020 782 'mli
1041 734 1125 801 91⁰·
1173 758 1253 803 vam
1279 738 1536 827 obedientiam,
1569 768 1643 814 non
1667 763 1812 841 propter
1835 777 1938 824 suam
1965 757 2152 848 dignitatem

134 822 242 893 clives
264 829 348 889 sunt
374 809 522 884 humani
544 811 655 881 animi
678 812 722 880 ad
744 813 1124 932 ⁰P0r³f¹⁰⁰¹ff0¹¹⁰ffl¹⁰
1173 838 1312 927 placere
1327 836 1424 924 Deo,
1451 867 1604 916 necesse
1621 849 1778 943 precium
1803 878 1866 926 aen
1891 860 2065 929 meritum
2081 864 2154 934 vitae

133 923 288 1011 iudicio,
315 931 349 988 et
364 906 688 1010 tdetodpnoneicc.
731 909 806 981 1¹⁰⁰
821 926 936 983 ⁸⁶¹⁸st
950 938 1000 1006 P¹¹
1017 927 1125 986 ellim
1175 952 1357 1026 aeternae,
1384 967 1449 1014 nec
1472 960 1611 1018 sanctos
1634 973 1709 1019 esse
1732 953 1864 1044 iustos,
1893 974 1928 1031 ct
1943 960 2102 1055 acceptos
2119 968 2152 1035 ad

133 1027 172 1095 in
193 1021 383 1116 operibus,
413 1015 665 1088 conscientiam
691 1016 888 1135 regendam·
913 1037 987 1085 esse
1013 1017 1124 1088 verbo
1174 1041 1283 1111 vigam
1301 1057 1479 1115 “gemam
1498 1045 1754 1141 propgerhgnc
1772 1059 2034 1139 obedientiam·
2073 1063 2152 1156 Qu,-

132 1125 214 1197 Dei.
265 1120 345 1194 Etsi
359 1121 455 1190 enlm
470 1118 715 1236 mundusflffll
738 1117 922 1208 ¹¹¹l⁰ll¹8¹ls
949 1132 1122 1238 (luinifflfl
1171 1166 1210 1212 re
1225 1143 1344 1239 iuquit
1361 1143 1559 1240 Propheta:
1585 1150 1669 1223 Non
1693 1155 1803 1230 intres
1824 1160 1864 1231 in
1888 1163 2068 1236 iudicium
2087 1191 2151 1238 cun

133 1225 393 1321 P⁰⁰⁰³¹¹¹¹¹¹⁸lls
419 1220 639 1291 ⁰⁰m¹¹¹l¹¹l⁸⁰¹
657 1220 1054 1340 ¹¹⁰V⁰⁸⁶¹¹ll¹¹salaf¹¹⁰¹¹
1074 1246 1125 1313 ΡΙΙ
1173 1268 1276 1316 servo
1301 1260 1382 1335 tuo,
1418 1251 1500 1345 quia
1527 1277 1601 1323 non
1633 1256 1883 1333 iustificabitur
1913 1265 1956 1333 in
1984 1283 2151 1361 conspeetu

133 1330 246 1400 sciant
261 1351 335 1397 non
352 1327 430 1394 leve
447 1335 601 1392 firmium
625 1343 718 1409 0⁸⁸⁰,
751 1322 812 1389 sed
836 1322 1022 1394 ¹d⁰l²¹lf¹³0
1044 1346 1124 1414 8ΡΒ·
1173 1362 1235 1417 tuo
1256 1350 1374 1419 omnis
1390 1351 1526 1429 vivens.
1578 1353 1676 1428 Haec
1694 1361 1857 1435 doctrina
1881 1364 2045 1438 detrahit
2066 1372 2150 1442 nobit

133 1432 234 1503 ciem·
286 1427 435 1521 Semper
465 1424 573 1516 lilim
602 1422 754 1492 tenenda
789 1436 840 1493 ⁰⁸²
867 1425 906 1543 {¹¹
931 1437 1122 1544 ⁰⁰⁰⁸P²⁰¹¹¹
1170 1453 1408 1537 arrogantiam
1425 1467 1458 1524 et
1474 1456 1639 1528 fiduciam
1656 1475 1798 1534 nostrae
1817 1467 2008 1554 iusticiae,
2032 1486 2066 1542 et
2082 1467 2150 1544 hor-

132 1528 322 1602 haecvox:
350 1527 494 1599 Frustra
513 1526 637 1596 colunt
658 1549 715 1593 me
728 1526 904 1598 mandatis
924 1520 1123 1600 hommum.
1171 1564 1349 1624 murno,
1365 1556 1408 1624 ad
1428 1574 1632 1649 perpetuam
1650 1567 1922 1654 poenitentiam,
1951 1574 2148 1662 ,guigonem

233 1665 421 1738 Caeterum
454 1686 590 1734 summa
620 1662 799 1731 bonorum
829 1686 997 1753 opernm,
1036 1686 1125 1757 quae
1171 1667 1312 1724 nostrae
1342 1656 1576 1743 infirmitatis,
1599 1678 1633 1734 et
1664 1665 1738 1736 irae
1757 1668 1825 1739 Dei
1848 1672 2028 1744 adversus
2048 1699 2148 1768 pecca-

130 1769 228 1840 Deus
244 1769 349 1838 nobis
363 1765 554 1860 praecipit,
580 1763 785 1834 continetur
800 1763 837 1832 in
852 1764 1020 1853 decalogo
1037 1767 1124 1835 der·
1171 1769 1259 1829 tum.

133 1886 186 1944 tre
200 1870 392 1955 intellecto,
418 1869 510 1938 sicut
525 1891 605 1937 eum
615 1861 778 1938 Christus
794 1879 828 1936 et
835 1866 1001 1959 Apostoli
1017 1889 1122 1937 enar·
1273 1867 1352 1941 Etsi
1372 1887 1490 1944 autem
1507 1870 1673 1951 homines
1692 1897 1884 1961 extenuant
1901 1885 2000 1963 hanc
2020 1894 2150 1964 infinni.

133 1986 227 2049 rant.
278 1971 368 2041 lude
383 1972 560 2041 discamus
575 1993 650 2037 non
669 1966 786 2038 solum
810 1982 952 2038 externa
974 1962 1123 2039 honesta
1167 1984 1277 2044 tatem
1309 1985 1477 2064 naturae,
1508 1984 1592 2074 qnia
1628 1985 1720 2055 ratio
1756 1983 1914 2061 humana
1952 2017 2031 2064 non
2060 1998 2150 2077 videt,

133 2098 241 2168 opera
262 2073 416 2168 requiri,
447 2074 509 2142 sed
536 2070 723 2140 interiores
751 2069 865 2140 bonos
894 2083 1013 2140 motus
1037 2095 1124 2140 con·
1171 2088 1344 2171 quantum
1369 2078 1414 2148 sit
1438 2093 1640 2170 peccatum,
1666 2110 1732 2158 nee
1752 2091 1850 2161 videt
1875 2093 1971 2164 imm
1996 2094 2080 2168 θεῖ,
2109 2113 2151 2170 g,

128 2180 327 2250 sentientes
354 2175 425 2265 legi
447 2169 534 2257 Dei,
566 2172 701 2243 seilicet
725 2171 890 2242 timorem
914 2170 997 2258 Dei,
1030 2173 1124 2243 lidu-
1169 2200 1252 2246 men
1275 2177 1326 2270 pii
1342 2179 1454 2252 sciant
1471 2179 1549 2253 Deo
1566 2187 1755 2278 displicere
1782 2192 1882 2262 illam
1907 2201 2087 2270 carnalem
2108 2224 2151 2272 se·

126 2281 244 2364 ciam,
269 2278 553 2359 invocationem,
578 2273 805 2365 patientiam,
840 2272 953 2345 zelum
977 2275 1021 2343 ad
1044 2274 1123 2365 glo·
1170 2280 1358 2364 mritatem
1378 2297 1413 2353 et
1438 2277 1663 2379 hypocrisin,
1697 2315 1738 2361 ac
1761 2290 1878 2364 &um
1901 2303 2101 2388 postulare,
2120 2319 2150 2373 nt

132 2381 345 2452 rificandum
362 2392 397 2451 et
418 2378 621 2448 ornandum
638 2398 772 2445 nomen
786 2373 873 2461 Dei,
901 2374 1121 2466 diligentiam
1169 2402 1401 2470 agnoscamus
1417 2384 1680 2478 infirmitatem,
1705 2407 1740 2464 et
1766 2419 2046 2487 expavescamus
2066 2406 2150 2475 geu.

131 2486 170 2554 in
190 2483 345 2552 vitandis
363 2481 560 2562 scandalis,
588 2477 830 2547 obedientiam
856 2499 936 2569 erga
961 2478 1123 2569 superio·
1170 2506 1328 2554 meamus
1343 2485 1433 2555 iram
1447 2501 1481 2558 et
1499 2490 1671 2563 iudicium
1688 2494 1757 2566 Dei
1773 2502 1949 2572 adversus
1963 2520 2143 2596 paratum.

131 2610 205 2670 res,
233 2585 462 2653 dilectionem
489 2579 661 2673 proximi,
687 2578 900 2660 castitatem,
927 2579 1123 2653 veritatem.

129 2687 173 2758 ln
188 2682 244 2756 his
259 2685 416 2756 motibus
429 2683 532 2752 debet
549 2704 702 2751 crescere
717 2681 755 2748 in
773 2681 877 2751 uobis
894 2681 1035 2752 novitas
1050 2680 1123 2773 spi-

130 2786 285 2872 ritualis,
317 2785 406 2859 sicut
418 2783 553 2855 Paulus
576 2782 694 2878 inquit
716 2788 754 2855 2.
772 2779 853 2856 Cor.
868 2780 921 2856 5.:
946 2781 1123 2876 Superin-

129 2893 281 2965 duemm
290 2944 301 2976 ¹
327 2889 357 2958 ‘l
375 2901 493 2958 lamen
508 2909 583 2956 ¹¹⁰⁰
601 2885 689 2955 nudi
707 2884 937 2978 repellemur·
1169 2923 1306 2993 berabit
1331 2949 1351 2994 a
1374 2950 1524 3018 corpore
1547 2925 1655 3003 huius
1669 2936 1819 3007 mortis?
1868 2937 1940 3010 His
1957 2944 2077 3014 verbis
2088 2969 2146 3014 me

230 3003 285 3078 De
301 3007 454 3077 secunda
478 3004 705 3100 quaestione,
732 3027 807 3072 non
827 3003 943 3074 solum
965 3004 1063 3075 docti
1083 3005 1123 3074 iu
1169 3024 1229 3114 gni
1246 3024 1391 3096 affectus
1406 3043 1441 3100 et
1456 3033 1531 3100 veri
1554 3055 1702 3124 pavores
1726 3037 1996 3130 significantur,
2021 3045 2145 3117 sicutet

127 3111 231 3183 libris
246 3111 452 3203 disputant,
477 3108 538 3177 sed
555 3104 668 3175 multo
688 3098 934 3177 vehementior
957 3120 1009 3178 est
1030 3131 1123 3198 agon
1167 3121 1339 3197 Ezechias
1362 3132 1500 3225 inquit,
1534 3134 1572 3203 3„
1603 3161 1686 3207 vm
1714 3142 1939 3230 poenitentia
1974 3170 2144 3237 agnoscens

127 3216 167 3284 in
180 3211 429 3295 conscientiis,
454 3234 534 3281 cum
552 3207 708 3298 cogitant
726 3230 762 3277 se
788 3231 864 3277 non
881 3208 1017 3299 placere
1034 3206 1123 3296 Deo,
1168 3250 1268 3297 ,uam
1292 3230 1533 3305 infirmitatem
1556 3250 1589 3306 e,
1612 3238 1700 3307 imm
1721 3240 1805 3312 Dei:
1833 3242 1940 3317 spem
1955 3248 2015 3320 leo
2030 3249 2142 3319 comi·

127 3340 209 3386 cum
238 3311 354 3388 adhuc
383 3308 528 3384 haereat
549 3310 589 3379 in
618 3308 724 3380 nobis
749 3308 995 3381 immundities
1016 3324 1122 3382 natu·
1169 3329 1554 3415 vigomnigossamea·
1601 3336 1810 3413 Efflanieh
1837 3344 1979 3418 Noni„
1998 3351 2143 3422 imfirm-

125 3419 223 3492 ralis.
1167 3430 1328 3504 tionibus
1341 3438 1473 3509 nostris
1491 3440 1708 3529 invocantes,
1735 3445 1852 3516 sedin
1870 3449 2143 3523 miserationibus

231 3533 284 3605 Ac
299 3534 361 3603 alii
378 3528 678 3602 hacdubitatione
695 3529 944 3622 impelluntur,
960 3541 1001 3601 ut
1016 3554 1121 3622 pror·
1168 3534 1237 3604 tuis
1261 3533 1395 3611 multis.
1449 3537 1555 3611 Item:
1583 3541 1669 3613 Tibi
1690 3543 1844 3617 Domine
1866 3550 2031 3640 iusticia,
2061 3554 2144 3634 uobis

126 3662 186 3710 sus
208 3637 296 3708 fiant
321 3634 500 3728 Epicurei.
559 3630 654 3722 Quia
680 3630 776 3701 enim
801 3633 988 3724 desperant
1011 3633 1120 3703 vitam
1167 3650 1284 3707 autem
1303 3640 1465 3711 conlusio
1484 3643 1600 3715 faciei.
1652 3644 1697 3718 Et
1712 3645 1855 3720 Psalmo
1873 3650 1954 3728 81.;
1981 3653 2066 3727 Dixi
2078 3680 2144 3727 een-

96 3732 98 3737 ¹
126 3763 229 3835 posse
252 3736 329 3809 Deo
351 3737 510 3829 placere,
545 3736 715 3806 desinunt
739 3735 926 3820 invocare,
958 3748 992 3805 et
1016 3759 1121 3826 expe·
1168 3739 1295 3812 litabor
1317 3742 1506 3814 adversum
1531 3769 1591 3815 me
1614 3745 1830 3831 iniusticiam
1853 3778 1973 3826 meam
1995 3754 2144 3830 nomino,

126 3857 220 3914 ctare
242 3840 433 3934 quicquam
453 3861 472 3906 a
489 3835 578 3922 Deo,
603 3837 759 3932 denique
781 3837 941 3908 induunt
958 3850 1120 3907 contem·
1167 3837 1217 3910 Hi
1244 3841 1314 3912 loci
1337 3867 1462 3912 omnes
1485 3847 1746 3922 concionantur
1768 3855 1915 3945 proprie
1942 3861 2092 3947 sanctis,
2114 3881 2144 3928 ne

123 3963 202 4018 ¹⁰¹⁰
220 3942 303 4012 Del·
1063 3988 1072 4001 ·
1168 3965 1267 4012 suam
1297 3943 1542 4019 infirmitatem
1578 3963 1789 4040 extenuent,
1822 3979 1868 4025 ne
1902 3962 2023 4032 securi
2044 3976 2144 4033 cente-

230 4061 306 4132 Alii
328 4063 518 4131 frementes
540 4058 595 4128 ira
621 4070 655 4127 et
679 4057 926 4147 indignatione
950 4057 1120 4127 adversus
1166 4059 1292 4163 runaut
1314 4046 1486 4168 iudicium
1509 4045 1598 4136 Dei,
1623 4076 1668 4121 ne
1690 4058 1873 4129 confidant
1895 4064 2048 4156 propria
2064 4063 2144 4135 iusti

121 4164 261 4249 Deum,
293 4187 399 4257 quam
424 4162 541 4232 adfert
562 4160 786 4250 desperatio,
819 4159 927 4229 etiam
958 4173 1119 4251 pereunt.
1167 4168 1220 4215 τίῆ
1237 4162 1499 4241 autsaprentta.

34 4338 37 4342 ,
123 4266 209 4338 ldeo
227 4289 368 4338 neccsse
384 4278 438 4335 est
462 4261 697 4333 conscientias
722 4261 859 4331 erudiri
882 4263 928 4331 de
952 4255 1020 4332 hoc
1042 4286 1120 4331 cer·
1191 4271 1197 4280 '
1270 4279 1341 4352 sed
1370 4283 1409 4352 in
1438 4285 1631 4374 pavorum,
1660 4291 1823 4365 addend,
1847 4307 1899 4364 επ
1923 4298 2036 4368 ,fiam
2057 4302 2142 4371 ,lgm

123 4370 277 4454 tamine,
311 4392 355 4437 ne
383 4367 422 4435 in
444 4359 510 4435 hac
533 4364 644 4455 impia
662 4362 860 4433 diffidentia
879 4363 1020 4444 vivant,
1054 4388 1119 4436 ne·
1167 4383 1333 4453 doctriua
1356 4385 1509 4469 deiide,
1537 4390 2143 4485 nerelinqnanturconscientisein

122 4496 166 4542 ve
191 4472 299 4542 etiam
321 4467 525 4558 arrogantia
548 4479 584 4536 et
605 4465 734 4535 fiducia
765 4465 930 4558 proprite
959 4465 1119 4538 iustitiae
1166 4484 1410 4571 dubitatione,
1436 4512 1526 4560 neve
1548 4492 1706 4564 ruantin
1721 4496 2023 4589 desperationem.
2070 4502 2142 4577 ceo

124 4573 374 4644 pntumeggam,
1167 4586 1265 4656 adest
1294 4588 1535 4676 poenitentia,
1569 4616 1709 4665 necesse
1737 4612 1791 4669 eat
1815 4601 1925 4670 etiam
1948 4607 2144 4679 consolatio·

225 4690 388 4761 Primum
419 4712 503 4779 ergo
534 4689 647 4758 sciant
682 4686 753 4777 pii,
794 4685 1116 4777 concupiscentiam
1166 4712 1249 4759 nem
1266 4701 1408 4775 tenere,
1433 4691 1617 4776 videlicet,
1645 4701 1742 4791 quod
1756 4724 1969 4796 quanquam
1984 4708 2142 4781 sitium

121 4818 185 4864 sua
203 4806 329 4864 natura
346 4806 527 4886 peccatum
543 4814 636 4876 esse,
660 4813 751 4882 quae
766 4789 912 4883 quidem
934 4803 1055 4860 manet
1078 4788 1117 4858 in
1166 4791 1220 4861 bis
1235 4790 1297 4860 illa
1319 4791 1526 4880 infirmitas,
1554 4810 1673 4868 tamen
1695 4825 1778 4872 vere
1792 4804 1934 4896 placeat
1948 4804 2029 4883 Deo
2044 4832 2142 4904 perta·

120 4896 272 4980 sanctis,
298 4910 332 4966 et
347 4895 460 4984 gignit
475 4893 628 4984 impetus
643 4894 811 4963 adversus
829 4890 950 4961 omnia
974 4915 1112 4983 praece-
1164 4917 1231 4978 na,
1256 4907 1403 4987 propter
1425 4897 1658 4969 mediatorem
1680 4915 1714 4974 et
1734 4906 1942 4996 pontificem
1966 4907 2141 4996 Christus,

123 5013 182 5088 pta
199 4996 284 5082 Dei,
312 4997 477 5067 videlicet
499 4995 723 5065 securitatem
747 4996 919 5064 adversus
942 4993 1115 5062 iudicium
1164 5011 1198 5068 et
1216 4996 1467 5070 condonentur
1481 5001 1587 5071 nobis
1603 5003 1775 5097 reliquiae
1792 5010 1948 5099 peccati,
1976 5037 2019 5086 ac
2031 5017 2142 5109 placet

121 5099 208 5192 Dei,
236 5123 404 5192 quaerere
427 5094 583 5169 humana
610 5096 785 5189 praesidia
811 5107 934 5167 contra
949 5095 1115 5167 volunta·
1163 5091 1241 5168 Deo
1263 5096 1403 5170 incoata
1426 5101 1652 5190 obedientia,
1677 5122 1824 5201 propter
1839 5106 2050 5204 Christum,
2073 5117 2141 5189 sicu

119 5218 191 5276 tem
201 5200 281 5286 Dei,
307 5202 468 5271 diffidere
485 5197 583 5278 Deo,
606 5224 681 5270 non
697 5211 879 5290 expectare
895 5192 1001 5266 aDeo
1014 5197 1116 5268 anxi·
1164 5193 1296 5269 Paulus
1319 5200 1436 5293 iuquit
1452 5199 1559 5277 Rom.
1579 5206 1629 5276 &2
1657 5205 1764 5279 Nulla
1785 5234 1883 5287 nnnc
1905 5217 2091 5292 damnatio
2104 5230 2140 5289 att

118 5303 516 5388 ltum‚0dia,flammas
529 5299 743 5381 libidinum,
761 5315 795 5370 et
809 5299 880 5370 alia
898 5299 996 5373 vitia.
1039 5295 1114 5371 lam
1163 5297 1219 5371 his
1245 5300 1307 5395 qui
1337 5303 1523 5376 ambulant
1553 5307 1592 5377 in
1615 5305 1760 5383 Christo
1787 5311 1878 5386 lesu.
1943 5316 2051 5399 Item:
2079 5319 2139 5391 Non

119 5428 198 5476 cum
212 5407 259 5477 rit
275 5416 456 5498 peccatum
474 5402 514 5472 in
529 5402 677 5489 sanctis,
703 5394 879 5494 polluitur
900 5414 935 5474 et
954 5403 1114 5475 retarda-
1164 5403 1247 5477 estis
1263 5404 1330 5477 sub
1344 5403 1431 5499 lege,
1444 5409 1714 5501 sedsubgratia.
1738 5408 1788 5491 Et
1796 5414 1927 5492 Petrus
1934 5422 2004 5495 ait:
2026 5419 2139 5499 orec

1272 2614 1324 2686 lta
1348 2636 1490 2693 maneat
1514 2634 1553 2694 'et
1576 2643 1707 2698 crescat
1731 2631 1769 2699 iu
1803 2635 1910 2703 nobis
1936 2640 2147 2729 poenitentia,

1170 2717 1261 2789 sicut
1274 2721 1438 2810 deplorat
1453 2720 1587 2797 Paulos
1604 2751 1704 2799 suam
1718 2732 1970 2807 infirmitatem
1994 2765 2068 2810 non
2092 2742 2147 2811 leri

1169 2821 1334 2913 querela,
1358 2846 1438 2893 cum
1463 2827 1530 2898 ait:
1558 2824 1673 2901 Miser
1692 2855 1756 2924 ego
1779 2830 1910 2921 homo,
1936 2843 2022 2935 quis
2043 2842 2146 2914 meli·
