4538 5754
472 1046 508 1129 r.
566 1039 1132 1132 conunnrsnrus
1190 1041 1262 1126 ru
1324 1036 1696 1153 enuujsnu·
1966 972 1991 1016 ⁵

139 1226 256 1287 Prodiit
274 1228 329 1285 iam
351 1244 429 1285 anno
451 1223 547 1288 1523.
570 1228 688 1288 libellus
708 1227 905 1288 Melanthonis
927 1225 1102 1304 inscriptum

228 1311 291 1388 „ln
314 1312 478 1371 obscuriora
505 1314 617 1392 aliquot
636 1313 732 1392 capita
752 1314 906 1374 Geneseos
924 1309 1001 1375 Phil.
1021 1309 1205 1372 Melanchth.
1227 1308 1440 1371 annotationes.
1487 1309 1647 1387 Hagenoae
1673 1325 1729 1385 per
1758 1308 1897 1368 loannem
1926 1308 2079 1370 Secerium

183 1413 262 1455 anno
286 1391 379 1455 1523.
401 1414 503 1456 mense
525 1395 624 1457 Nov.”
644 1397 675 1459 8.
698 1428 741 1443 ·-
783 1395 865 1456 llaec
884 1395 1002 1454 videtur
1024 1413 1089 1455 esse
1112 1396 1208 1474 prima
1227 1392 1294 1455 libri
1322 1394 1428 1469 editio,
1455 1411 1557 1453 recusa
1577 1394 1732 1471 Tubingae
1755 1390 1848 1452 1523.
1869 1423 1911 1438 -
1952 1394 2080 1452 lterum:

183 1481 246 1556 „ln
269 1480 434 1539 obscuriora
460 1482 573 1561 aliquot
601 1483 696 1560 capite
716 1482 869 1542 Geneseos
888 1478 966 1539 Phil.
989 1476 1061 1539 Mel.
1085 1479 1297 1539 annotationes.
1343 1479 1391 1538 Ex
1412 1477 1596 1552 foelicissima
1616 1479 1756 1554 Haganoa
1776 1495 1832 1556 per
1852 1478 1892 1536 lo.
1915 1477 2077 1537 Secerium.

183 1563 354 1643 (Praecedit
374 1564 517 1642 praelatio
539 1566 653 1626 Nicolai
674 1562 808 1649 Gerbelii
829 1566 898 1636 dats
918 1583 948 1624 a.
973 1560 1105 1645 1524).”
1152 1565 1221 1624 Vid.
1242 1565 1369 1624 Panzeri
1384 1559 1787 1642 annaltypogr.lll,138.
1811 1558 1885 1622 305.
1907 1593 1950 1609 -
1998 1562 2080 1620 Ger·

182 1649 316 1709 menica:
358 1648 517 1729 „bbtttppt
544 1648 783 1730 webnbttyontt
812 1650 963 1728 ettttrung
993 1651 1057 1713 obet
1086 1665 1255 1730 onqsogung
1284 1648 1315 1710 tn
1344 1647 1438 1723 etttdn
1466 1647 1623 1727 [anstites
1645 1646 1772 1727 boptttet
1793 1649 1841 1709 bet
1864 1644 1953 1722 eslim
1975 1644 2078 1720 bubo

182 1730 303 1811 moab.
325 1733 455 1812 liuttici>
477 1736 535 1810 cufi
558 1739 621 1800 bem
643 1739 732 1800 totels
754 1737 804 1800 int
827 1735 927 1814 leutici)
949 1735 1087 1814 gession.
1129 1732 1366 1796 M.D.Xxlltl.'¹
1409 1731 1489 1815 (stne
1510 1732 1601 1815 loco).
1631 1766 1671 1779 -
1720 1734 1835 1792 'sextus
1858 1732 1966 1791 latinus
1988 1748 2078 1809 repe-

183 1819 257 1878 titus
278 1831 324 1878 est
344 1821 374 1878 in
398 1840 469 1900 opp.
490 1821 563 1883 atet.
583 1822 800 1883 Basileensibus
821 1822 859 1881 T.
873 1822 898 1880 t}
920 1840 951 1899 p.
967 1820 997 1882 1.
1021 1833 1052 1882 et
1074 1823 1181 1881 iterum
1202 1822 1233 1879 in
1254 1839 1324 1898 opp.
1346 1819 1417 1878 Mel.
1439 1819 1593 1898 Viteberg.
1614 1821 1652 1878 T.
1668 1818 1706 1877 ll.
1730 1837 1760 1896 p.
1777 1812 1841 1876 377
1858 1834 1903 1893 sq.
1929 1817 1980 1877 ubi
1998 1817 2078 1876 Peu-

160 1920 271 1964 cerus
293 1904 399 1964 libmm
423 1908 464 1965 sic
485 1907 645 1986 inscripsit:
667 1904 956 1992 „Commentarius
978 1906 1016 1966 is
1037 1900 1193 1984 Genesin,
1215 1905 1275 1984 qai
1294 1913 1346 1965 est
1366 1904 1458 1965 ister
1476 1900 1588 1982 prima
1610 1899 1751 1965 Asteris
1772 1897 1931 1980 scripta?

482 2172 758 2241 insanusne
786 2156 1048 2242 ranacario
1079 2176 1281 2244 amntem
1306 2175 1657 2243 manturanum.
1850 2179 1858 2195 ·

82 2309 334 2440 'neterquam
357 2351 451 2440 quod
478 2346 629 2419 Genesis
654 2370 774 2418 rerum
798 2349 1041 2420 conditionem
1095 2349 1253 2424 Verbum
1284 2349 1441 2442 spiritus.
1503 2348 1615 2421 Nobis
1645 2372 1685 2420 ca
1717 2361 1840 2420 contra
1873 2342 2078 2440 hypocrisin
2120 2349 2123 2359 ¹

82 2449 213 2532 rdicat,
239 2450 284 2518 ad
309 2444 377 2518 hoc
400 2472 440 2519 ea
464 2448 688 2541 potissimum
711 2452 884 2521 utendum
910 2463 979 2536 est,
1002 2460 1043 2521 ut
1094 2456 1267 2524 utendum
1284 2465 1352 2536 est,
1377 2454 1576 2546 utquando
1592 2453 1637 2522 de
1653 2450 1858 2521 conditione
1881 2472 1999 2518 rernm
2024 2447 2079 2516 lo-

82 2552 140 2621 ide
162 2550 280 2619 discas
302 2550 476 2640 originem
500 2549 655 2642 peccati,
681 2563 716 2620 et
736 2550 888 2643 primam
913 2552 1044 2642 gratiae
1095 2542 1235 2649 quitur,
1259 2554 1487 2641 intelligenda
1509 2554 1581 2624 sint
1604 2553 1712 2623 verba
1733 2552 1813 2622 viva
1834 2549 1992 2643 potentia
2013 2562 2079 2621 etc.

82 2651 343 2736 tremissionem,
368 2650 1044 2746 exquibusduobuslocisposteannis
1095 2658 1192 2726 iuxta
1218 2654 1326 2725 illud:
1370 2652 1487 2735 Dixit,
1527 2673 1561 2728 et
1585 2657 1676 2725 lacta
1703 2665 1796 2724 sunt.
1856 2649 1909 2722 lta
1935 2651 2078 2744 quando

82 2754 509 2842 tertapendetseriptura.
559 2751 874 2846 Suntetexempla
891 2755 1044 2847 prodita,
1096 2754 1193 2827 Deus
1206 2756 1319 2846 tangit
1335 2779 1397 2825 cor
1409 2771 1571 2828 nostrum
1588 2758 1658 2825 lide
1676 2753 1883 2838 creationis,
1907 2766 1942 2822 et
1958 2766 2078 2822 osten-

82 2854 245 2949 oqnibns
262 2868 338 2924 tnm
353 2855 427 2924 irae
443 2852 545 2939 lilios,
572 2866 648 2925 tum
662 2856 795 2944 gratiae
808 2857 902 2927 lilios
916 2858 1043 2927 ndum·
1095 2858 1149 2929 dit
1161 2859 1256 2952 quod
1273 2881 1315 2926 es
1332 2879 1390 2941 se,
1419 2857 1456 2926 in
1473 2883 1526 2942 se,
1551 2873 1586 2929 et
1600 2882 1663 2950 per
1677 2880 1714 2926 se
1728 2856 1800 2928 sint
1814 2853 1945 2938 omnia,
1971 2852 2078 2943 erigi-

82 2968 152 3028 trsts
178 2957 344 3026 timorem
368 2952 435 3024 Dei
467 2954 614 3025 illorum
644 2958 803 3049 exempla
830 2960 977 3042 docent,
1003 2952 1043 3025 hi
1095 2973 1156 3031 tur
1179 2982 1240 3029 cor
1258 2959 1385 3028 liducia
1408 2981 1487 3049 erga
1502 2959 1639 3045 Deum,
1665 2957 1841 3051 sentitque
1856 2979 1892 3025 se
1908 2957 1952 3025 de
1967 2978 2078 3023 manu

82 3055 175 3131 idem.
211 3055 319 3145 Quod
335 3056 430 3125 enim
447 3057 608 3126 invenias
622 3058 759 3129 tristius
772 3060 972 3151 exemplum
987 3059 1044 3128 di·
1094 3059 1162 3130 Dei
1181 3060 1338 3152 accipere
1357 3065 1496 3147 omnia,
1527 3076 1561 3132 et
1582 3062 1637 3132 illi
1657 3060 1778 3131 omnia
1800 3057 1972 3147 resignat,
2004 3057 2078 3123 sive

82 3157 167 3244 urio,
193 3172 257 3229 aut
270 3156 512 3228 Zodomorum
526 3157 657 3228 exitio?
682 3173 719 3230 et
734 3160 796 3255 qui
810 3162 941 3253 poterit
955 3159 1044 3251 erigi
1095 3163 1208 3245 vivat,
1232 3162 1308 3232 sive
1323 3161 1508 3236 moriatur.
1561 3161 1609 3235 Et
1625 3165 1729 3233 video
1745 3185 1819 3231 non
1832 3161 1943 3231 alium
1959 3159 2076 3227 locum

82 3259 294 3329 nnlidesstius
323 3260 427 3343 lides,
468 3282 575 3353 quam
609 3258 639 3329 si
671 3262 890 3344 consideres,
937 3284 1043 3358 quam
1096 3287 1189 3351 esse,
1221 3265 1258 3333 in
1282 3288 1355 3359 quo
1378 3287 1415 3333 se
1437 3266 1638 3337 mirabilius
1656 3266 1741 3334 fides
1764 3275 1937 3345 exerceat,
1970 3282 2076 3355 quam

82 3360 208 3446 blande,
236 3384 342 3455 quam
358 3358 533 3444 suaviter,
559 3375 727 3433 ettamen
748 3363 786 3432 in
802 3386 926 3449 cruce,
951 3363 1044 3446 lilios
1095 3361 1204 3438 hune.
1243 3362 1334 3437 Nam
1350 3361 1409 3438 hic
1424 3370 1567 3438 demum
1582 3369 1619 3437 in
1635 3364 1901 3438 obscurissimas
1915 3363 2077 3432 tenebras

82 3463 189 3548 petiae
212 3463 379 3531 tueatur?
430 3456 525 3530 Mihi
547 3474 640 3532 certe
662 3463 773 3533 nullis
795 3463 1045 3536 blandioribus
1096 3468 1308 3560 ingreditur,
1342 3468 1392 3539 sic
1415 3471 1585 3541 sentiens:
1618 3468 1709 3540 Ecce
1731 3482 1769 3540 tu
1793 3463 1984 3537 condidisti
2007 3486 2078 3546 me,

82 3563 225 3654 exemplis
241 3557 510 3659 φιλοστοργίαν
521 3586 622 3633 suam
641 3557 785 3636 lectatus
803 3565 953 3637 videtur.
1096 3573 1205 3666 idque
1236 3569 1313 3640 sine
1343 3592 1424 3644 mco
1455 3573 1624 3657 consilio,
1656 3572 1732 3640 sine
1761 3593 1839 3638 mea
1868 3589 1991 3658 opera:
2025 3563 2078 3636 lta

1097 3697 1194 3745 nuuc
1217 3686 1397 3763 egentem,
1416 3675 1637 3744 morientem
1660 3686 1725 3762 etc.
1747 3669 1961 3741 sublevabis.
2018 3667 2078 3740 Sic

1097 3771 1258 3849 Christus
1272 3773 1413 3845 Psalmo
1430 3776 1598 3868 vigesimo
1616 3775 1748 3866 primo:
1802 3771 1860 3841 Tu
1882 3795 1917 3841 es
1941 3771 2004 3865 qui
2018 3794 2077 3839 ex-

1096 3878 1231 3950 traxisti
1246 3902 1302 3948 me
1319 3880 1364 3948 dc
1381 3893 1502 3951 ventre
1518 3878 1642 3948 matris
1659 3898 1768 3945 meae.
1821 3871 1869 3944 Et
1886 3872 2077 3944 centesimo

161 3975 209 4051 Ut
224 4001 245 4048 a
259 3977 465 4050 conditione
481 4002 600 4048 rerum
616 3980 813 4065 ordiretur,
837 4003 912 4049 non
930 3975 1044 4051 histo·
1096 3981 1218 4052 tertio:
1237 3980 1353 4051 Dante
1367 3994 1401 4052 te
1415 3981 1488 4051 illis
1503 3980 1671 4070 colligent
1687 3993 1750 4049 etc.
1776 3971 1825 4046 Et
1833 3973 2076 4046 Hebraeorum

82 4077 134 4149 riae
150 4093 287 4150 tantum
305 4082 393 4150 ordo
410 4081 621 4170 postulabat,
646 4081 706 4150 sed
722 4081 847 4172 etipsa
864 4084 1044 4152 docendae
1096 4081 1300 4163 undecimo:
1332 4080 1421 4153 Fide
1448 4083 1682 4171 intelligimus
1705 4093 1819 4171 aptata
1844 4084 1931 4145 essex
1946 4075 2074 4146 secula.

82 4179 198 4268 pietatis
221 4182 334 4262 ratio,
359 4182 442 4274 quia
465 4177 534 4252 hos
556 4195 661 4273 caput
681 4183 841 4272 omnium
865 4184 1044 4276 quaestio·
1096 4182 1286 4274 Quomodo
1308 4185 1346 4254 lit
1370 4199 1487 4255 antem
1510 4199 1550 4257 ut
1572 4181 1659 4256 haec
1682 4176 1954 4272 cognoscamus?
2003 4173 2077 4247 Re·
2161 4202 2166 4209 ·

82 4301 146 4351 unm
170 4296 239 4354 est:
266 4281 366 4354 Sitne
389 4281 503 4353 Deus:
530 4281 658 4354 Sintnc
679 4305 699 4353 a
720 4283 843 4354 divina
865 4285 984 4378 aliqua
1008 4285 1043 4354 vi
1096 4286 1273 4377 spondeo,
1299 4283 1513 4358 Mortificata
1532 4285 1700 4378 sapientia
1717 4281 1837 4352 carnis·
1848 4302 1910 4372 per
1924 4302 2077 4362 crucem,
2170 4309 2173 4316 ·

82 4372 145 4454 baec
161 4384 322 4455 condita:
349 4381 579 4474 Reganturne
599 4385 720 4479 aliquo
737 4386 862 4456 divino
883 4387 1044 4461 numine.
1098 4382 1302 4461 1.Corinth.
1316 4391 1349 4462 1.

82 4475 188 4556 hthoc
204 4500 308 4577 capnt
325 4498 376 4555 est
399 4486 621 4576 ignorantiae
641 4501 676 4558 et
700 4486 892 4579 impietatis
915 4483 1045 4558 huma·
1196 4487 1316 4560 Litera
1333 4485 1527 4563 sententiae
1548 4493 1593 4561 de
1607 4487 1784 4559 creatione
1810 4498 1861 4556 est
1881 4480 2081 4580 hypocrisis

82 4606 147 4672 tae,
171 4612 264 4682 quae
287 4584 587 4679 comprehendere
612 4612 686 4658 non
707 4602 821 4679 potest
843 4613 962 4660 rerum
989 4592 1044 4661 vel
1096 4605 1131 4663 et
1149 4590 1273 4684 opinio
1288 4594 1439 4664 carnalis
1454 4595 1498 4664 de
1513 4592 1717 4663 conditione
1738 4612 1868 4661 rernm.
1921 4585 2077 4680 Spiritus

82 4690 302 4760 conditionem
324 4691 381 4759 vel
404 4689 966 4786 administrationem,'sentitque
990 4716 1045 4763 res
1095 4707 1213 4764 autem
1238 4709 1289 4766 est
1313 4697 1417 4778 fides,
1452 4691 1521 4765 hoc
1546 4706 1614 4778 est,
1646 4705 1738 4763 certa
1763 4690 1908 4761 scientia
1931 4688 2032 4760 cordi
2058 4714 2077 4756 a

82 4813 189 4868 emere
203 4792 304 4876 ferri,
330 4792 438 4872 nasci,
466 4792 624 4873 interire,
650 4791 769 4863 redire
783 4806 848 4865 etc.
882 4791 991 4866 Rom.
1010 4796 1044 4868 1.
1096 4793 1232 4888 Spiritu
1249 4811 1369 4869 sancto
1383 4797 1510 4880 indita,
1534 4819 1604 4890 qua
1621 4795 1792 4867 sentimus
1809 4793 2079 4885 amplitudinem

82 4909 99 4966 *t
120 4899 152 4969 1.
177 4895 342 4975 Corinth.
364 4894 398 4962 1.
449 4892 508 4965 Sic
529 4893 566 4962 in
588 4892 794 4964 universnm
820 4896 927 4966 sentit
950 4920 1045 4983 caro,
1094 4898 1442 4983 bonitatisdivinae,
1466 4897 1682 4968 effundentis
1698 4921 1734 4967 se
1749 4897 1788 4965 in
1802 4920 1925 4968 omnes
1942 4909 2079 4966 creato·

82 5020 103 5077 tt
117 5009 269 5076 maxims
285 5002 388 5071 aliter
405 5005 557 5072 doceant
574 4989 793 5088 hypocritae.
850 4993 899 5068 Et
912 5014 1044 5070 veteres
1096 5008 1169 5069 ras':
1195 5014 1228 5070 et
1245 5001 1455 5070 confidimns
1478 5000 1561 5069 inde
1578 5023 1644 5071 nos
1659 5013 1862 5091 accepturos
1877 5001 1997 5068 omnia
2014 4999 2080 5072 bo.

82 5110 201 5199 pridem
219 5103 397 5193 Theologi
415 5103 572 5175 contenti
588 5096 734 5168 suerunt
748 5094 942 5168 Ecclesiam
957 5120 1042 5169 eon·
1095 5122 1141 5170 na
1155 5103 1351 5195 corporalia
1373 5117 1407 5173 et
1428 5102 1645 5193 spiritualia,
1670 5115 1776 5196 atque
1790 5102 1837 5173 ita
1852 5102 1998 5174 fidentes
2014 5125 2082 5186 nos

82 5234 111 5279 ra
134 5203 380 5303 philosophica
403 5207 567 5293 (logmata
597 5222 751 5269 armare:
785 5214 906 5270 contra
929 5196 1043 5297 hypo·
1095 5203 1149 5273 illi
1183 5204 1422 5295 permittimus
1460 5207 1534 5274 sive
1565 5206 1725 5282 vivamus
1758 5205 1832 5274 sive
1862 5207 2083 5301 moriamur,

265 3813 330 3884 De
358 3806 642 3886 conditione
668 3835 838 3888 rerum.

82 5312 165 5382 risin
187 5336 263 5382 non
283 5311 386 5380 item:
423 5305 474 5376 lta
496 5308 627 5377 tntum
655 5313 728 5389 est,
753 5315 791 5373 ut
816 5298 1044 5376 eneruaretur
1095 5305 1191 5379 iuxta
1208 5308 1316 5378 illud:
1348 5303 1484 5402 inipso
1501 5330 1641 5393 sumus,
1666 5306 1819 5378 vivimus
1835 5319 2104 5376 cimonem„
2206 5353 2209 5357 .
