4538 5754
123 286 220 369 uss
335 360 337 364 ,
710 273 839 374 ema
867 268 1547 355 nauscanntllxsoumca.
2062 281 2153 357 ssn

122 453 325 541 Christum,
355 465 390 524 ct
410 451 477 521 fide
498 444 630 540 accipi,
663 470 704 518 ac
724 444 842 520 Deum
863 449 956 519 velle
975 474 1016 521 ea
1039 448 1110 522 lide
1136 454 1141 542 1
1163 468 1249 516 esse·
1298 443 1372 517 Nec
1386 469 1472 517 vero
1494 460 1632 520 tantum
1646 461 1725 521 orat
1740 460 1805 541 pro
1821 451 1929 523 nobis
1949 446 2014 523 hic
2037 453 2154 547 ponti·

124 562 196 634 culi
210 573 244 631 et
260 551 438 635 invocari,
464 550 555 621 velle
577 551 744 622 exaudire
765 565 862 622 certo
877 576 951 622 non
966 566 1114 645 propter
1163 549 1241 632 fex,
1263 549 1325 618 sed
1350 547 1456 618 etiam
1480 563 1630 622 testatur
1651 575 1689 622 se
1709 576 1784 623 esse
1806 555 1915 624 talem
1943 553 2153 628 intercesso-

126 661 315 739 sacrificis,
351 657 412 726 sed
436 663 583 745 propter
611 677 725 722 unum
749 650 985 724 Mediatorem
1007 678 1113 750 quern
1164 672 1261 734 rcm,
1283 662 1429 741 propter
1451 675 1557 745 quem
1574 651 1673 725 Deus
1688 677 1756 725 nos
1777 657 2014 728 exauditurus
2036 657 2100 745 sit,
2121 672 2154 730 et

126 760 351 861 promiserat,
376 754 515 827 etvelle
538 763 579 826 ut
598 742 762 824 fiduciam
785 751 892 826 huius
908 758 1114 845 mediatoris
1163 764 1304 822 nostras
1334 775 1454 843 preces
1477 757 1609 846 perfert
1638 760 1684 827 ad
1714 771 1871 850 patrem,
1904 759 2002 830 sicut
2030 761 2154 831 docent

126 867 325 941 rdfcramus
336 860 381 930 ad
398 856 672 942 invocationem,
696 870 728 928 et
744 869 938 928 statuamus
951 882 1018 928 nos
1032 883 1113 928 vere
1165 853 1433 944 promissiones:
1460 855 1649 951 Quidquid
1670 858 1844 950 petieritis
1856 855 2014 930 Putrem
2039 862 2078 931 in
2094 887 2153 931 no-

127 964 273 1058 respici,
306 961 411 1033 nobis
433 958 585 1049 ignosci,
618 982 685 1028 nos
709 960 886 1045 exaudiri,
918 975 953 1032 et
973 961 1113 1034 salvari.
1167 954 1263 1023 mine
1284 980 1384 1039 mco,
1408 959 1508 1029 dabit
1529 961 1650 1045 vobis,
1685 959 1799 1050 Quasi
1822 963 1936 1046 dicat,
1962 966 2153 1054 petendum

129 1067 189 1140 sic
204 1064 380 1137 docebant
394 1064 566 1151 agendam
581 1079 655 1129 esse
669 1059 943 1150 poenitentiam,
967 1076 1010 1135 ut
1027 1059 1114 1132 hacc
1166 1078 1240 1126 etse
1254 1081 1329 1127 non
1345 1074 1490 1149 propter
1505 1062 1714 1150 dignitatem
1734 1078 1910 1149 nostram,
1935 1067 1999 1133 sed
2019 1080 2154 1157 propter

128 1167 421 1239 tidesacceclerct.
472 1158 591 1255 Atque
611 1162 660 1232 ita
683 1162 856 1234 illucescit
875 1164 1004 1233 animis
1030 1190 1113 1234 vcra
1166 1158 1281 1249 ipsum
1303 1161 1519 1251 pontificem.
1570 1160 1692 1258 Atque
1713 1189 1756 1234 eo
1773 1167 1879 1235 nobis
1903 1166 2091 1258 propicius
2110 1181 2153 1237 css

127 1269 260 1341 noticia
281 1263 371 1351 Dei,
396 1278 430 1336 ct
450 1262 613 1333 incoatur
632 1285 724 1331 nova
748 1288 789 1333 ac
813 1264 1008 1354 spiritualis
1029 1269 1116 1336 obe:
1165 1272 1287 1358 pater,
1317 1285 1359 1331 eo
1381 1264 1524 1336 exaudit
1547 1265 1773 1354 invocantes,
1810 1268 1895 1362 quia
1916 1263 1977 1338 hic
2003 1268 2154 1359 pontifex

129 1371 284 1461 dienlia,
308 1366 444 1438 cumin
461 1365 651 1456 pavoribus
667 1359 754 1434 haec
770 1366 856 1436 fides
873 1369 1084 1460 concipitur.
1166 1361 1306 1439 midae
1334 1387 1398 1454 pro
1424 1366 1531 1435 nobis
1560 1367 1774 1460 interpellat.
1836 1367 1913 1440 Cur
1942 1369 2059 1460 igitur
2085 1394 2154 1440 nou

231 1471 292 1544 sic
306 1483 340 1541 ot
354 1463 477 1538 Esaias
492 1467 640 1537 docebat
656 1490 729 1537 non
747 1490 821 1537 esse
841 1469 1013 1539 abolitum
1034 1495 1116 1562 pec.
1167 1462 1354 1535 irascimur
1368 1466 1589 1538 diffidentiae
1601 1485 1756 1556 nostrae,
1781 1494 1847 1541 cur
1860 1495 1936 1540 non
1949 1472 1961 1539 i
1967 1494 2156 1543 nvocrmur

130 1587 246 1646 catum
264 1595 329 1663 per
346 1569 513 1641 sacrificia
527 1566 702 1653 Levitico,
727 1593 807 1640 cum
830 1572 873 1639 de
889 1566 1033 1641 Christo
1049 1575 1116 1643 do-
1168 1566 1308 1651 Deum,
1338 1590 1403 1637 eur
1423 1571 1663 1660 opprimimur
1684 1574 1909 1644 dubitatione
1931 1597 1973 1642 ac
1995 1576 2155 1666 despera-

131 1689 239 1746 ceret:
266 1672 380 1743 Ponet
399 1671 554 1740 animam
577 1693 676 1739 suam
698 1665 850 1739 hostiam
874 1697 940 1763 pro
962 1689 1127 1767 peccalo,
1168 1668 1283 1752 tione,
1310 1693 1375 1738 cur
1394 1670 1509 1739 deseri
1533 1685 1594 1742 aut
1617 1675 1748 1764 negligi
1771 1699 1837 1746 nos
1860 1673 1980 1745 aDco
2005 1675 2155 1768 suspica-

130 1774 228 1868 Ergo
248 1774 428 1846 Leviticae
447 1766 586 1842 hostiae
610 1795 684 1841 non
706 1773 915 1859 abolebant,
940 1775 1115 1868 siquidem
1168 1793 1262 1852 mur,
1285 1792 1349 1839 cur
1363 1786 1591 1860 praecuntem
1608 1768 1706 1845 hunc
1728 1779 1931 1867 pontificem
1945 1800 2026 1846 nou
2042 1775 2156 1872 sequi·

130 1878 236 1969 longe
254 1876 323 1946 alia
352 1869 468 1945 hostia
489 1897 580 1964 opus
607 1886 700 1957 erat,
734 1874 866 1945 scilicet
889 1889 1003 1946 morte
1032 1902 1115 1969 pro·
1167 1867 1274 1940 muri
1326 1869 1425 1959 Quin
1440 1875 1560 1964 potius
1582 1877 1747 1947 audimus
1762 1878 1974 1950 concionem
1999 1879 2100 1948 illam
2120 1877 2155 1946 in

130 1979 228 2050 missi
239 1977 435 2051 salvatoris.
486 1974 582 2045 Haec
598 1974 741 2046 collatio
760 1975 927 2062 ostendit,
953 1977 1057 2071 quale
1072 1980 1118 2050 sit
1169 1969 1329 2062 Epistola
1350 1976 1395 2042 ad
1413 1974 1586 2047 Ebraeos:
1614 1975 1924 2051 Habentes‘talem
1940 1981 2155 2073 pontificem,

130 2080 341 2152 sacrificium
364 2073 518 2162 Christi,
545 2091 578 2150 et
600 2079 779 2171 quomodo
805 2079 912 2149 nobis
934 2081 1119 2170 contingat
1169 2074 1375 2144 accedamus
1390 2100 1470 2146 cum
1492 2078 1621 2150 fiducia
1636 2092 1700 2150 etc.
1752 2079 1871 2175 atquc
1893 2081 1945 2150 ita
1965 2082 2076 2152 nobis
2094 2081 2156 2150 im·

129 2177 237 2273 huius
264 2180 427 2251 sacrificii
458 2181 605 2252 fructus.
663 2176 900 2250 Statuendum
932 2196 983 2253 est
1011 2183 1118 2268 enirn,
1170 2176 1275 2266 perlit
1291 2169 1464 2247 honorem
1480 2181 1685 2267 sacerdotii,
1709 2183 1794 2276 quia
1809 2206 1874 2253 nos
1887 2183 1995 2255 iubet
2015 2181 2153 2276 precari,

128 2296 268 2356 tantum
292 2275 449 2352 essehoc
465 2280 611 2353 unicum
631 2280 859 2364 sacrificium,
885 2285 981 2376 quod
1004 2308 1119 2353 mere·
1169 2291 1205 2348 et
1229 2291 1375 2348 testatur
1394 2303 1432 2348 sc
1453 2281 1608 2371 perferre
1631 2297 1770 2352 nostras
1798 2307 1919 2376 preces
1941 2287 1989 2354 ad
2015 2299 2153 2378 palectu,

130 2400 191 2458 tur
207 2384 288 2456 aliis
301 2383 546 2454 remissionem
566 2394 801 2473 peccatorum.
854 2380 1010 2479 Ideoque
1032 2387 1119 2455 fides
1170 2402 1298 2472 casque
1317 2381 1477 2450 exaudiri
1500 2395 1645 2475 propter
1662 2384 1791 2475 ipsum.
1841 2386 1914 2458 Sed
1938 2400 2067 2479 postea
2081 2408 2151 2456 rur-

130 2486 363 2577 concipienda
377 2498 448 2564 est,
480 2485 575 2578 quod
594 2476 681 2552 haec
696 2478 812 2553 hostia
836 2485 909 2556 sola
927 2486 1120 2578 placaverit
1170 2503 1229 2551 sus
1256 2482 1392 2567 dicam,
1428 2487 1608 2576 quomodo
1639 2487 1744 2556 nobis
1773 2484 1956 2580 impertiat
1989 2484 2150 2559 bonorem

91 2657 93 2660 ,
129 2588 221 2657 iram
236 2584 324 2672 Dei,
349 2599 382 2656 et
396 2586 503 2656 fuerit
516 2583 706 2655 satisfactio
720 2608 785 2675 pso
802 2586 926 2671 nobis,
951 2590 1119 2682 quodque
1159 2581 1368 2654 sacerdotii.

126 2701 276 2783 ¹propter
295 2684 363 2758 hoc
377 2682 512 2758 Christi
526 2684 759 2772 sacrificium,
783 2711 858 2756 non
876 2704 1023 2780 propter
1044 2691 1119 2760 ulla
1273 2681 1453 2755 Hactenus
1467 2685 1658 2758 dicendum
1675 2686 1755 2773 fuit,
1777 2712 1854 2781 quo
1870 2690 1982 2761 modo
1999 2687 2148 2764 christos

95 2859 100 2865 .
126 2804 253 2862 nostra
269 2812 393 2881 opera,
419 2790 480 2874 ant
493 2786 681 2872 sacrificia,
707 2784 806 2859 Deus
827 2790 932 2861 nobis
954 2804 1050 2863 certo
1073 2793 1120 2864 sit
1170 2785 1218 2858 sit
1238 2789 1412 2859 sacerdos.
1458 2785 1532 2857 Nec
1547 2813 1631 2859 vero
1645 2789 1737 2860 alius
1753 2785 1868 2861 honus
1884 2793 2005 2864 maior
2019 2791 2148 2885 cogitari

19 2958 26 2968 ,
130 2890 329 2986 propicius,
361 2902 457 2961 certo
480 2890 568 2962 velit
595 2862 848 2976 exaudirefet
871 2892 1021 2966 salvare.
1075 2892 1118 2965 ln
1167 2900 1298 2981 potest,
1322 2901 1386 2958 aut
1397 2890 1527 2978 gradus
1540 2887 1619 2959 Deo
1644 2890 1807 2982 propior,
1840 2916 1950 2987 quam
1966 2919 2047 2966 esse
2060 2895 2146 2969 talem

131 2987 225 3064 hanc
249 2988 400 3064 bostiam
425 2991 608 3064 intueatur
629 2990 734 3077 fides,
759 2992 798 3061 in
819 2995 971 3084 pelenda
992 2995 1120 3065 remis-
1169 2993 1405 3074 sacerdotem,
1440 2985 1509 3059 hoc
1531 3003 1603 3074 est,
1628 2991 1865 3082 proferentem
1887 3019 2063 3068 arcanum
2082 3019 2146 3066 veu-

132 3095 232 3166 sione
255 3108 499 3188 peccatorum,
530 3095 570 3164 iu
591 3091 684 3163 veris
708 3095 919 3184 pavoribus,
950 3094 991 3165 iu
1019 3098 1119 3167 omni
1171 3095 1256 3163 bum
1272 3089 1358 3176 Dei,
1384 3091 1580 3185 placentem
1598 3092 1687 3162 iram
1704 3091 1790 3180 Dei,
1814 3094 2095 3169 intercedentem
2105 3109 2146 3166 at·

132 3196 371 3282 invucatione,
396 3218 436 3264 ac
448 3193 651 3265 meminerit
667 3195 771 3264 nobis
787 3190 856 3265 hoc
869 3200 976 3266 modo
991 3199 1120 3268 donari
1171 3217 1239 3288 quc
1254 3206 1413 3263 orantem
1436 3217 1501 3285 pro
1519 3194 1608 3270 aliis.
1661 3193 1741 3264 Hoc
1760 3196 1899 3286 ingenti
1914 3193 2077 3285 bonore,
2098 3223 2147 3268 cu·

133 3292 271 3370 christi
289 3296 517 3381 sacrificium,
541 3318 677 3389 nosque
694 3295 770 3366 lieri
788 3299 986 3369 sacerdotes
1003 3301 1119 3370 alieno
1171 3297 1228 3366 ius
1251 3295 1535 3384 magnitudinem
1559 3296 1720 3387 angustia
1745 3293 1893 3368 humani
1921 3303 2147 3393 pectorisuon

35 3416 71 3490 ¹·
133 3398 325 3485 sacrificio,
348 3396 480 3468 scilicet
499 3394 645 3469 Christi.
698 3395 768 3468 Sed
792 3402 992 3492 quomodo
1015 3405 1120 3472 nobis
1171 3397 1256 3467 satis
1274 3397 1427 3487 cogitare
1443 3411 1568 3488 potest,
1583 3399 1748 3489 fungitur
1761 3401 1855 3471 inter
1873 3396 2148 3474 hominoslliliu

130 3501 313 3592 impertiat
334 3495 509 3569 honorem
531 3498 740 3585 sacerdotii,
773 3513 893 3592 postea
918 3525 1042 3573 rursus
1064 3505 1120 3573 di·
1172 3497 1239 3570 Dei
1262 3497 1440 3569 Dominus
1458 3514 1581 3571 noster
1601 3499 1696 3570 lesus
1721 3498 1905 3583 Christus,
1939 3500 1992 3577 Et
2012 3507 2149 3594 fungen-

132 3625 222 3672 cam.
912 3614 916 3621 “
1171 3614 1243 3672 tem
1278 3596 1346 3670 hoc
1375 3597 1512 3670 honore
1544 3617 1766 3692 agnoverunt
1796 3616 1933 3696 patres,
1968 3601 2150 3692 Abraham,

95 3731 104 3740 “
235 3697 418 3772 Convenit
449 3708 483 3768 et
514 3696 658 3787 tertium
692 3700 848 3774 officium
875 3704 1121 3796 principaliter
1173 3702 1317 3786 Moises,
1337 3700 1479 3783 Aaron,
1505 3699 1633 3790 David,
1657 3700 1781 3776 Esaias
1797 3718 1833 3777 et
1849 3704 2150 3800 deindeApostoli

132 3799 297 3887 Christo,
323 3800 458 3872 scilicet
475 3822 577 3869 orare
593 3825 659 3892 pro
676 3802 776 3885 aliis,
802 3817 836 3875 et
857 3805 1048 3896 impetrare
1064 3832 1120 3876 re·
1172 3818 1205 3875 et
1220 3827 1343 3873 ornnes
1357 3804 1408 3895 pii
1421 3806 1460 3872 in
1474 3800 1646 3875 Ecclesia.

131 3905 337 3979 missionem
356 3895 596 3993 peccatorum,
621 3904 851 3975 donationem
867 3906 1021 3997 Spiritus
1038 3932 1118 3977 san·
1274 3903 1398 3999 ltaque
1420 3930 1501 3975 cum
1524 3919 1624 3976 tanto
1645 3902 1784 3977 honore
1806 3904 1905 3979 Deus
1928 3902 2030 3981 hunc
2052 3933 2152 3982 unum

132 4007 199 4094 cti,
225 4005 319 4077 vitae
336 4017 509 4087 aeternae,
534 4000 652 4074 etalio
668 4007 763 4076 bona
780 4006 976 4098 spiritualia
991 4021 1026 4079 ct
1041 4034 1120 4079 cor·
1173 4006 1266 4076 inter
1281 4029 1348 4075 nos
1362 4006 1463 4096 fungi
1476 4008 1648 4093 voluerit,
1672 4009 1867 4098 cogitemus
1881 4035 1993 4104 quam
2007 4009 2153 4083 horribi-

132 4109 282 4202 p‘uralia.
332 4104 425 4177 Nam
453 4099 538 4174 huic
562 4099 704 4178 Christo
734 4109 813 4178 data
839 4122 892 4180 cst
921 4110 1120 4202 promissio,
1171 4109 1252 4178 liter
1265 4105 1362 4180 Deus
1378 4109 1571 4199 puniturus
1589 4111 1635 4179 sit
1657 4109 1806 4203 impios,
1832 4111 1895 4206 qui
1922 4109 2023 4184 hunc
2045 4112 2153 4208 ponti·

134 4235 204 4306 qua
220 4223 320 4303 pater
332 4221 481 4280 testatur
494 4228 532 4277 se
546 4207 661 4299 ipsum
679 4211 928 4281 exauditurum
944 4237 1035 4294 esse,
1062 4208 1120 4283 hic
1170 4211 1270 4281 ficem
1290 4212 1457 4281 omnibus
1478 4204 1709 4303 blasphemiis
1732 4227 1766 4283 et
1790 4215 2023 4288 contumeliis
2038 4239 2153 4288 onera

133 4327 187 4384 est
215 4311 391 4403 pontifex,
424 4308 485 4405 qui
508 4332 601 4380 uncis
628 4311 762 4381 accedit
792 4313 836 4381 ad
858 4328 1012 4402 patrem,
1043 4316 1121 4385 sine
1170 4325 1274 4398 runt,
1298 4313 1496 4406 quistatim
1514 4326 1595 4406 post
1612 4314 1739 4384 mundi
1760 4314 1970 4400 exordium,
1996 4340 2154 4390 novass-

101 4503 103 4506 y
132 4414 327 4484 mediatore
351 4412 442 4496 alio,
475 4433 569 4481 unus
590 4404 651 4481 hic
678 4413 838 4503 pontifex
860 4415 1060 4503 ingreditur
1082 4417 1119 4486 in
1170 4416 1300 4487 crificia
1321 4428 1356 4487 et
1378 4415 1475 4484 idola
1498 4416 1802 4505 excogitaverunt,
1830 4427 1866 4486 et
1887 4418 2154 4507 promissionem

132 4539 301 4587 arcanum
327 4513 418 4582 illud
446 4510 618 4583 Sanctum
649 4527 863 4591 sanctorum.
914 4514 962 4588 Et
985 4533 1121 4590 exercet
1171 4517 1355 4588 coelestem
1372 4517 1599 4603 deleverunt,
1624 4517 1687 4610 qui
1711 4530 1831 4610 postea
1855 4518 1894 4586 in
1915 4516 2077 4592 Ecclesia
2097 4543 2155 4612 op·

132 4613 202 4688 hoc
230 4614 386 4686 officium
417 4611 562 4683 loannis
592 4615 730 4686 decimo
760 4618 1023 4709 septimo'cum
1054 4622 1119 4691 ait:
1169 4642 1289 4711 presso
1306 4616 1502 4707 Evangelio
1521 4618 1719 4689 doctrinam
1741 4621 1786 4689 de
1809 4620 1878 4689 tide
1895 4633 1932 4692 et
1946 4623 2045 4693 veris
2060 4620 2155 4695 culti-

17 4755 21 4765 ·
131 4716 237 4807 Rogo
252 4740 327 4786 nou
345 4739 409 4806 pro
427 4715 476 4783 cis
496 4726 654 4800 tantum,
679 4720 740 4788 sed
755 4743 820 4810 pro
846 4722 1030 4807 omnibus,
1058 4723 1120 4816 qui
1149 4724 1237 4797 ,bus
1252 4723 1560 4807 contaminarunt,
1585 4734 1620 4792 et
1636 4744 1750 4792 novos
1766 4721 1901 4808 cultus,
1925 4747 2024 4795 nova
2040 4738 2075 4796 et
2096 4724 2154 4794 im-
2189 4788 2191 4793 ,

43 4859 46 4861 Δ
135 4818 305 4889 credituri
327 4832 412 4889 sunt
428 4839 490 4906 per
510 4817 658 4886 verbum
681 4844 815 4894 eorum.
868 4821 1008 4911 Quibus
1028 4826 1120 4894 votis
1170 4825 1227 4916 pia
1252 4822 1420 4902 sacrificia
1446 4824 1484 4892 in
1508 4819 1701 4892 Ecclesiam
1727 4824 1959 4909 invexerunt,
1994 4839 2032 4899 et
2053 4846 2155 4896 novos

134 4917 263 5006 singuli
281 4943 347 4987 nos
365 4932 487 5009 optare
501 4918 690 5007 vellemus,
716 4937 755 4994 ut
773 4924 941 4995 sciremus
964 4950 1029 5016 pro
1052 4950 1120 4994 no·
1170 4926 1393 5012 mediatores,
1407 4925 1582 4994 ‘videlicet
1597 4923 1745 4995 Sanctus
1762 4926 2039 5004 invocaverunt.
2066 4926 2152 5019 Quid

132 5019 189 5088 bis
206 5019 422 5089 intercedere
438 5018 569 5090 Filium
593 5019 684 5091 Dei?
735 5019 786 5093 At
805 5022 863 5095 hic
878 5027 980 5096 audis
997 5052 1120 5096 vocem
1170 5028 1375 5098 dubitamus
1390 5026 1507 5098 Deum
1523 5021 1745 5099 horribiliter
1758 5028 1864 5098 irasci
1884 5031 2079 5118 omnibus,
2103 5026 2155 5123 qui

131 5115 241 5191 huius
258 5121 445 5211 pontilicis.
503 5119 582 5212 lpse
598 5137 761 5213 precatur
777 5150 841 5216 pro
859 5130 1025 5200 omnibus
1043 5154 1119 5200 cre·
1170 5127 1226 5200 his
1249 5126 1477 5222 blasphemiis
1499 5129 1703 5221 pontificem
1727 5130 1832 5199 nobis
1852 5134 2082 5223 propositum
2102 5135 2155 5201 dc·

131 5221 270 5294 dilutis.
322 5220 398 5292 Hac
412 5245 497 5291 voce
512 5237 684 5295 sustentes
701 5240 754 5311 le,
781 5241 817 5300 et
838 5232 926 5301 scias
949 5227 1012 5300 has
1036 5256 1118 5322 pre·
1168 5234 1430 5316 formaverunt,
1458 5246 1492 5304 et
1514 5234 1576 5325 qui
1596 5255 1654 5303 cas
1676 5234 1875 5305 defendunt
1898 5247 1934 5304 et
1952 5237 2153 5327 approbant

130 5348 186 5395 ces
201 5346 424 5418 nequaqnam
445 5324 566 5394 irritas
589 5349 680 5407 esse,
705 5331 801 5420 quod
828 5333 888 5424 qui
909 5334 1029 5418 faciet,
1057 5335 1117 5424 in·
1169 5334 1239 5406 Sed
1255 5338 1298 5405 de
1322 5331 1379 5403 his
1401 5349 1520 5425 postea
1545 5336 1816 5406 concionabitur
1830 5335 2008 5413 Psalmus.
2062 5337 2154 5408 Nunc

23 5470 27 5479 -
114 5420 331 5518 tellgetliic
348 5426 569 5503 uberrimam
591 5429 870 5503 consolationem
895 5436 1114 5530 propositam
1167 5439 1379 5527 pertexenda
1392 5439 1646 5532 estdescriptio
1659 5439 1860 5522 sacerdotii,
1886 5463 1982 5536 quae
1999 5436 2072 5516 hoc
2085 5439 2154 5511 loco
