4538 5754
117 240 193 325 596
2066 201 2141 277 596

118 402 526 488 dubiaelaciensfidem.
577 393 625 468 Ut
642 407 759 466 autem
780 391 873 461 fabri
895 389 1037 479 duplex·
1050 399 1100 455 est
1796 476 1806 494 .

118 509 346 591 deliberatio,
371 504 439 574 alia
463 503 507 572 de
532 497 697 580 materia,
729 493 800 562 alia
821 494 865 561 de
886 492 1018 559 forma:
1052 486 1101 553 sic
1305 472 1401 568 Ergo
1416 477 1648 550 Malvaticum
1665 478 1833 548 calefacit.

35 619 36 622 Ἴ
119 620 159 688 3¹¹
190 606 406 701 argumentis
438 602 536 673 aliud
568 613 620 669 ‘⁵⁸
648 594 816 679 misteria,
847 592 946 662 allud
978 591 1101 657 smmi·
1256 592 1352 665 Illud
1375 609 1490 665 autem
1514 598 1630 667 obiter
1651 592 1736 665 hinc
1752 597 1972 682 inseramus,
1998 594 2139 668 Malva-

119 716 273 790 Materia
301 722 352 780 est
377 728 498 777 cerum
528 725 588 771 seu
617 696 902 791 propositionum
928 687 1103 770 cumulus,
1153 696 1240 766 iiam
1264 719 1396 764 nomen
1419 713 1624 789 corruptum
1645 721 1718 766 esse
1739 722 1779 766 ex
1805 698 1870 767 ista
1892 722 1977 767 voce
1997 722 2135 790 μονεμ.

16 821 23 831 ’
121 841 211 913 quae
229 826 311 882 sunt
326 832 429 879 causa
446 807 521 874 eius
537 797 796 880 conclusionis,
820 795 864 864 de
886 816 954 886 qua
980 790 1103 879 dispu-
1152 792 1283 892 βασία,
1337 792 1681 868 siebodievocam,
1702 801 1788 869 urbs
1811 800 1849 867 in
1866 800 2052 889 Argolica,
2079 824 2139 868 cu·

120 937 192 992 tes:
218 918 277 985 sed
301 913 435 992 forma,
461 906 550 974 ordo
572 926 634 972 seu
658 896 844 990 dispositio
871 906 906 963 et
929 889 1102 961 connexio
1154 900 1209 967 ius
1226 920 1357 966 nomen
1375 900 1554 990 quendam
1572 899 1640 970 tuit
1655 895 1876 990 Epidaurus,
1902 925 2008 992 quam
2034 902 2138 970 etiam

21 994 23 998 Ι
121 1034 172 1092 etl
187 1015 407 1105 singularum
425 1006 588 1099 partium·
638 997 957 1071 Εῑνῠίᾶῑΰῐδῡῐῐὸ
980 1013 1104 1061 601188·
1153 997 1332 1067 Homerus
1355 1012 1501 1096 propter
1523 1022 1709 1089 generosas
1726 1001 1815 1069 vites
1833 1001 1998 1071 celebrat.
2054 1000 2139 1070 lnde

120 1119 277 1216 quentia·
318 1112 388 1181 Ηῖθ
401 1122 518 1180 aulem
535 1127 609 1174 ¹10ss
625 1104 670 1171 de
685 1101 792 1169 tebni
806 1120 866 1166 ⁵⁰¹¹
885 1098 928 1165 ‘l‘
943 1091 1104 1174 materia,
1156 1122 1289 1168 nomen
1312 1112 1363 1169 est
1389 1101 1472 1168 vino
1491 1098 1697 1174 Malvatico.
1756 1097 1810 1169 Ac
1834 1101 1889 1168 vir
1915 1103 2139 1171 doctissimus

119 1224 181 1294 sed
197 1220 240 1289 de
255 1218 369 1285 forma
385 1207 552 1281 dicemus.
603 1201 676 1275 Res
690 1212 879 1270 sumuntur
893 1198 932 1265 in
953 1193 1103 1284 singulis
1155 1200 1405 1288 sigismundus
1430 1199 1604 1271 Gelenius
1631 1197 1723 1270 mibi
1751 1200 1910 1269 narravit
1938 1223 2138 1270 ,ermonem

120 1322 256 1395 artibus
274 1341 315 1386 ex
332 1310 588 1382 suisfontibus.
638 1301 880 1374 Concionator
892 1296 1001 1368 sumit
1028 1317 1102 1363 ma·
1155 1300 1319 1383 Musuri,
1346 1301 1408 1392 qui
1434 1302 1688 1391 interrogatus,
1708 1325 1771 1370 cur
1786 1301 2018 1371 Malvaticum
2044 1303 2140 1370 dice.

57 1467 58 1471 *
121 1424 247 1496 leriam
263 1442 304 1487 ex
319 1415 421 1484 libris
435 1409 608 1480 divinitus
623 1403 774 1477 traditis.
820 1398 982 1470 Medicus
996 1395 1105 1466 sumit
1156 1417 1254 1472 retur
1277 1402 1311 1468 id
1338 1401 1463 1486 etiam,
1489 1406 1584 1496 quod
1608 1426 1649 1471 ex
1673 1400 1965 1472 CretaVenetias
1990 1399 2139 1471 advehi.

59 1561 62 1569 ’
121 1551 165 1596 ex
200 1528 558 1612 temperamentorum
595 1505 783 1584 varietate,
834 1498 1105 1579 mutationibus,
1154 1516 1233 1588 tur,
1264 1500 1373 1586 dixit,
1396 1503 1485 1572 vites
1501 1528 1542 1573 ex
1557 1500 1742 1596 Epidauro
1765 1503 1802 1571 in
1820 1503 1962 1573 Cretam
1989 1504 2139 1573 transii.

121 1624 298 1697 remediis.
327 1613 382 1687 'Et
397 1614 467 1684 loci
483 1608 657 1682 dialectici
672 1622 851 1696 utcunque
867 1601 963 1671 riam
978 1598 1017 1666 in
1034 1599 1105 1666 ele·
1155 1618 1209 1675 ιε,
1224 1625 1308 1672 esse,

123 1728 241 1798 ctione
254 1744 373 1790 rerum
391 1725 609 1795 monstrant,
633 1722 674 1778 ut
698 1706 791 1775 inira
816 1704 985 1773 dicemus.
1034 1695 1105 1767 Sed

123 1825 209 1896 baec
227 1845 306 1914 pars
327 1822 373 1888 de
397 1814 611 1909 syllogismis
633 1805 909 1899 disputationem
931 1825 993 1871 seu
1018 1823 1106 1868 con-

122 1928 329 2005 nexionem,
355 1911 446 2013 quae
475 1927 620 1985 vocatur
640 1911 772 1993 forma,
800 1920 836 1977 et
858 1904 964 1974 eflicit
990 1915 1025 1970 et
1050 1901 1107 1969 iu·
1146 1926 1151 1934 ·

120 2031 224 2098 dicat.

358 223 568 308 SCRIPTA
595 222 673 300 PH.
699 214 816 294 Mun.
843 213 912 292 AD
936 212 1064 288 HlST.
1088 203 1233 284 PROF.
1258 203 1326 280 ΕΤ
1352 201 1545 285 PHILOS.
1572 202 1894 324 SPECTaNTIA.

1359 374 1562 448 Necessario
1581 376 1757 471 sequitur:

1247 1805 1430 1893 Quomodo
1456 1774 1639 1879 uocantur
1663 1816 1794 1900 partes
1819 1803 2050 1903 syllogismi?

1258 1957 1380 2029 Partes
1396 1973 1479 2030 sunt
1494 1961 1585 2030 duae
1606 1961 1865 2052 propositiones
1889 1976 1970 2031 ante
1993 1959 2139 2028 conclu·

1158 2059 1315 2144 sionem,
1341 2061 1379 2128 in
1399 2061 1529 2154 quibus
1547 2075 1630 2131 sunt
1647 2063 1791 2132 termini
1810 2063 1986 2156 simplices
2000 2072 2137 2131 tantum

1159 2177 1247 2245 tres,
1281 2174 1450 2255 tanquam
1472 2162 1682 2253 principalia
1703 2163 1874 2237 membra.
1934 2160 2057 2251 Quare
2080 2183 2140 2230 ne·

298 2187 395 2277 Quid
422 2194 481 2259 est
506 2181 600 2255 bona
627 2168 928 2271 Consequentia?

1159 2284 1254 2330 cesse
1278 2264 1342 2347 sit,
1375 2285 1450 2332 esse
1478 2264 1567 2333 duas
1590 2265 1868 2356 propositiones,
1899 2286 1981 2332 mox
2010 2264 2139 2332 dicam.

224 2341 290 2414 Est
306 2354 399 2411 reeta
424 2332 597 2406 connexio
621 2328 782 2400 omnium
804 2324 960 2419 partium
982 2320 1019 2388 in
1037 2318 1109 2388 Ar-

124 2461 309 2543 gumenta,
338 2444 375 2509 in
399 2462 467 2532 qua
487 2435 626 2504 nullum
652 2441 876 2519 praeceptum
892 2422 1109 2495 Dialecticae

123 2553 288 2621 violatur.
340 2541 414 2611 Nec
442 2538 548 2606 aliam
577 2529 850 2619 descriptionem
881 2525 1108 2595 subtiliorum

123 2654 245 2730 trado,
271 2644 353 2738 quia
369 2663 494 2709 verum
518 2634 632 2704 estin
658 2631 849 2700 iudicanda
870 2629 963 2696 bona
985 2647 1110 2694 conse·

125 2751 288 2848 quentia,
318 2757 472 2813 mentem
505 2735 635 2806 intueri
665 2744 774 2802 totam
797 2727 1034 2807 Dialecticen‚
1076 2737 1110 2793 et

125 2853 367 2930 considerare,
413 2865 459 2912 an
495 2836 666 2908 connexio
699 2830 883 2902 dissentiat
915 2830 960 2899 ab
988 2827 1109 2920 aliquo

1162 2360 1316 2432 Vocatur
1336 2377 1452 2433 autem
1477 2363 1576 2453 prior
1598 2365 1710 2433 maior
1736 2365 1953 2455 propositio,
1987 2364 2140 2433 secunda

1160 2477 1306 2533 vocatur
1337 2463 1455 2533 minor
1485 2465 1691 2555 propositio.
1752 2464 1913 2535 Termini
1944 2477 2064 2533 autem
2093 2463 2140 2532 sic

1159 2577 1344 2634 vocantur.
1404 2563 1524 2634 Maior
1553 2566 1725 2635 terminus
1754 2581 1824 2650 est,
1854 2565 1916 2658 qui
1941 2578 2080 2634 tantum
2103 2565 2138 2631 in

1161 2665 1404 2757 propositione
1419 2667 1584 2756 ponitur,
1610 2680 1643 2735 et
1659 2668 1829 2736 tribuitur
1848 2680 1966 2758 postea
1981 2665 2137 2734 subiecto

1159 2767 1409 2840 conclusionis.
1462 2766 1586 2835 Minor
1611 2769 1782 2838 terminus
1809 2782 1879 2848 est,
1912 2765 1975 2859 qui
2001 2779 2137 2836 tantum

1161 2867 1201 2935 in
1231 2871 1382 2936 secunda
1408 2868 1650 2959 propositione
1673 2871 1837 2959 ponitur,
1875 2880 1909 2935 et
1936 2880 1987 2936 est
2012 2867 2063 2951 is,
2098 2868 2139 2934 de

122 2965 320 3050 Pffi‘c‘l’m·
1160 2993 1229 3062 qua
1246 2969 1405 3061 quaestio
1420 2983 1487 3053 est,
1514 2970 1557 3037 de
1579 2993 1647 3060 qna
1672 2971 1708 3036 in
1735 2970 1960 3038 conclusione
1979 2990 2138 3057 pronun·

1160 3070 1286 3142 cietur.
1338 3069 1482 3138 Medius
1497 3085 1564 3154 est,
1591 3071 1653 3161 qui
1670 3072 1724 3138 bis
1740 3071 1887 3161 ponitur
1901 3081 1983 3138 ante
1999 3072 2139 3137 conclu-

896 3251 904 3266 ι
959 3250 968 3267 .
1161 3171 1315 3254 sionem,
1347 3173 1430 3262 quia
1458 3184 1509 3242 est
1534 3171 1715 3240 vinculum
1745 3174 1896 3239 duacum
1926 3170 2139 3261 propositio·

179 3294 184 3312 '
228 3271 393 3358 Quium?
412 3275 496 3333 ⁵¹¹¹st
518 3259 650 3348 ‘Pede‘
672 3265 1003 3367 ³f8¹¹¹f¹2¹¹l³l¹⁰¹¹¹⁵²
1029 3246 1112 3341 Syl·
1161 3296 1267 3355 num,
1296 3284 1329 3339 et
1343 3263 1466 3358 causa,
1492 3296 1600 3365 quare
1625 3272 1819 3340 subiectum
1844 3284 1878 3341 et
1901 3272 2139 3362 praedicatum

126 3374 317 3464 logismtss,
352 3360 608 3455 Enthymemfis
630 3354 808 3471 'induem
830 3367 864 3419 ²²
887 3347 1110 3470 ss'i‘mllllfflj·
1146 3373 1200 3463 ¹in
1215 3371 1422 3442 affirmativa
1439 3372 1666 3442 conclusione
1682 3373 1890 3461 iungantur,
1917 3385 1951 3442 et
1971 3395 2081 3464 quare
2106 3372 2138 3437 in

125 3467 677 3573 naucerusitataenumerattp·
728 3450 803 3521 N⁰⁸
825 3452 989 3520 ⁸dd¹¹¹¹¹¹⁸
1011 3451 1111 3567 3⁰1}
1161 3473 1322 3562 negativa
1341 3469 1594 3546 distrahantur.
1640 3471 1744 3544 Nunc
1763 3476 1807 3541 ad
1827 3473 2000 3566 quaedam
2016 3497 2138 3564 τεχνο·

127 3591 199 3648 len·
231 3569 367 3638 fliium
384 3564 1109 3658 qninqueilm‘fflm³¹i⁰m⁰¹¹¹³⁰m¹¹¹³
1163 3570 1292 3674 λογικὰ
1321 3576 1495 3648 venimus.
1553 3572 1684 3645 Causas
1713 3575 1808 3642 enim
1839 3575 2139 3662 investigabimus,

128 3699 208 3747 cum
227 3673 269 3742 Μ]
289 3661 638 3758 ¹²8⁰l³⁸dl³lecll⁰³⁸
654 3666 875 3745 ⁰⁰¹¹bf⁰¹¹¹¹¹2
898 3665 982 3724 ’⁰¹¹¹
999 3654 1112 3722 b⁰¹¹³⁰
1162 3701 1272 3769 quare
1306 3679 1394 3746 duas
1413 3676 1673 3768 propositiones
1695 3699 1768 3744 esse
1792 3699 1930 3744 necesse
1951 3676 2019 3759 sit,
2046 3690 2081 3746 ct
2106 3675 2139 3740 in

128 3771 412 3867 consequentiae.
1161 3775 1218 3847 his
1232 3790 1370 3847 tantum
1389 3791 1458 3846 tres
1474 3801 1547 3846 esse
1561 3777 1743 3850 terminos.
1769 3776 1906 3861 Postea,
1931 3799 2043 3867 quare
2061 3770 2140 3843 huic

1163 3877 1375 3948 connexioni
1399 3878 1593 3946 necessario
1624 3879 1886 3947 assentiendum
1912 3879 1973 3962 sit,
2013 3877 2139 3946 deinde

1164 3981 1269 4052 etiam
1287 4002 1350 4048 cur
1366 3992 1434 4048 tres
1452 3979 1631 4049 numerari
1646 3979 1773 4068 figuras
1790 3991 1959 4071 oporteat.

229 3143 321 3225 Quot
346 3141 438 3205 sunt
463 3130 617 3221 Species
643 3114 1010 3218 argumentationis?

430 4000 496 4082 ne
532 3991 812 4104 syllogismo.

382 4164 480 4254 Quid
505 4171 565 4235 est
589 4142 870 4256 Syttoptsmast'

193 4387 200 4396 .
232 4317 464 4417 syllogismus
492 4325 543 4384 est
564 4309 696 4393 oratio,
728 4307 766 4374 in
788 4327 857 4399 qua
884 4302 1008 4394 positis
1033 4303 1113 4396 qui-

130 4429 280 4498 busdam
313 4414 411 4489 aliud
440 4412 638 4487 necessario
668 4408 845 4502 sequitur,
885 4415 1031 4496 propter
1061 4427 1113 4491 en,

130 4528 220 4624 quae
235 4524 348 4616 posita
373 4532 472 4590 sunt:
507 4511 600 4585 banc
621 4510 862 4581 definitionem
888 4507 968 4574 ideo
993 4505 1114 4590 recito,

132 4629 214 4723 quia
229 4625 357 4694 usitata
374 4634 441 4705 est,
468 4631 502 4689 et
518 4642 559 4686 ex
575 4611 766 4685 Aristotele
778 4621 906 4679 sumta.
960 4604 1029 4675 Sed
1051 4606 1114 4673 de-

132 4728 276 4801 claratio
293 4717 492 4792 adhibenda
510 4731 582 4789 est:
605 4713 839 4809 Syllogismus
854 4720 906 4777 est
919 4707 1053 4789 oratio,
1074 4707 1112 4774 in

132 4855 201 4927 qua
229 4824 353 4918 positis
385 4836 418 4893 et
442 4819 615 4891 concessis
638 4816 776 4886 duabus
798 4807 1114 4924 propositionibus,

131 4954 222 5027 quae
247 4952 288 4996 ex
313 4925 429 4997 tribus
447 4920 607 4991 terminis
631 4917 678 4986 ita
694 4919 834 4985 iunctae
851 4924 954 4993 sunt,
980 4920 1022 4978 ut
1041 4922 1111 4978 stnt

121 5054 236 5108 causa
253 5023 510 5104 conclusionis,
535 5041 675 5089 necesse
689 5031 739 5086 est
756 5013 854 5106 sequi
869 5034 947 5079 eam
969 5009 1114 5079 conclu·

131 5136 288 5216 sionem,
314 5142 354 5199 ut
372 5124 494 5216 positis
510 5119 564 5190 his
582 5119 719 5218 duabus
736 5112 1054 5208 propositionibus:

283 5245 405 5321 Omne
420 5244 543 5311 vinum
564 5238 737 5321 calefacit,

281 5347 515 5440 lllelvaticnm
531 5356 582 5413 est
596 5341 742 5424 vinum,

1187 4186 1313 4268 Quare
1339 4179 1436 4254 duas
1461 4206 1542 4255 esse
1562 4187 1836 4276 propositiones
1860 4204 2015 4255 necesse
2038 4179 2122 4253 est?

1266 4312 1309 4384 In
1331 4315 1445 4406 prima
1467 4315 1577 4405 ligura
1601 4317 1744 4387 collatio
1765 4318 1938 4389 illustrior
1960 4331 2031 4404 est,
2066 4324 2142 4393 ideo

1162 4415 1301 4486 facilius
1318 4416 1368 4486 ibi
1384 4440 1486 4486 causa
1503 4417 1613 4487 totius
1633 4417 1881 4509 disputationis
1902 4422 2060 4513 conspici
2083 4450 2144 4516 po·

1163 4530 1241 4589 test.
1291 4515 1416 4587 Dicam
1430 4518 1540 4606 igitur
1554 4522 1599 4590 de
1620 4518 1734 4610 prima
1757 4521 1883 4609 figura,
1908 4522 1946 4588 in
1969 4548 2040 4614 qua
2066 4550 2144 4595 cum

1164 4617 1255 4688 ratio
1271 4618 1440 4703 cernitur,
1461 4634 1579 4709 postea
1596 4621 1746 4691 iudicari
1762 4636 1795 4691 et
1812 4622 1968 4714 reliquae
1985 4640 2144 4715 possunt.

1163 4717 1211 4791 Et
1228 4719 1320 4788 infra
1339 4721 1383 4788 de
1407 4721 1489 4790 aliis
1510 4723 1644 4804 dicam,
1672 4747 1767 4792 nuuc
1790 4726 1832 4792 de
1855 4726 1982 4814 prima.
2036 4726 2146 4815 Quic-

1164 4821 1251 4914 quid
1266 4822 1497 4891 conlirmatur
1510 4835 1572 4891 aut
1588 4822 1775 4908 refutatur,
1801 4848 1863 4914 per
1884 4825 2041 4917 aliquam
2065 4854 2146 4899 cau-

1164 4945 1236 4991 sam
1254 4923 1485 4992 confirmatur
1500 4935 1562 4992 aut
1574 4922 1761 4994 refutetur.
1802 4921 1891 4994 Eam
1908 4951 2048 4996 causam
2067 4956 2146 5000 cum

1163 5025 1319 5114 primum
1341 5024 1507 5112 ponimus
1521 5046 1660 5092 necesse
1676 5038 1727 5093 est
1743 5050 1850 5094 unam
1867 5024 2147 5116 propositionem

1164 5124 1352 5206 constitui,
1385 5147 1475 5215 quae
1497 5147 1635 5192 causam
1657 5126 1800 5210 recitat,
1837 5144 1870 5196 et
1894 5131 1993 5219 quasi
2018 5133 2147 5203 sumta·

1156 5238 1323 5294 mentum
1339 5238 1390 5294 est
1404 5224 1513 5294 totins
1530 5227 1694 5300 aedificii.
1744 5225 1838 5297 Huic
1858 5230 2004 5298 additur
2027 5235 2148 5320 altera,

1164 5350 1253 5420 quae
1275 5347 1415 5395 causam
1437 5327 1482 5396 ad
1503 5326 1702 5398 subiectum
1725 5331 1963 5400 conclusionis
1979 5334 2017 5400 in
2034 5337 2149 5425 prims
