4538 5754
797 222 847 302 ll.
895 216 1045 298 Ltsstttt
1069 216 1136 295 DE
1162 220 1335 297 ANIMA.

60 230 132 306 tus
2006 228 2081 302 tut

1096 386 1220 457 tuales.
1270 385 1359 457 Sunt
1387 399 1500 457 autem
1522 389 1652 476 gradus
1677 393 1874 479 actionum,
1905 412 2077 494 utsupra

55 519 132 566 cum
151 496 290 588 iuquit:
318 493 452 567 Sensus
469 493 586 565 carnis
604 490 793 562 inimicitia
808 503 860 561 εει
874 491 1045 561 adversus
1096 487 1188 556 dixi:
1216 485 1442 579 Simplicium
1457 490 1609 578 agnitio,
1636 493 1828 579 connexio,
1853 497 2079 586 divisique·
2136 560 2139 565 ⁴

55 594 185 669 Deum.
1095 588 1298 672 tiocinatio,
1325 591 1511 674 adsensus,
1545 591 1702 664 reiectio.
1744 594 1978 679 ,Admirandi
1998 626 2081 673 mo·
2171 579 2183 599 ⁸

89 786 93 791 Δ
154 710 214 786 A,
227 713 478 784 (nmmum,
500 710 695 782 ,abmnfig
719 721 833 779 creat,
848 731 868 779 ὃ
886 705 985 793 Deo,
1010 719 1045 778 ,ι
1095 700 1152 758 ιιιε
1168 702 1269 774 ειιιιι,
1296 702 1330 760 ει
1345 690 1495 760 describi
1512 714 1585 760 non
1604 695 1689 764 satis
1704 708 1872 784 possunt,
1893 702 2084 771 nonenim

56 810 210 899 drogia,
243 839 333 908 quae
354 829 473 904 9022„
502 812 664 895 ammte,
697 825 731 880 ,ι
759 823 813 880 932
839 809 956 899 operi,
988 809 1045 877 di.
1096 791 1438 871 cernunturocnlis,
1465 793 1525 860 sed
1541 793 1777 864 similitudine
1790 799 1965 889 quadam,
1990 825 2085 895 qua-

57 919 129 987 ,ing
149 917 374 1006 demago,
433 910 488 984 Εχ
520 908 1044 984 h„d;,13„,150„„umffld3
1095 890 1145 1007 les
1163 890 1479 1008 siutesistimetur.
1513 891 1564 966 Ut
1592 889 1803 967 architectus
1818 901 1914 989 apud
1931 922 1969 970 se
1989 902 2086 973 ima·

56 1033 107 1093 est
119 1016 315 1109 explicatio
331 1015 541 1106 argumenti,
567 1007 1057 1108 qnodlulianusAugustino'
1095 1013 1212 1080 dmm
1231 1004 1265 1060 ‘l
1281 992 1562 1061 ¹¹¹⁰³¹¹¹³⁰dffi⁰li
1578 995 1709 1085 pingit,
1735 997 1783 1067 52⁸
1807 1002 2086 1091 memwtiltm
2124 1070 2129 1087 .

61 1120 203 1190 obiecit:

55 392 211 466 al'aulo
246 392 453 464 nominatur
484 387 677 462 Inimicitia
715 388 883 459 adversus
914 385 1074 470 Deum·

1096 1091 1253 1182 aliquid,
1284 1092 1416 1162 format
1445 1093 1636 1183 imagines,
1671 1111 1864 1189 quaesunt
1890 1099 1957 1191 ipsi
1981 1115 2086 1174 actus
2194 1174 2205 1195 s

154 1218 348 1289 Peccatum
365 1240 440 1287 uon
454 1215 566 1307 giguit
583 1211 775 1285 bominem.

155 1318 455 1410 Concupiscentia
471 1318 582 1407 giguit
599 1312 794 1390 hominem.

155 1418 246 1491 Non
258 1437 311 1490 est
324 1421 434 1511 igitur
448 1431 639 1509 peccatum.

158 1536 335 1611 Ridicula
352 1552 386 1608 et
402 1535 549 1628 puerilis
565 1533 743 1604 cavillatio
766 1547 827 1607 est.
864 1525 913 1601 Ει
929 1544 1046 1600 tamen

64 1640 140 1710 illos
161 1634 332 1708 homines
355 1638 557 1727 ingeniosos
580 1635 745 1707 exercuit.
796 1632 919 1702 Maior
937 1633 1048 1701 veris-

63 1742 145 1811 sima
161 1754 235 1821 est,
261 1739 347 1832 quia
361 1753 544 1829 peccatum
567 1752 619 1807 est
641 1730 826 1805 horribilis
847 1733 1050 1817 destructio,

65 1864 136 1910 nou
151 1854 206 1911 est
226 1838 400 1932 quiddam
424 1839 571 1927 gignens
595 1833 788 1908 hominem.
839 1832 961 1904 Minor
981 1833 1049 1921 igi-

65 1958 117 2012 tnr
133 1943 243 2032 plane
258 1940 419 2029 neganda
436 1953 496 2008 εει.
529 1936 620 2006 Nam
638 1936 933 2023 concupiscentia,
959 1957 1049 2027 qnae

65 2055 109 2112 est
121 2034 261 2121 ἀταξία
279 2053 313 2108 ει
329 2038 535 2131 depravatio
553 2037 769 2106 substantiae
784 2036 959 2118 conditae,
985 2058 1049 2103 ne·

65 2163 242 2236 quaquam
259 2141 389 2229 gignit,
416 2141 477 2208 sed
499 2138 695 2208 substantia
722 2149 836 2206 creata
858 2139 970 2212 aDeo
995 2135 1050 2223 gi·

65 2243 154 2332 guit,
179 2253 360 2335 quatenus
382 2239 559 2332 reliquum
574 2253 626 2308 est
643 2260 732 2327 opus
745 2233 832 2320 Dei,
855 2260 929 2305 uon
947 2258 1050 2327 pror·

63 2367 116 2414 sus
131 2342 357 2424 extinctum,
382 2354 423 2410 ut
439 2335 581 2409 hebetes
596 2339 690 2408 oculi
704 2337 844 2418 vident,
872 2360 947 2407 uon
962 2361 1050 2429 qua·

10 2460 12 2465 ’
63 2461 163 2515 ιειιιιε
179 2456 270 2512 suut
287 2442 500 2524 imbecilles,
528 2442 588 2508 sed
607 2452 781 2532 quatenus
804 2438 900 2508 oculi
924 2448 1051 2506 natura

59 2546 198 2638 reliqna
215 2556 282 2614 est.
336 2539 379 2610 ln
402 2541 571 2629 languido
589 2538 786 2610 ventriculo
811 2538 1051 2608 acconensis

59 2646 141 2730 cibi,
167 2667 249 2713 uon
264 2655 439 2736 qnatenus
453 2641 671 2712 ventriculus
688 2652 741 2710 est
755 2638 965 2727 frigefactus,
991 2640 1051 2707 sed

57 2760 240 2839 qnateuru
265 2743 379 2839 estin
410 2768 452 2812 eo
474 2742 632 2834 reliquus
658 2739 755 2810 calor
786 2741 940 2813 nativus.
999 2739 1053 2807 Ac

57 2848 176 2917 multa
195 2845 329 2915 similia
343 2856 550 2933 argumenta
569 2839 693 2913 exhor
717 2842 877 2930 exemplo
901 2839 1054 2909 indicari

54 2961 235 3040 possunt,
262 2968 354 3038 quae
369 2943 546 3015 dialectici
572 2944 748 3035 explicant
773 2941 810 3009 iu
827 2942 965 3010 fallacia
983 2939 1056 3008 Ac-

55 3048 229 3119 cideoris.
286 3043 349 3115 tlt:

165 3144 312 3218 Omnes
326 3145 483 3218 adlectus
507 3146 545 3213 in
561 3140 627 3212 bac
649 3143 815 3213 imbecilli
832 3157 958 3214 natura
975 3153 1057 3211 suut

220 3246 358 3315 viciosi.

165 3351 289 3419 ·Amur
302 3346 366 3414 lilii
387 3347 422 3413 in
441 3339 623 3415 Abraham
639 3359 691 3414 εει
708 3345 878 3416 adlectus.

170 3448 291 3540 Igitur
307 3462 357 3517 est
372 3447 536 3518 viciosns.

164 3559 328 3634 Fallacia
353 3573 405 3630 εει
420 3560 621 3629 accidentis.
674 3555 826 3656 Στοργὴ
844 3583 861 3626 a
878 3557 953 3628 Deo
973 3579 1057 3627 con-

62 3668 137 3738 dita
153 3677 212 3735 est
228 3684 296 3731 suo
312 3682 437 3751 genere
456 3662 568 3747 bona,
596 3672 630 3728 ει
646 3659 760 3749 imago
778 3659 910 3728 amoris
926 3659 964 3725 in
980 3654 1057 3726 Deo

65 3790 149 3857 erga
164 3766 287 3835 filium
304 3775 339 3830 et
353 3785 433 3851 erga
450 3786 526 3830 uos.
578 3760 649 3830 Sed
664 3760 702 3828 in
717 3761 821 3829 uobis
836 3761 880 3827 ad
898 3759 1057 3827 naturale

64 3872 205 3940 bonnm
222 3862 359 3933 accedit
375 3857 525 3946 ἀταξία,
546 3885 636 3953 quae
652 3874 770 3931 tamen
788 3861 827 3929 in
842 3860 973 3928 renatis
990 3858 1057 3927 ali-

67 3976 138 4063 quo
155 3967 278 4064 modo¹
299 3965 498 4057 corrigitur.
557 3961 638 4030 Nou
664 3963 774 4051 igitur
793 3961 1059 4055 abiicienclacst

70 4062 231 4167 στοργὴ,
258 4064 319 4157 sed
336 4064 463 4133 ordine
479 4066 649 4153 regenda,
675 4064 826 4146 scilicet,
852 4058 1058 4130 amoreDei.

172 4166 282 4237 Hauc
328 4167 470 4232 brevem
511 4164 884 4232 commorresactioncm
926 4161 1058 4241 addidi,

69 4274 151 4363 qnia
176 4266 340 4338 ostendit
357 4266 447 4331 atain
475 4266 606 4333 similes
626 4262 865 4332 cavillationes
887 4263 1058 4332 lunatico·

72 4398 148 4442 rum
168 4386 204 4441 et
223 4344 552 4459 superstitiosorum
570 4360 754 4432 hominum
773 4363 982 4455 explicandi.
1008 4366 1012 4372 '

144 4577 209 4645 ne
245 4566 513 4642 accidentibus
536 4572 673 4638 mentis
699 4575 735 4637 et
763 4567 975 4638 volaerrtutis.

175 4718 330 4791 Necesse
349 4731 399 4786 εει
422 4715 645 4784 considerare
668 4712 859 4782 discrimen
882 4712 1059 4801 potentiae

76 4820 340 4913 mguoscentis,
365 4831 399 4888 et
414 4817 590 4909 potentiae
607 4813 823 4904 adpetentis,
851 4827 883 4882 et
910 4813 1059 4882 noticia·

76 4952 153 4995 curn
170 4949 213 4993 ac
226 4920 508 5011 adpetitionum,
534 4931 573 4985 ut
588 4939 688 5003 saepe
702 4916 835 4984 dictum
850 4927 919 4995 est,
945 4914 1059 4983 scien-

76 5029 159 5096 dum
176 5039 232 5095 εει
248 5021 378 5111 igitur,
403 5020 441 5088 in
461 5019 617 5109 potentia
635 5028 864 5103 cognoscente
884 5009 969 5084 baec
992 5015 1060 5085 tria

75 5150 178 5197 esset·
218 5121 380 5195 Noticias
412 5119 607 5200 naturales,
640 5117 814 5200 actiones,
847 5128 881 5183 et
906 5107 1060 5187 babitus.

76 5228 126 5298 Ac
146 5253 224 5297 uuo
248 5222 435 5294 communi
462 5219 606 5288 nomine
629 5212 714 5287 haec
744 5219 811 5286 tria
839 5215 1063 5306 adpellautur

75 5326 256 5412 Notitiae,
290 5325 348 5395 vel
371 5320 569 5404 naturales,
602 5319 655 5386 vel
685 5319 840 5402 subitae,
875 5316 930 5386 vel
959 5313 1070 5404 habi-1

1096 1189 1333 1281 intelligendi.
1390 1190 1528 1263 Harum
1552 1197 1805 1285 cogitationum
1830 1201 2020 1285 memoria,
2050 1216 2086 1273 et

1097 1294 1218 1361 crebra
1235 1294 1432 1364 recordatio
1448 1315 1488 1364 ac
1509 1297 1671 1386 repetitio
1694 1298 1901 1371 nominatur
1924 1297 2088 1383 habitus,

1098 1408 1159 1463 aut
1188 1394 1298 1482 gignit
1323 1389 1508 1479 habitum,
1541 1397 1578 1465 id
1604 1411 1672 1482 est,
1700 1398 1823 1468 lumen
1845 1403 2024 1493 quoddam
2046 1403 2086 1472 iu

1099 1507 1236 1578 mente,
1260 1517 1331 1588 quo
1347 1506 1517 1584 reguntur
1533 1497 1698 1568 actiones.

1203 1609 1298 1681 Sunt
1316 1611 1426 1701 igitur
1441 1612 1479 1681 in
1497 1613 1652 1702 potentia
1667 1626 1898 1703 cognoscente
1921 1610 1959 1685 bi
1975 1611 2080 1688 habi-

1098 1726 1170 1782 tus:
1205 1710 1373 1787 Scientia.
1412 1713 1496 1783 Ars.
1530 1712 1734 1784 Prudentia.
1767 1711 1885 1786 Fides.
1907 1712 2077 1814 Opinio.

1203 1841 1357 1914 Scientia
1375 1856 1426 1914 est
1439 1841 1588 1932 noticia,
1614 1845 1652 1914 in
1668 1869 1737 1939 qua
1753 1846 2005 1922 demonstratio
2020 1875 2081 1923 co·

1100 1943 1546 2034 fflwmmfflm.

1202 2056 1340 2152 Opinio
1356 2073 1408 2131 est
1423 2060 1573 2146 noticia,
1598 2059 1722 2155 inqua
1743 2065 1922 2155 probabili
1944 2070 2083 2142 ratione

1100 2185 1305 2247 movemur,
1325 2174 1366 2232 ut
1380 2162 1489 2250 magis
1513 2162 1552 2230 in
1575 2185 1683 2231 unam
1705 2177 1840 2253 partem
1861 2167 2084 2257 inclinemus,

1101 2288 1207 2356 qnam
1224 2263 1261 2330 iu
1278 2262 1395 2345 aliam,
1418 2274 1452 2333 ει
1467 2275 1585 2332 ιειιιειι
1599 2282 1765 2353 suspensa
1783 2265 1829 2335 sit
1844 2268 2006 2339 adsensio
2021 2293 2083 2343 seu

1102 2362 1331 2434 adseveratio.
1384 2361 1453 2442 Ut,
1479 2363 1603 2454 opinio
1622 2375 1684 2442 est,
1709 2363 1847 2436 futuros
1862 2391 1935 2438 esse
1952 2371 2084 2440 imbres

1103 2490 1181 2536 cum
1199 2465 1237 2533 in
1254 2462 1408 2557 piscibus
1429 2465 1472 2533 ad
1497 2462 1640 2548 lovem,
1666 2462 1858 2551 Venerem,
1891 2482 1924 2539 et
1941 2469 2084 2541 Mercu·

1105 2567 1199 2635 rium
1216 2565 1357 2634 accessit
1371 2561 1485 2634 Luna.
1538 2559 1603 2633 Est
1619 2565 1713 2632 enim
1728 2567 1924 2657 probabilis
1938 2571 2028 2642 ratio
2043 2597 2084 2640 ex

1103 2662 1231 2736 harum
1249 2665 1429 2735 stellarum
1450 2664 1586 2735 naturis
1610 2678 1760 2757 sumpta.
1813 2665 1884 2737 Sed
1906 2671 2085 2741 interdum

1104 2764 1170 2835 hae
1187 2766 1368 2857 propiores
1384 2788 1506 2833 causae
1521 2766 1765 2855 impediuntur
1780 2767 1859 2836 aliis
1873 2773 2088 2860 praeceden-

1105 2869 1199 2937 tibus
1222 2867 1333 2935 causis
1356 2865 1625 2952 potentioribus.
1669 2864 1761 2936 'ldeo
1778 2874 1986 2942 asseveratio
2009 2897 2086 2942 sus-

1106 2967 1285 3060 penditur.
1345 2961 1482 3055 Opinio
1501 2978 1569 3043 est,
1596 2966 1755 3035 Atticum
1773 2968 1848 3036 lore
1866 2986 2086 3041 constantem

1107 3083 1139 3138 et
1155 3080 1363 3159 perpetuum
1385 3066 1535 3133 amicum
1553 3062 1746 3136 Ciceronis.
1798 3069 1865 3137 Est
1886 3072 1980 3138 enim
2003 3095 2087 3161 pro-

1106 3168 1236 3239 babilis
1253 3167 1356 3249 ratio,
1381 3164 1464 3256 quia
1478 3178 1626 3256 uterque
1641 3180 1691 3236 est
1708 3160 1876 3237 honestus
1893 3183 1927 3239 et
1939 3173 2089 3263 sapiens,

1108 3283 1142 3339 et
1165 3283 1309 3339 tuentur
1331 3266 1521 3334 amicitiam
1546 3266 1687 3336 virtutis
1709 3290 1824 3339 causa.
1876 3268 1945 3340 Sed
1969 3284 2088 3341 tamen

1108 3369 1326 3439 adseveratio
1357 3367 1600 3458 suspenditur,
1639 3367 1722 3458 quia
1758 3368 1868 3437 animi
1901 3366 2089 3441 homiuum

1108 3482 1192 3540 sunt
1207 3468 1403 3538 mutabiles.
1457 3464 1540 3536 Ideo
1555 3466 1673 3558 iuquit
1693 3474 1812 3558 poeta:
1848 3465 1982 3540 Omnia
2006 3496 2087 3541 ver-

1109 3582 1235 3650 tuntur
1250 3582 1342 3638 certe
1358 3580 1546 3637 vertuntur
1561 3590 1711 3637 amores.
1760 3564 1808 3639 Et
1824 3567 1925 3642 Plato
1949 3572 2085 3665 iuquit:

1108 3660 1491 3766 godersec’ptsroillolov
1513 3663 1628 3757 ζῶον,
1655 3664 1675 3738 ὃ
1698 3661 1816 3762 φίλος.

1209 3785 1316 3856 Fides
1334 3799 1385 3853 εει
1407 3784 1558 3868 noticia,
1584 3807 1652 3876 qua
1670 3783 1889 3855 adsentimur
1903 3787 1996 3857 dicto
2012 3788 2088 3857 sine

1109 3887 1349 3966 dubitatione,
1374 3885 1457 3954 victi
1477 3885 1688 3953 testimoniis
1704 3885 1761 3952 vel
1777 3885 1975 3958 autoritate.
2030 3887 2087 3972 Ut,

1108 3988 1282 4057 credimus
1318 3983 1620 4055 consentientibus
1643 3985 1868 4055 'testimoniis
1900 3982 2086 4057 historico-

1110 4114 1210 4173 rum,
1245 4083 1435 4158 Octavium
1459 4085 1658 4175 Augustum
1682 4083 1820 4157 Romae
1849 4102 1928 4177 post
1952 4087 2084 4158 lulium

1108 4189 1293 4260 Caesarem
1317 4187 1530 4277 gubernasse
1555 4184 1762 4259 Romanum
1785 4186 1987 4277 imperium.
2041 4187 2084 4256 ln

1109 4284 1315 4381 prophetico
1342 4303 1376 4357 et
1402 4288 1593 4379 apostolico
1621 4309 1783 4356 sermone
1807 4289 1892 4355 tides
1912 4287 2085 4375 significat

1108 4416 1181 4458 non
1198 4391 1311 4458 solum
1339 4388 1507 4457 adsentiri
1525 4384 1700 4475 historiis,
1728 4386 1786 4454 sed
1810 4387 1913 4454 etiam
1935 4388 2086 4477 promis-

1109 4491 1269 4559 sionibus
1293 4489 1434 4557 divinis.
1485 4484 1532 4557 Et
1546 4484 1631 4557 huic
1653 4485 1854 4555 adsensioni
1868 4488 2085 4578 respondent

1110 4594 1146 4659 in
1165 4591 1345 4659 voluntate
1360 4589 1488 4660 fiducia
1504 4601 1540 4659 et
1554 4587 1713 4665 laeticia,
1736 4608 1805 4679 qua
1818 4589 2007 4679 acquiescit
2018 4596 2084 4658 'vo—

1110 4695 1228 4762 luntas
1244 4692 1282 4759 in
1297 4687 1393 4770 Deo,
1419 4712 1457 4759 re
1473 4689 1566 4758 bona
1582 4687 1697 4756 oblata
1715 4687 2019 4777 in¹promissioue‚
2043 4703 2083 4758 ut

1110 4793 1286 4884 acquievit
1309 4792 1449 4860 animus
1465 4786 1661 4870 Gedeonis,
1689 4811 1769 4857 curu
1791 4788 1823 4855 ei
1842 4790 2012 4878 promissa
2028 4811 2082 4857 es-

1110 4908 1161 4964 set
1177 4893 1336 4966 victoria.
1371 4890 1454 4961 ldeo
1471 4891 1508 4957 in
1523 4889 1760 4978 descriptione
1772 4888 1855 4956 fidei
1872 4889 1921 4958 sic
1936 4889 2081 4957 dicitur:
2114 4900 2120 4908 “

1111 4993 1216 5063 Fides
1239 5008 1290 5062 est
1313 4991 1502 5087 expectatio
1525 5012 1644 5059 rerum
1667 4991 1935 5080 sperandarum,
1960 4990 1998 5059 id
2021 5004 2084 5074 est,

1109 5094 1235 5164 fiducia
1257 5116 1345 5186 quae
1367 5092 1496 5161 nititur
1511 5089 1753 5182 promissione.

1212 5209 1358 5282 Caetera
1385 5208 1554 5280 vocabula
1584 5202 1770 5278 habituum
1801 5207 2024 5278 declarantur
2047 5206 2082 5272 iu

1115 5327 1212 5385 sextu
1242 5306 1452 5384 Ethicorum
1484 5323 1516 5380 ει
1542 5308 1813 5442 iu*dialecticis.
1872 5305 1967 5376 llaec
1989 5306 2083 5373 enim

1521 5413 1538 5478 1
1550 5411 1562 5476 l
