1208 1813
145 285 242 309 Postquam
253 283 297 302 haec
307 283 392 302 historica
402 284 425 301 de
436 283 491 301 totius
498 282 587 301 Ecclesiae

93 311 185 331 doctrina,
201 310 293 333 perieulis,
311 309 447 328 liberationibus
461 313 479 327 et
493 309 515 326 de
530 308 587 327 causis

152 342 193 354 rum
199 339 217 354 et
223 335 350 353 liberationum
358 335 514 355 consideravimus,
521 334 587 352 deinde

92 362 192 380 videndum
200 364 235 382 est,
248 361 279 384 qui
286 361 322 378 sint
328 360 406 383 insignes
414 364 432 378 et
442 360 510 383 proprii
521 359 556 377 loci
567 359 587 377 iu

93 387 175 412 qnulilget
183 385 277 409 Propheta.
297 385 322 403 Hi
331 389 367 404 tres
376 386 410 403 loci
423 385 502 408 insignes
513 388 556 403 sunt
567 385 587 402 in

156 418 184 431 eo.

145 436 225 459 Primus,
242 436 311 455 Contio
327 437 350 455 de
366 436 444 454 iuvanda
461 436 587 457 aedificatione,

92 464 125 482 nbi
133 463 215 481 adflrmat
223 462 281 481 Deum
288 463 391 480 benefacere
400 461 438 483 liis,
451 462 482 485 qni
491 462 521 485 pio
527 462 587 480 studio

93 490 158 507 invent
165 492 182 507 et
189 492 262 507 tuentur
273 488 392 506 ministerium
400 486 503 510 Evangelii,
516 491 534 505 et
545 490 588 505 sunt

93 514 169 533 benefici
179 520 220 536 erga
231 514 270 537 pios
280 514 361 531 doctores
374 517 392 531 et
407 512 488 531 Psstores
499 512 588 531 Ecclesia-

93 547 143 562 rnm‚
160 543 265 557 conservant
275 538 344 557 scholas
358 542 375 556 et
390 539 505 556 necessariam
520 538 587 556 doctri-

93 572 137 584 nam
146 565 239 588 propsssari
249 567 318 583 curant.
344 563 393 581 Haec
402 564 464 582 contio
476 564 553 587 pertinet
564 564 587 583 ad

93 592 162 609 dietum
169 590 201 608 lilii
213 590 255 608 Dei:
269 589 289 608 Si
300 589 340 613 quis
350 589 419 607 dederit
427 590 454 607 vel
463 593 524 612 potum
532 595 588 612 aquae

93 617 127 635 uni
134 622 155 634 ex
163 616 241 633 minimis
249 621 328 633 meorum
336 618 408 638 propter
412 615 518 636 doctrinam,
529 614 587 632 Amen

93 642 135 660 dico
146 638 208 662 vobis,
224 641 322 658 mercedem
333 639 410 658 habebit.
437 640 463 658 lta
474 640 522 658 Deus
533 641 588 658 bene-

92 667 135 686 feeit
148 667 213 684 viduae
224 665 332 689 sareptanae
343 672 389 689 qnae
396 665 454 683 Eliam
468 664 545 689 bospitio
557 672 587 683 ex·-

93 693 150 716 cepit,
163 696 181 710 et
192 692 301 710 Sunaniitidi
314 690 394 714 hospitae
404 690 477 709 Elisaei.
505 691 531 709 lta
540 691 587 709 lere-

92 718 138 736 naiaa
147 717 235 741 promittit
243 717 382 735 incolumitatem
393 723 425 734 suo
433 717 489 735 arnico
498 716 588 734 Alidem&

92 742 139 761 leels.
164 743 190 761 lu
198 746 259 761 nostro
268 746 303 760 tem
329 748 348 759 re
356 742 405 765 pium
412 742 511 765 principem
519 741 586 760 Ducem

91 768 182 788 &neniae
193 767 291 786 Iohannem
318 768 414 785 tidericum
425 768 502 785 servavit
517 767 587 785 incoln-

90 800 140 812 mern
148 794 168 811 in
179 794 216 811 acie
229 797 246 811 et
259 793 278 811 iu
289 793 400 816 captivitate,
413 797 430 811 et
439 797 499 817 postca
510 793 587 811 restituit

90 825 136 838 suae
142 819 213 842 coniugi
223 821 240 836 et
251 818 298 838 liliis.

144 844 196 862 Hauc
203 844 308 862 concinnem
319 850 372 862 nosse
382 844 468 867 populum
480 844 531 861 valde
542 844 587 862 utile

87 874 128 892 eet,
140 873 161 888 nt
168 870 224 887 animi
232 870 326 887 flectantur
336 870 358 887 ad
367 870 453 888 tuendum
463 869 587 890 ministerium,

86 900 106 915 et
119 896 145 914 od
155 895 233 913 iuvanda
243 895 351 914 necessariae
359 895 451 913 doctrinae
457 895 522 914 studia.
547 894 587 913 Etsi

85 925 153 940 nutem
160 921 217 939 videri
226 923 283 944 potest
291 919 335 938 haec
347 920 485 939 accommodatio
496 920 587 938 concionis

85 948 109 965 iss
123 946 159 965 hoe
166 945 264 969 Propheta.
277 946 299 963 ad
307 949 376 964 nostras
385 945 473 963 Ecclesiae
484 949 501 964 et
512 945 586 967 scholas,

85 972 168 993 rustica,
180 975 198 990 et
209 971 285 995 requirit
295 972 361 995 aliquis
372 971 467 989 sublimem
478 972 586 994 allegoriam,

85 1002 153 1017 tmen
161 996 205 1015 haec
216 997 276 1014 nativa
285 995 385 1019 Prophetae
393 997 480 1014 sententia
492 1000 527 1018 est,
539 998 586 1015 etde

85 1029 109 1042 ιε
117 1022 196 1041 maxima
204 1022 326 1041 concionatur.
341 1020 343 1023 '
351 1021 383 1044 Est
393 1022 441 1039 enim
450 1022 546 1040 necessaria
558 1028 586 1040 res

84 1048 203 1067 conservatio
220 1047 315 1066 ministerii
332 1051 350 1065 et
366 1048 476 1070 studiorum,
492 1051 509 1065 et
526 1051 585 1065 tamen

85 1074 154 1098 paucis
163 1079 216 1091 curae
227 1077 263 1094 est,
275 1073 307 1090 alii
318 1073 394 1096 superbe
405 1076 423 1091 et
434 1073 534 1091 centaurice
542 1079 585 1091 oon·

85 1102 181 1119 manunt,
194 1102 225 1116 sut
232 1099 285 1116 etiam
293 1099 370 1116 oderunt
377 1101 393 1116 et
401 1098 519 1116 ministerium
524 1098 585 1116 Evan-

85 1124 133 1148 getii
140 1127 158 1142 el
167 1124 225 1142 studia
234 1123 335 1144 doctrinae,
349 1124 368 1141 in
376 1124 416 1141 aliis
424 1124 506 1144 avaricia,
519 1123 539 1141 in
545 1124 585 1142 aliis

85 1149 173 1174 profusio
186 1149 204 1166 in
218 1150 314 1167 domestico
326 1150 371 1167 luxu
382 1149 457 1172 impedit
468 1148 513 1167 hanc
524 1145 585 1167 n'eces-

85 1175 157 1194 nas-iem
169 1175 309 1193 beneficentiam.
337 1174 371 1192 His
385 1175 434 1192 vitiis
451 1181 496 1198 qnae
511 1175 583 1199 quidem

85 1207 128 1219 mn
140 1203 183 1218 mut
194 1206 234 1218 rara
245 1206 278 1218 nec
289 1200 373 1223 obscura,
389 1206 430 1217 vere
441 1204 458 1218 et
473 1199 585 1220 horribiliter

86 1226 175 1245 imeitnr
185 1225 239 1244 Deus.
265 1225 300 1243 Sed
310 1231 350 1243 rara
361 1228 379 1243 et
391 1225 477 1243 excellens
489 1226 545 1243 virtus
558 1230 583 1244 est

86 1251 208 1271 beneficentia
220 1251 239 1268 in
252 1249 286 1268 hoc
293 1256 362 1273 genere.
387 1250 412 1269 Et
423 1256 485 1273 magna
498 1251 583 1274 sapientia

87 1281 108 1296 et
124 1277 181 1299 gloria
198 1280 233 1297 est,
250 1277 349 1299 intelligere
361 1280 379 1295 et
390 1275 455 1294 habere
466 1276 550 1298 virtutes,
563 1283 583 1294 ex

86 1302 158 1327 quilffls
164 1302 195 1319 illa
202 1302 265 1320 oritur.
293 1301 317 1320 Ut
324 1302 343 1319 in
350 1301 476 1320 Abdemelech.
502 1301 583 1320 Primum

87 1328 110 1346 isa
118 1334 141 1345 eo
148 1327 191 1345 fides
198 1328 254 1347 lucet,
268 1333 312 1350 quae
321 1326 420 1345 doctrinam
430 1327 513 1345 Ieremiae
522 1328 584 1346 statuit

86 1358 152 1371 veram
160 1358 206 1373 esse,
218 1356 235 1370 et
242 1353 323 1370 dissentit
332 1353 355 1370 ab
365 1352 464 1377 hypocritis
474 1353 583 1371 adversanti-

86 1379 135 1399 bm,
151 1378 217 1396 deinde
232 1384 273 1396 cum
287 1378 366 1396 defendit
382 1377 484 1400 lei-emim,
504 1379 583 1397 ostendit

85 1404 225 1423 consessionem.
251 1403 309 1421 Simul
321 1404 375 1422 etiarn
389 1404 409 1421 in
420 1409 441 1421 eo
453 1404 539 1422 fortitudo
551 1408 583 1426 est,

86 1433 107 1448 et
121 1429 186 1447 fiducia
198 1429 260 1447 auxilii
275 1429 342 1449 divini,
359 1429 392 1447 scit
404 1435 471 1452 regem,
488 1429 582 1453 principes,

87 1455 190 1474 Μαι-δοκι
201 1454 247 1472 velle
256 1454 334 1476 extingui
342 1453 443 1476 lei-emim,
456 1459 473 1472 et
481 1460 498 1472 se
507 1455 527 1472 in
535 1455 582 1478 peri-

87 1480 131 1499 culo
139 1481 187 1500 sore,
199 1480 214 1497 si
222 1480 238 1497 ei
247 1486 297 1502 opem
306 1480 355 1497 ierat.
380 1479 415 1498 Sed
427 1479 461 1498 hoc
470 1480 549 1504 periculo
559 1481 582 1498 ab

87 1506 122 1524 illo
135 1506 243 1523 neccessario
254 1505 313 1522 offitio
324 1511 360 1522 non
368 1505 472 1524 deterretur.
498 1505 582 1529 Expectat

86 1532 144 1550 etiam
151 1530 204 1549 aDeo
210 1531 296 1548 auxilium
304 1534 322 1548 et
329 1530 457 1552 defensionem,
470 1534 488 1549 et
496 1531 528 1550 scit
536 1530 582 1549 hanc

249 240 282 260 Vl.
308 239 493 260 ARGUMENTUM
504 238 655 271 CQNCIONUM
668 238 821 258 FROPHETAE
833 237 954 258 HAGGAEI.
984 230 986 232 Ι

1069 238 1107 257 988

612 288 663 300 suam
669 282 792 300 fortitudinem
796 281 885 300 Ecclesiae
891 282 1002 306 profuturam
1010 287 1052 300 esse.
1072 281 1106 299 Bis

613 308 680 325 divinis
687 307 765 325 motibus
773 308 835 325 ardere
843 311 923 331 pectora,
936 311 954 326 et
965 308 1024 325 vivere
1035 307 1056 325 in
1062 306 1106 329 Deo,

613 333 666 355 longe
678 333 735 351 maius
748 333 817 351 honum
831 337 866 354 est,
880 339 933 357 quam
945 333 1035 351 somniare
1050 333 1106 350 bellas

613 358 712 381 sllegoriss.
742 358 785 377 Ideo
800 357 833 376 hac
844 359 939 379 sententia,
956 365 1009 383 qnam
1026 358 1106 380 recitavi,

613 390 715 408 quanquam
728 384 793 402 rustica
804 384 884 405 videtur,
897 388 991 402 contentus
1001 390 1046 402 snm.
1072 382 1106 401 At-

612 415 648 433 que
658 410 727 427 utinam
739 408 785 428 hauc
794 409 928 428 beneficentiam
936 410 988 428 multi
996 412 1075 427 amarent
1089 412 1106 427 et

614 438 727 458 praestarent,
1016 437 1019 439 ⁷

664 473 757 491 Secundus
767 473 816 491 locus
827 477 853 491 est
864 474 927 492 concio
938 474 960 491 de
971 474 1049 491 adventu
1056 473 1106 491 Mes-

613 499 655 517 siae.
681 497 746 517 Adhuc
752 499 806 517 semel
814 502 831 517 et
840 500 955 517 commovebo
964 499 1033 517 coelum
1045 502 1062 517 et
1070 502 1106 516 ter—

614 530 662 545 ram,
674 528 692 542 et
705 524 763 542 veniet
771 525 880 542 desideratus
892 525 980 547 gentibus.
1007 524 1063 542 Totus
1077 523 1106 541 hic

613 550 658 568 ordo
669 554 743 568 naturae
750 550 832 568 conditus
839 554 865 568 est
873 557 882 568 a
890 550 936 571 Deo,
949 554 970 568 ut
977 548 1106 568 testetur'hunc

613 576 701 593 mundum
709 581 745 593 non
754 581 795 593 casu
804 582 825 593 ex
832 576 895 594 atomis
903 576 1017 597 confluxisse,
1030 576 1059 593 sed
1067 581 1107 593 vere

614 605 690 619 mentem
699 600 862 620 architectatricem.
888 601 951 619 Postea
961 607 1004 619 vero
1016 600 1064 618 Deus
1074 601 1107 618 ad-

614 626 641 645 dit
653 627 709 644 mults
720 632 774 649 opera
782 630 829 644 extra
839 625 887 645 hunc
893 627 984 647 ordinem,
997 630 1017 644 ut
1025 626 1107 644 ostendat

614 658 632 670 se
643 652 696 670 aliam
707 652 800 670 essentiam
808 658 854 674 esse,
867 659 876 670 a
888 653 941 670 rebus
949 652 1035 673 conditis.
1047 655 1064 669 et
1074 658 1106 675 po-

614 678 708 696 tentiorem
720 684 739 695 se
749 683 795 699 esse,
811 684 831 695 ac
843 684 893 701 posse
905 682 952 696 extra
965 677 1012 695 hunc
1024 677 1106 695 ordinem

613 709 684 721 servare
690 707 708 721 et
716 703 808 721 restituere
814 702 905 725 homines,
917 707 937 721 ut
945 703 1039 727 aliquoties
1051 709 1106 721 revo-

613 729 659 747 cavit
670 727 752 746 homines
763 733 802 751 post
814 732 888 747 mortem
900 729 920 746 in
928 728 975 746 hanc
982 729 1044 746 vitam.
1069 728 1106 747 Sed

613 754 673 772 omnia
684 754 769 772 miracula
781 758 852 777 superat
862 755 951 778 copulatio
962 755 1034 772 divinae
1045 757 1062 772 et
1070 753 1106 771 hu-

614 786 676 797 manae
683 783 757 797 naturae
765 780 783 797 in
791 779 869 798 Christo.
896 780 937 798 Ideo
945 780 1013 804 inquit:
1026 779 1105 797 Movebo

613 805 688 827 coelum,
700 805 789 827 videlicet,
802 806 843 829 quia
852 805 909 823 Filius
917 806 951 824 Dei
959 808 1035 823 assumet
1042 804 1106 823 huma-

613 836 655 848 nam
663 834 755 852 naturam,
768 834 785 849 et
794 832 869 849 movebo
877 835 953 852 terram,
966 830 1044 849 humana
1053 834 1106 849 natu—

613 862 632 874 ra
640 856 753 879 copulabitur
760 856 840 878 divinae,
853 860 870 874 et
877 856 907 874 bic
914 857 961 874 filius
968 863 989 874 ex
997 856 1065 879 virgine
1073 862 1105 874 ua-

614 885 682 903 scetur,
694 885 711 899 et
718 882 791 904 colliget
798 885 887 900 aeternam
896 881 999 901 Ecclesiam.
1018 881 1053 900 Hic
1061 888 1105 900 con-

612 907 719 928 sideremus,
732 913 785 931 quam
795 907 844 925 Deus
857 908 947 929 concedit,
960 912 977 926 et
991 908 1031 931 quia
1041 908 1064 926 sit
1076 906 1106 926 hie

613 933 670 954 lilius,
683 936 700 950 et
713 939 758 956 quae
766 933 833 951 fuerint
841 939 903 951 causae
914 932 968 951 huius
978 933 1055 951 mirandi
1067 934 1105 951 foe—

612 958 665 976 deris.
690 957 787 976 Hominem
799 959 886 976 sustinere
897 965 973 982 poenam
990 959 1104 981 congruebat,

612 987 630 1002 et
640 987 661 1002 nt
671 987 716 1001 esset
726 984 804 1007 precium
820 984 943 1008 aequivalens,
958 990 978 1002 ac
993 988 1013 1002 ut
1027 984 1105 1009 perferre

612 1008 658 1027 hanc
670 1015 745 1032 poenam
758 1013 825 1032 posset,
842 1014 859 1028 et
869 1010 939 1028 vincere
951 1013 1036 1030 mortem,
1053 1010 1105 1028 resti-

612 1038 661 1053 tuere
668 1035 721 1052 nobis
728 1035 782 1053 vitans
790 1038 807 1053 et
815 1035 897 1058 colligere
904 1039 993 1053 aeternam
1000 1034 1104 1057 Ecclesiam,

612 1059 641 1078 liic
649 1063 731 1078 aeternos
739 1060 801 1081 Filius,
810 1061 841 1084 qni
848 1061 952 1084 deprecator
959 1065 996 1079 erat
1007 1066 1039 1083 pro
1046 1060 1104 1081 nohis,

612 1084 708 1103 humanam
723 1090 805 1103 naturam
818 1087 905 1105 assumsit.
934 1086 974 1104 Etsi
991 1085 1025 1104 hae
1040 1091 1103 1103 causae

612 1111 682 1134 penitus
692 1111 767 1134 perspici
780 1118 817 1129 nun
830 1116 911 1135 possunt,
924 1116 941 1130 et
954 1112 972 1129 in
986 1112 1015 1129 illa
1027 1111 1104 1129 aeterni-

610 1140 646 1154 tate
656 1137 728 1160 propius
741 1137 857 1159 aspicientur,
873 1140 932 1155 tamen
944 1136 998 1155 huius
1008 1137 1104 1160 sapientiae

611 1162 661 1180 initia
672 1163 691 1180 in
702 1161 734 1180 hac
742 1163 777 1180 vita
790 1163 863 1185 cogitari
870 1169 940 1181 necesse
947 1167 983 1185 est,
996 1166 1016 1181 ut
1024 1163 1103 1180 admira-

611 1188 636 1205 tio
649 1191 666 1206 et
675 1188 782 1205 desiderium
791 1188 864 1206 divinae
874 1189 1008 1207 consuetudinis
1019 1188 1104 1205 accenda-

610 1217 649 1235 tur,
665 1217 682 1232 et
698 1217 718 1231 ut
734 1213 779 1236 grati
796 1212 839 1232 haec
855 1214 941 1232 immensa
957 1213 1042 1232 beneficia
1058 1213 1103 1231 cele

610 1239 688 1257 bremun.

661 1276 733 1294 Tertius
740 1277 790 1295 loeus
802 1281 827 1295 est
838 1278 860 1295 de
872 1281 951 1301 tempore
958 1277 1045 1294 adventus
1052 1276 1102 1295 Mes-

610 1302 651 1320 siae.
676 1301 724 1320 Deus
731 1302 807 1320 affirmat
816 1309 835 1323 se
845 1302 878 1321 hoc
889 1303 973 1326 templum
986 1302 1052 1320 maiore
1063 1302 1102 1324 glo-

609 1328 636 1346 ria
651 1331 755 1345 ornaturum
773 1334 821 1350 este,
844 1335 896 1352 quarn
915 1331 981 1352 quanta
1000 1328 1034 1345 suit
1052 1327 1101 1350 prio-

609 1354 634 1371 ris
649 1353 710 1376 templi
727 1353 791 1376 gloria:
817 1354 929 1371 minifestum
941 1357 967 1371 est
977 1356 1046 1374 εηιεηι,
1065 1358 1102 1371 nou

609 1379 645 1397 dici
657 1379 679 1397 de
690 1379 790 1402 opulentia,
804 1382 821 1397 et
829 1379 852 1397 de
862 1379 920 1397 aureis
927 1385 947 1397 ac
953 1379 1040 1402 argenteis
1047 1384 1101 1396 orna-

609 1405 679 1422 mentis.
708 1404 756 1422 Haec
771 1407 822 1422 antea
839 1405 961 1429 splendidiora
972 1405 1054 1422 fuerunt:
1070 1405 1101 1422 sed

609 1429 655 1448 hanc
669 1430 759 1451 nominat,
779 1430 828 1453 quod
841 1430 915 1448 Messias
930 1430 950 1448 in
964 1429 999 1448 hoc
1014 1430 1101 1452 templum

609 1459 695 1473 venturus
707 1459 760 1476 essct,
774 1455 800 1473 ibi
812 1461 830 1473 se
841 1459 944 1474 ostensurus
954 1455 1022 1481 populo
1034 1458 1051 1473 et
1063 1455 1101 1473 edi-

608 1484 659 1499 turus
675 1487 736 1498 vocem
749 1480 852 1503 Evangelii,
869 1485 887 1499 et
903 1481 1012 1501 testimonia,
1028 1483 1048 1498 ut
1060 1486 1101 1498 eum

608 1512 628 1524 ex
640 1506 706 1528 templo
717 1506 848 1524 nummularios
858 1506 918 1528 eiicit‚
935 1510 951 1524 et
965 1506 1008 1524 facit
1019 1505 1053 1523 alia
1067 1506 1101 1522 mi-

607 1532 663 1550 randa
674 1532 730 1554 facta,
745 1535 763 1550 et
773 1531 793 1549 in
805 1532 880 1555 septimo
892 1532 948 1556 capite
961 1530 1046 1550 lobannis
1059 1530 1101 1548 scrL
