4538 5754
72 238 176 312 1869
694 234 760 308 ΙΧ.
776 157 792 207 1·
809 213 1176 307 COMMENTARII
1203 213 1255 288 ΙΝ
1264 209 1518 290 “Ρ8ΑΒΜο8.
1996 207 2095 290 tato

374 405 572 491 psalmus
601 402 761 491 cxlv,
1067 472 1070 478 ¹
1107 384 1308 461 Benedicti
1336 409 1401 459 vos
1427 410 1454 459 o
1477 389 1659 476 Domino,
1694 391 1758 479 qui
1778 382 1873 482 fecit
1895 389 2036 462 eoelum
2056 399 2096 460 et

101 563 113 572 .
1157 498 1314 562 terrum.

72 597 112 664 la
135 595 245 664 editu
265 592 422 663 Israelis
443 590 491 664 de
512 592 700 688 Aegypto,
726 586 860 661 domus
878 583 988 659 1αοοὸ
1011 581 1060 655 de
1108 594 1208 666 coela
1235 593 1419 663 coeiomm
1441 590 1594 661 Domini
1611 597 1722 681 sont,
1756 602 1797 663 et
1822 602 1964 664 temam
1988 591 2095 664 dedit

115 695 257 785 populo
271 691 441 768 barloco.
1157 691 1266 790 fiiliis
1283 692 1486 763 immineam.

72 800 201 873 Facta,
215 804 272 868 est
286 794 385 868 luda
404 790 658 891 sanctificatio
677 796 779 874 eius,
806 790 925 861 lsruil
941 785 1060 860 domi·
1107 800 1192 868 Noa
1210 798 1352 866 mortui
1375 790 1585 865 laudabunt
1606 799 1645 862 te
1666 794 1850 885 Domine,
1877 818 1996 889 aeque
2009 797 2095 884 uili,

119 902 229 969 aratio
244 901 338 970 eius.
1042 949 1044 954 .
1158 903 1223 990 qut
1240 888 1745 985 descendentiainferamn.

72 1000 182 1070 More
202 997 300 1072 vidit
321 1010 359 1074 et
381 994 511 1097 fugit,
547 995 723 1069 Iordanis
745 1015 898 1065 sameas
918 999 976 1061 8⁸⁸
998 1011 1061 1060 re·
1108 997 1188 1073 Sed
1219 1021 1288 1070 nos
1319 995 1573 1069 benedicimus
1604 997 1788 1086 Domino,
1820 995 2095 1091 obtineasque

120 1110 298 1172 traceam.
1159 1106 1459 1192 inperpetuum,
1485 1099 1693 1172 Alleluia·

72 1203 217 1273 Montes
235 1206 438 1275 oratiorum
452 1205 559 1273 siout
583 1204 740 1282 arietes,
765 1206 805 1270 et
828 1196 940 1267 eolles
958 1197 1060 1264 siout

117 1308 212 1398 apati
225 1308 361 1377 ovium.
612 1351 615 1357 f

72 1405 170 1489 lluid
194 1415 279 1478 erat
303 1404 374 1477 tihi
390 1427 498 1477 mare
523 1426 589 1475 ossa·
604 1395 789 1497 fugeres?
815 1407 855 1471 et
871 1407 914 1469 tu
928 1394 1061 1469 lorda-
1210 1401 1319 1496 Apud
1336 1397 1494 1473 Ehraeos
1511 1402 1584 1471 duo
1603 1415 1688 1472 sunt
1705 1400 1856 1489 Psalmi,
1881 1425 1990 1497 quos,
2011 1402 2095 1495 quia

120 1511 183 1579 ais
201 1530 266 1580 our
281 1529 438 1580 aversus
454 1529 495 1578 es
512 1499 749 1576 retrorsum?
864 1586 867 1590 Δ
1109 1504 1277 1576 videntur
1302 1518 1384 1595 apte
1412 1498 1619 1584 cohaerere,
1660 1503 1872 1597 interpretes
1903 1504 2096 1576 coniunxe-

72 1611 222 1681 Montes
244 1613 428 1682 exiliistis
451 1612 552 1680 siout
578 1611 740 1696 arietes,
765 1611 804 1674 et
832 1602 942 1675 colles
962 1603 1061 1672 siout
1108 1620 1207 1678 rant.
1240 1604 1362 1695 Quare
1378 1619 1411 1677 et
1427 1628 1493 1674 nos
1507 1619 1697 1698 ulnamque
1712 1607 1997 1699 complectemur.
2030 1599 2097 1674 Est

120 1716 211 1807 agni
226 1707 377 1785 ocimo?
1108 1720 1226 1778 autern
1243 1708 1283 1776 in
1298 1730 1435 1776 summa
1449 1719 1598 1799 uterque
1611 1705 1774 1777 Psalmus
1788 1708 1980 1797 gratiarnm
1994 1705 2099 1788 actio,

72 1808 235 1904 dfooie
256 1816 413 1885 Domini
443 1819 547 1884 mota
572 1818 630 1882 est
654 1817 778 1896 terra,
811 1826 836 1875 α
854 1801 964 1898 facie
985 1806 1060 1876 Dei
1109 1822 1149 1879 ut
1174 1821 1377 1888 caneretur,
1404 1819 1445 1877 ut
1467 1820 1614 1898 apparet
1638 1810 1826 1906 praecipue
1850 1809 1889 1877 io
1913 1802 2097 1884 paschate,

119 1913 241 1987 lasela.
1109 1912 1154 1979 ad
1187 1908 1435 1981 celebrandam
1467 1910 1676 1978 memoriam
1714 1909 1937 1980 liberationis
1970 1905 2097 2000 populi

72 2019 142 2101 [lui
160 2017 345 2089 convertit
364 2022 500 2107 petras
520 2014 562 2082 ia
575 2015 674 2082 rivos
689 2031 893 2103 aquarum,
922 2017 961 2080 et
976 2008 1061 2079 sili·
1110 2009 1293 2083 lsrae‘litici
1308 2035 1349 2081 ex
1365 2006 1545 2104 Aegypto,
1571 2025 1606 2082 ct
1624 2012 1727 2082 datae
1741 2025 1854 2082 terrae
1870 2010 2076 2103 promissae.

119 2141 184 2191 ⁶⁰⁸
198 2123 240 2190 ’.η
254 2114 382 2211 f‘mm
399 2135 599 2210 adustum·
1209 2141 1280 2215 Sed
1296 2141 1396 2234 prior
1409 2130 1573 2212 Psalmus
1595 2156 1646 2213 est
1661 2166 1806 2234 prorsus
1821 2138 1988 2213 historica
2011 2162 2096 2209 nar-

1108 2244 1220 2328 ratio,
1253 2244 1412 2314 hrcviter
1434 2243 1670 2334 complectens
1684 2240 1872 2315 historiam
1897 2240 2098 2313 eductionis

1440 1267 1772 1358 Argumentum.

72 2345 162 2413 Non
181 2336 286 2412 71⁰⁶ss
302 2337 488 2422 DOml'lws
515 2354 590 2405 '⁸⁰7³
604 2329 732 2403 ”⁰⁶3³
758 2327 825 2402 ⁸013
840 2333 980 2403 ”limini
994 2339 1059 2402 ΜΟ
1108 2358 1143 2415 et
1159 2345 1438 2433 miraculorum,
1458 2367 1551 2439 quoe
1575 2359 1658 2417 sunt
1674 2345 1767 2416 edita
1782 2345 1959 2416 divinitus
1973 2343 2012 2413 in
2027 2336 2097 2412 hoc
2145 2419 2147 2423 g
2241 2402 2245 2411 .

120 2441 193 2514 dea
217 2442 401 2537 gloriam,
428 2444 582 2529 propter
613 2430 913 2506 misericordiam
935 2441 1059 2520 roam,
1108 2447 1263 2538 populo,
1288 2447 1334 2515 ah
1358 2467 1500 2534 egressu
1525 2470 1567 2515 ex
1584 2444 1765 2542 Aegypto,
1790 2449 1908 2540 quoad
1933 2443 2097 2514 introdu-

119 2553 160 2615 et
175 2544 378 2615 veritatem
396 2548 515 2610 luam·
1108 2548 1156 2618 eti
1179 2561 1261 2619 sunt
1285 2547 1323 2614 in
1346 2561 1477 2619 terram
1501 2544 1664 2628 Canaan,
1690 2549 1821 2643 quibus
1835 2545 1932 2618 Deus
1950 2558 2097 2616 testatos

72 2651 199 2733 Dum
217 2642 517 2738 dicenifflmi?
536 2635 604 2710 Ubi
619 2659 718 2709 ”⁰²²⁶
729 2634 1059 2709 ffifflfflwrmlt?
1107 2662 1177 2734 est,
1202 2672 1238 2719 se
1255 2649 1398 2737 elegisse
1416 2643 1512 2719 barne
1526 2649 1719 2740 populum,
1746 2662 1781 2720 et
1795 2648 1834 2718 in
1850 2672 1891 2718 eo
1911 2644 2097 2739 proposuit
2133 2704 2144 2717 .

72 2747 147 2822 §ed
163 2749 409 2818 Deusaos'ter
425 2741 580 2812 incaelo
596 2734 1031 2833 quioqutdootottfeott.
1107 2750 1307 2820 testimonia
1337 2749 1557 2840 praesentiae
1586 2773 1690 2835 suae,
1724 2752 1821 2822 iuxta
1846 2748 2098 2841 promissiones

71 2850 289 2924 simulacra
311 2848 464 2917 illorum
489 2851 693 2937 argenium
708 2848 747 2912 ei
763 2863 916 2931 aurum,
945 2864 1058 2934 opera
1107 2852 1206 2923 datas
1231 2849 1415 2935 Patribus,
1447 2850 1544 2944 quod
1566 2865 1656 2923 esset
1677 2852 1836 2943 ipsorum
1857 2849 1972 2931 Deus,
1999 2849 2097 2942 qnod

118 2971 302 3024 manuum
318 2945 520 3020 homimem.
973 3004 976 3009 -
1108 2966 1197 3024 esset
1223 2965 1426 3022 servatums
1450 2953 1644 3043 promissa,
1668 2950 1891 3025 exhibiturus
1909 2948 2097 3021 Christum

72 3059 117 3127 ua
132 3051 292 3125 lrabeat:
321 3046 393 3120 sed
421 3069 496 3118 noa
515 3047 739 3139 loquantur,
763 3045 885 3116 oeulos
905 3041 1057 3135 tabens,
1107 3066 1187 3141 eto,
1201 3051 1366 3124 videlicet
1383 3066 1425 3123 ut
1439 3053 1507 3145 ipsi
1522 3055 1696 3125 admoniti
1711 3052 1768 3124 his
1782 3053 1962 3143 exemplis,
1981 3051 2096 3121 disce-

120 3165 162 3229 et
176 3177 250 3226 aon
263 3151 404 3225 videat.
1107 3168 1189 3226 rent
1205 3155 1329 3224 timere
1341 3151 1476 3239 Deum,
1502 3168 1535 3225 et
1550 3157 1693 3226 medere
1707 3154 1799 3240 Deo,
1824 3168 1860 3224 et
1875 3167 1916 3224 ut
1931 3176 1994 3243 per
2010 3147 2097 3221 hacc

72 3262 191 3333 dures
204 3252 362 3327 habenta
387 3247 457 3322 sed
472 3271 546 3321 non
562 3244 739 3322 audiunt.
1107 3256 1275 3326 miracula
1289 3255 1393 3325 etiam
1403 3271 1523 3345 gentes
1533 3257 1769 3329 excitarentur
1779 3257 1825 3327 ad
1835 3254 2097 3345 agnoscendum

72 3365 198 3434 Nares
212 3355 378 3429 solent:
403 3350 473 3425 ted
487 3373 563 3422 tlon
579 3351 799 3423 odorantur·
1107 3371 1143 3428 et
1166 3354 1437 3448 glorificandum
1460 3352 1558 3429 hunc
1580 3357 1707 3434 Deum.
1757 3360 1843 3427 Ideo
1875 3379 1977 3449 saepe
2008 3354 2097 3425 sori-

72 3467 209 3535 Manus
225 3458 381 3539 dullen&
407 3451 479 3527 8θᾶ
494 3476 568 3524 '³⁰⁷⁸
580 3452 756 3544 palpant·
857 3466 861 3474 ‘
1106 3471 1212 3550 ptura
1229 3459 1360 3549 repetit
1375 3472 1409 3529 et
1424 3458 1578 3531 inculcat
1595 3455 1682 3530 haec
1703 3458 1893 3543 miracula,
1918 3470 1959 3528 ut
1982 3478 2096 3547 popu·

72 3564 192 3640 Pedes
206 3559 364 3632 haheat:
389 3555 549 3630 sednon
569 3552 774 3626 ambulant.
1107 3560 1182 3629 lum
1211 3561 1401 3630 admoneat
1432 3561 1476 3629 de
1498 3562 1626 3631 timore
1648 3575 1683 3632 et
1707 3561 1840 3631 deiide
1863 3582 1944 3649 erga
1966 3555 2097 3628 Deum.

72 3672 154 3741 Noa
168 3661 409 3736 meditantur
427 3663 470 3731 in
485 3664 640 3755 gutture
653 3679 731 3729 seso.
1107 3657 1156 3730 Et
1173 3662 1213 3730 iu
1229 3661 1306 3753 ipso
1332 3661 1500 3752 decalogo
1522 3660 1564 3731 fic
1579 3663 1712 3734 mentio
1728 3657 1898 3732 historiae
1912 3659 2096 3731 liberatio·

72 3769 226 3847 similes
245 3765 394 3837 illoram
415 3769 521 3846 sunt,
559 3763 623 3851 qui
639 3753 798 3853 faciunt
819 3776 886 3844 ea,
912 3762 952 3826 el
976 3756 1058 3847 qad-
1106 3762 1164 3831 nis
1195 3762 1335 3853 populi:
1368 3758 1447 3852 Ego
1477 3786 1556 3833 sum
1584 3761 1763 3835 Dominus
1795 3759 1892 3833 Deus
1920 3775 2003 3832 tuus
2033 3759 2097 3853 qui

119 3888 265 3962 cunque
282 3861 476 3962 confidunt
489 3861 581 3932 illis.
634 3934 636 3938 ,
1107 3863 1211 3935 eduxi
1226 3876 1261 3934 te
1276 3865 1320 3932 de
1334 3874 1426 3933 terra
1444 3858 1597 3958 Aegypti
1611 3880 1676 3938 etc.
1710 3863 1837 3936 Voluit
1852 3864 1947 3936 enim
1964 3862 2003 3930 in
2027 3855 2096 3931 hoc

72 3972 192 4049 lsi-aiil
202 3964 355 4065 confidit
369 3969 410 4036 in
417 3966 592 4052 Domino,
609 3958 767 4033 adiutor
781 3981 908 4032 eorum
921 3966 961 4030 et
970 3979 1057 4049 pro-
1106 3988 1230 4055 opere‚
1253 3977 1294 4035 ut
1308 3964 1399 4050 dixi,
1426 3965 1582 4058 conspici
1596 3964 1710 4047 Deus,
1737 3980 1772 4038 et
1796 3979 1913 4037 extare
1937 3962 2096 4035 testimo·

117 4082 243 4148 sertor
260 4090 392 4142 eorum
411 4070 492 4160 ipse
506 4072 575 4136 est.
1106 4066 1207 4137 nium
1226 4088 1310 4136 suae
1327 4067 1553 4158 praesentiae.

72 4183 214 4264 ⁰⁰m²⁴⁸
227 4174 356 4244 “m''
373 4164 530 4265 ⁰⁰”fi‘m
557 4167 731 4254 mmi'w’
750 4160 902 4234 “dmm
920 4167 1057 4252 ‘tm‘
1206 4197 1304 4270 Haec
1325 4211 1377 4269 est
1399 4224 1534 4272 summa
1566 4196 1696 4290 prioris
1718 4195 1870 4281 Psalmi,
1906 4196 1967 4290 qui
1999 4191 2093 4265 nihil

118 4287 238 4350 mm
254 4295 384 4346 emm
400 4275 481 4394 iim
495 4279 568 4340 Μ’
887 4368 896 4385 ,
1071 4338 1074 4345 ·
1106 4303 1202 4372 aliud
1219 4313 1289 4386 est,
1315 4322 1420 4394 quam
1436 4301 1643 4373 brevissima
1659 4298 1822 4390 repetitio
1837 4299 2033 4368 admonens
2046 4299 2091 4367 de

72 4386 141 4471 poa
160 4384 297 4452 timent
311 4376 535 4456 Dominum,
571 4363 764 4466 confidunt
781 4368 964 4453 Domino,
988 4359 1056 4434 ad·
1105 4399 1264 4474 biam·

115 4490 221 4557 iactos·
233 4487 270 4552 et
283 4484 476 4569 protestor
489 4494 619 4545 eorum
632 4478 702 4542 est.

1206 4532 1315 4606 Hunc
1338 4546 1419 4627 apte
1443 4533 1604 4626 sequitur
1624 4533 1716 4603 alter
1736 4531 1918 4618 Psalmus‚
1953 4547 2092 4605 etcum

1016 4691 1024 4707 .
1105 4632 1174 4709 hoc
1195 4631 1377 4720 cohaeret,
1411 4635 1511 4728 quasi
1531 4635 1809 4707 accommodatio
1833 4635 2015 4727 applicans
2035 4631 2094 4705 hi·

72 4713 258 4784 ”mim
271 4725 414 4778 mmm
434 4709 492 4773 Μ
507 4698 648 4784 'mm’
663 4701 713 4834 ,et
729 4688 917 4832 befedim
938 4685 1055 4825 'Q'
1106 4738 1253 4811 storiam
1273 4740 1318 4808 ad
1342 4758 1466 4808 usum:
1505 4737 1610 4808 docet
1632 4737 1677 4805 de
1700 4759 1783 4807 vera
1807 4736 1988 4827 agnitione
2011 4734 2092 4821 Del,
2182 4773 2185 4779 ·

72 4823 312 4902 Βθηθᾶῑΰθηδ
335 4818 523 4894 benedicit
546 4815 671 4890 ‘imi‘
686 4817 746 4885 1⁸?
745 4812 825 4900 ‘¹0¹’
852 4818 887 4882 ⁰¹
904 4803 1057 4880 bened*
1106 4841 1200 4911 etde
1216 4839 1308 4909 veris
1325 4839 1499 4921 cultibus,
1526 4839 1621 4930 quod
1645 4832 1707 4908 hic
1727 4838 1774 4908 sit
1790 4862 1872 4909 vere
1887 4834 2004 4921 Dens,
2029 4837 2093 4932 qui

124 4934 179 5001 ὓῑΐ
193 4925 321 4998 ‘imm'
337 4928 481 4997 Amn-
1106 4942 1245 5012 dederit
1268 4942 1435 5026 verbum,
1460 4953 1493 5009 et
1515 4939 1554 5035 in
1576 4936 1634 5008 his
1653 4939 1821 5031 exemplis
1843 4962 1917 5010 sese
1941 4939 2094 5011 voluerit

72 5045 268 5121 Benedicit
285 5041 504 5116 timentibus
520 5040 728 5109 Domimm
741 5031 891 5126 will&
912 5038 952 5100 05
974 5050 1057 5100 ma·
1105 5042 1267 5135 agnosci,
1293 5042 1390 5136 quod
1415 5065 1489 5111 non
1510 5040 1557 5110 sit
1576 5040 1734 5122 ociosus,
1761 5041 1820 5111 sed
1844 5065 1926 5111 vere
1941 5055 2094 5134 praestet

114 5153 215 5249 prsis.
808 5168 813 5176 ’
1106 5145 1298 5239 promissa,
1331 5145 1428 5238 quod
1456 5142 1620 5233 respiciat
1647 5156 1682 5213 et
1714 5142 1877 5214 exaudiat
1906 5158 1941 5215 et
1967 5144 2094 5213 liberet

72 5266 284 5345 doeumuiet
307 5244 493 5336 Dominus
518 5278 732 5351 supervos,
768 5261 806 5326 et
825 5259 937 5344 super
957 5245 1057 5347 filios
1105 5248 1201 5340 pios,
1227 5260 1262 5318 et
1284 5259 1428 5317 econtra
1453 5244 1580 5337 puniat
1595 5244 1744 5338 impios,
1768 5244 1920 5339 ideoque
1941 5268 2021 5314 eum
2046 5241 2093 5314 si.

117 5378 275 5446 vestros.
1105 5351 1299 5436 mendum,
1325 5363 1359 5421 et
1376 5346 1447 5440 ipsi
1464 5347 1682 5419 credendum
1699 5370 1793 5435 esse,
1819 5360 1854 5418 et
1868 5342 1935 5416 hac
1949 5346 2017 5416 lide
2034 5344 2092 5417 in-
