4538 5754
98 247 211 322 asts
356 246 364 253 '
527 243 531 250 ’
710 244 773 316 ΙΧ.
823 237 1187 318 COMMENTARII
1219 237 1270 312 ΙΝ
1301 237 1544 316 PSALMOS.
2047 247 2145 322 1s74

97 415 270 489 Sciamus
285 416 390 485 etiam
407 411 494 486 haec
506 415 675 484 beneficia
690 438 764 484 essc
780 416 943 503 gratuita,
968 428 1002 485 et
1019 413 1095 482 dari
1149 437 1169 481 a
1187 411 1344 502 potentia
1366 412 1501 482 diaboli
1525 423 1560 480 ct
1588 414 1733 495 mundi,
1759 415 1847 486 etin
1865 438 1908 486 eo
1923 416 2022 488 dedit
2038 419 2139 489 testi-

97 518 213 587 nobis
228 518 592 616 permisericordiam,
606 513 1097 616 iuxtapromissionesllvan-
1151 515 1332 592 monium,
1357 516 1456 606 quod
1471 513 1635 603 respiciat
1651 539 1736 601 nos,
1762 520 1858 610 quod
1880 519 1966 588 velit
1990 543 2055 588 nos
2077 544 2139 588 ex-

97 620 210 711 getii,
236 632 269 687 et
284 616 398 688 Deum
415 621 464 688 sic
478 621 738 706 agnoscendum
755 633 789 687 et
805 618 994 686 colendum
1011 639 1098 699 esse,
1149 616 1273 683 audire
1290 628 1324 683 et
1340 616 1487 686 salvare.
1539 612 1618 685 Hoc
1635 621 1741 686 modo
1763 619 1962 710 exemplum
1986 622 2137 690 transfe-

97 734 305 792 statuamus
328 721 433 788 rrobis
458 713 554 789 certo
576 720 780 808 contingere
801 713 887 787 haec
904 720 996 787 bona
1012 741 1098 815 pro-
1149 738 1269 783 ramus
1283 717 1328 784 ad
1341 737 1421 799 nos,
1438 719 1483 786 ad
1500 716 1778 788 confirmandam
1796 720 1919 802 fidem,
1936 724 2030 813 quod
2040 718 2137 792 Deus

97 837 187 913 pter
212 817 416 906 Christum,
441 844 506 911 nos
534 819 644 908 recipi
669 820 708 887 in
733 819 901 907 gratiam,
936 817 1096 887 exaudiri
1149 815 1195 886 sit
1218 829 1420 888 servaturus
1439 840 1480 887 ac
1508 818 1718 890 defensurus
1736 815 1949 908 Ecclesiam,
1982 818 2050 893 boc
2075 837 2138 909 est,

97 939 139 995 et
165 923 318 1007 saivari,
349 945 389 990 ac
410 946 477 1020 pro
499 917 555 990 his
588 943 731 1007 agamus
751 921 898 1010 gratias,
927 922 1098 988 addamus
1148 918 1344 992 credentes.

97 1026 216 1096 eliam
230 1023 512 1105 invottlitmeffl.
537 1044 723 1112 precemur
746 1035 787 1091 1¹1
801 1018 898 1090 ⁰²⁰³
914 1022 1098 1110 gubernet,
1251 1035 1306 1105 Ac
1325 1034 1487 1106 Psalmus
1503 1036 1567 1107 etsi
1583 1037 1789 1109 brevissime
1799 1036 1982 1113 historiam
1999 1041 2138 1132 recitat,

97 1127 254 1196 adiuvet
270 1140 304 1194 el
320 1137 502 1194 conservet
519 1119 731 1202 Ecclesiam,
758 1125 817 1191 del
841 1123 947 1192 ellam
970 1146 1098 1218 corpo·
1153 1148 1188 1206 et
1210 1138 1339 1227 repetit
1361 1137 1532 1207 miracula
1557 1140 1650 1209 edita
1677 1141 1715 1210 in
1742 1137 1810 1211 hoc
1833 1144 2138 1234 popu10‚·tamen

97 1228 198 1301 ralia
214 1222 383 1296 beneficia
402 1224 594 1294 necessaria
610 1225 654 1292 ad
677 1225 955 1293 conservandam
972 1220 1098 1292 Eccle-
1152 1233 1638 1310 nominarimrecensethaec
1658 1243 1826 1312 beneficia
1843 1258 2011 1339 tanquam
2032 1268 2137 1338 prae.
2215 1244 2219 1250 ’

97 1330 196 1399 §lam
228 1328 267 1395 in
296 1329 453 1406 mundo,
489 1324 782 1415 tranquillitatem
812 1325 947 1416 publici
978 1338 1100 1412 status,
1150 1339 1273 1430 cipua,
1299 1342 1393 1434 quod
1418 1336 1513 1408 Deus
1537 1341 1637 1412 dedit
1657 1345 1707 1412 eis
1733 1344 1988 1431 sacerdotium,
2013 1360 2047 1416 et
2071 1370 2138 1438 gu.

98 1430 263 1508 victum,
289 1428 533 1497 defensionem
550 1441 614 1499 etc.
1154 1441 1314 1512 bernarit
1336 1463 1395 1511 eos
1421 1441 1549 1527 verbo,
1577 1456 1617 1512 ut
1640 1445 1828 1518 existerent
1853 1449 1948 1537 apud
1971 1471 2031 1518 cos
2053 1470 2136 1519 vera

283 1626 290 1646 ι
482 1625 489 1645 ⁶
1151 1543 1286 1636 agnitio
1301 1555 1335 1612 et
1351 1543 1427 1611 veri
1449 1541 1565 1613 cultus
1580 1541 1660 1620 Dei.
1692 1543 1780 1616 Item
1803 1549 2026 1642 quodetiam
2051 1572 2139 1620 con-

156 1625 213 1700 In
227 1639 328 1700 exitu
345 1624 526 1710 Israelis,
553 1636 615 1700 61⁶·
904 1710 911 1731 ,
1150 1643 1305 1714 stituerit
1328 1642 1493 1736 politiam
1513 1645 1656 1735 populi,
1680 1648 1817 1719 dederit
1832 1649 1938 1719 duces
1958 1666 1990 1721 et
2006 1652 2138 1741 guber-

301 1741 305 1748 ’
932 1742 935 1746 ’
1151 1758 1311 1830 natores,
1346 1768 1409 1833 per
1428 1767 1516 1838 quos
1538 1769 1618 1815 eum
1644 1748 1804 1820 defendit
1826 1763 1861 1821 et
1883 1752 2066 1839 liberavit,
2098 1765 2139 1822 ut

1153 1859 1329 1917 constaret
1347 1841 1444 1915 hunc
1460 1848 1633 1937 populum
1649 1850 1822 1921 divinitus
1840 1853 1926 1942 regi.

1254 1961 1353 2032 Haec
1371 1962 1615 2051 significantur
1632 1966 1670 2035 in
1693 1961 1750 2036 his
1773 1970 1908 2038 verbis:
1935 1963 2061 2040 Facta
2085 1979 2138 2043 est

1153 2058 1303 2134 Iudaea
1317 2059 1564 2156 sanctificatio
1587 2063 1681 2152 cius,
1702 2062 1835 2143 Israe‘l
1852 2078 2016 2167 potestas
2047 2070 2137 2147 eius.

1151 2165 1242 2235 Nam
1264 2166 1492 2236 sanctificatio
1516 2167 1689 2256 significat
1713 2167 1976 2259 Sacerdotium,
2003 2174 2041 2242 in
2064 2199 2137 2265 quo

213 1799 296 1870 Dixi
313 1801 489 1892 principio
504 1800 613 1891 repeti
631 1793 815 1869 historiam
831 1798 928 1868 illius
943 1798 1098 1888 singula·

101 1906 158 1976 ris
174 1903 294 1995 operis
314 1903 376 1972 [lei
403 1903 440 1970 in
462 1904 596 2000 populo
619 1900 835 1984 lsraiifitico,
860 1927 931 1993 quo
955 1914 1100 1971 testatus

101 2019 159 2076 est
184 2029 223 2074 se
247 2004 393 2092 elegisse
417 1998 513 2072 bunc
527 2002 723 2101 populum,
749 2016 782 2072 et
800 2026 881 2071 eum
897 2003 1099 2091 ingentibus

102 2104 292 2178 miraculis
307 2105 467 2174 defendit
482 2117 516 2174 et
531 2104 703 2188 servavit,
729 2104 823 2174 utin
839 2127 881 2172 eo
897 2115 1030 2173 extaret
1046 2115 1100 2171 te-

100 2206 338 2291 stimonium,
369 2207 466 2299 quod
491 2200 550 2274 hic
573 2218 661 2274 esset
677 2213 758 2274 vere
774 2204 890 2284 Deus,
917 2206 979 2297 qui
1003 2200 1099 2274 bunc

100 2309 286 2481 {omnum
314 2307 481 2396 elegerat,
513 2331 554 2374 ,c
581 2306 726 2376 dedet„
757 2306 1027 2396 promissiones,
1059 2318 1100 2375 u,
1150 2268 1369 2358 propositum
1387 2269 1618 2338 eratverbum
1634 2284 1668 2340 et
1684 2270 2138 2361 promissionesdataehuie

131 2436 156 2481 o

159 2409 277 2479 min„
306 2409 480 2478 admoniti
512 2401 568 2476 hg,
599 2409 765 2498 operibus
794 2405 1029 2477 excitaremur
1054 2406 1097 2476 ad
1151 2370 1284 2462 populo
1299 2371 1342 2438 de
1359 2361 1522 2449 Christo,
1548 2371 1680 2463 quibus
1692 2368 1789 2443 Deus
1809 2378 1845 2445 se
1867 2375 1942 2444 illis
1963 2377 2137 2468 patefecit,

1150 2483 1191 2540 ut
1206 2483 1467 2571 agnosceretur,
1484 2484 1518 2541 et
1534 2473 1674 2544 addidit
1687 2473 1775 2544 ritus
1788 2498 1848 2547 scu
1866 2477 1992 2564 cultus,
2006 2479 2138 2571 quibus

1150 2571 1344 2662 segregavit
1365 2566 1462 2642 hunc
1486 2574 1657 2663 populum
1683 2577 1726 2645 ab
1748 2576 1827 2645 aliis
1847 2580 2031 2670 gentibus,
2057 2593 2137 2650 tan·

1150 2698 1256 2766 quam
1287 2672 1403 2757 notis,
1435 2673 1566 2766 quibus
1593 2669 1843 2765 agnosceretur
1872 2681 2027 2773 populus
2055 2677 2136 2762 Dei,

1149 2775 1233 2867 quia
1247 2773 1408 2866 oportuit
1424 2795 1498 2843 esse
1520 2775 1675 2869 aliquem
1701 2779 1892 2868 populum,
1919 2783 1957 2850 in
1981 2806 2053 2876 quo
2077 2806 2137 2852 ex·

1148 2888 1265 2946 tarent
1278 2875 1551 2967 promissiones,
1576 2890 1611 2949 ct
1623 2878 1688 2950 ubi
1706 2879 1857 2951 sciretur
1868 2877 2052 2955 Christum
2070 2907 2136 2955 na·

1148 2978 1321 3049 sciturum
1335 2999 1417 3046 esse.
1797 2993 1798 2996 ’

103 2511 372 2603 agnoscendum
389 2509 523 2589 Deum,
551 2510 642 2577 etad
659 2509 822 2578 timorem
846 2531 886 2576 ac
909 2510 1033 2592 fidem,
1059 2521 1099 2578 ut

103 2615 243 2684 scirent
258 2608 372 2680 Deum
390 2611 496 2680 irasci
510 2610 647 2700 impiis,
665 2624 698 2681 et
713 2631 771 2678 eus
786 2609 996 2699 puniturum
1014 2632 1099 2694 esse,

105 2728 143 2785 et
165 2725 310 2783 econtra
334 2724 375 2780 ut
395 2714 579 2781 crederent
600 2710 677 2799 pios
700 2710 847 2802 respici,
878 2711 1040 2781 exaudiri
1064 2724 1099 2781 et

103 2813 274 2887 adiuvari
290 2833 311 2884 a
326 2814 406 2882 Deo
423 2813 519 2883 iuxta
535 2810 800 2903 promissiones.

212 2929 307 3003 Sunt
322 2942 440 3000 autern
455 2924 494 2996 hi
512 2951 634 2998 versus
651 2929 750 3019 plani
765 2943 799 3000 et
815 2927 1010 3023 perspicui,
1032 2951 1098 2998 nec

103 3030 245 3107 babent
285 3054 390 3124 opus,
407 3030 602 3127 prolixiore
637 3030 939 3122 interpretatione.
998 3027 1098 3098 Tan-

104 3152 187 3209 tum
205 3134 374 3205 recitatur
387 3127 536 3202 historia
562 3130 661 3200 illius
683 3133 819 3222 operis,
847 3157 937 3225 quae
964 3144 1097 3219 estno-
1251 3114 1391 3185 Deinde
1417 3116 1525 3187 tilam
1554 3117 1679 3208 politia
1708 3119 1901 3191 constituta
1925 3134 1978 3192 est
2001 3119 2041 3190 in
2067 3117 2136 3192 hoc

104 3251 143 3310 ta
170 3235 429 3333 exscriptum,
462 3235 507 3302 de
531 3234 750 3331 profectione
766 3234 893 3333 populi
916 3257 957 3303 ex
979 3231 1097 3326 Aegy·
1148 3218 1281 3309 P⁰P¹¹¹⁰
1307 3218 1500 3304 dlvlsslluss
1526 3232 1561 3289 θῑ
1578 3221 1652 3290 (¹2¹5
1677 3221 1875 3313 Principes.
1901 3223 1963 3316 (1ῦὶ
1986 3245 2046 3293 0⁰⁸
2068 3245 2136 3312 gu·

104 3352 173 3438 pto
197 3337 236 3407 in
259 3349 389 3406 terram
415 3336 646 3425 promissam,
672 3337 770 3404 etde
791 3335 989 3425 miraculis,
1016 3334 1098 3426 qui.
1149 3322 1339 3389 bernarent
1354 3320 1451 3390 iuxta
1467 3322 1616 3390 verbum
1632 3345 1704 3415 quo
1714 3319 1811 3392 Deus
1822 3324 1936 3395 voluit
1950 3325 2022 3414 regi
2038 3319 2136 3394 hunc

105 3436 280 3511 busDeus
296 3433 393 3507 hrtnc
411 3437 582 3527 populum
593 3436 753 3507 defendit
769 3451 803 3506 et
818 3437 992 3509 liberavit.
1013 3432 1098 3506 Est·
1149 3422 1333 3513 P⁰P¹¹¹¹¹¹¹¹0
1392 3418 1477 3526 ldep
1509 3423 1670 3493 additur:
1704 3419 1837 3521 [troil
1858 3433 2021 3521 potestas
2044 3423 2135 3517 eiuS,

106 3565 181 3636 que
203 3535 289 3608 baec
312 3561 467 3608 summa:
493 3534 590 3605 Deus
612 3537 717 3625 clegit
739 3532 835 3607 hunc
857 3537 1030 3634 populum
1047 3535 1096 3606 ls-
1147 3546 1210 3593 ⁸0¹¹
1228 3521 1441 3606 dominatio,
1457 3523 1579 3613 Politia
1598 3549 1658 3595 seu
1675 3548 1823 3615 regnum
1841 3540 1906 3601 etc.

104 3641 333 3726 ra'dliticum,
357 3651 393 3709 et
407 3639 619 3708 mirabiliter
632 3639 790 3710 defendit
807 3664 846 3708 ac
863 3638 1015 3708 servavit
1032 3640 1096 3707 ad·
1248 3654 1346 3727 fla„
1368 3658 1451 3727 ,Μὴ
1471 3659 1518 3730 ,ig
1540 3659 1696 3728 brevit„
1720 3660 1947 3730 ,dmonuim
1961 3663 2005 3731 d,
2020 3655 2134 3733 him,

105 3765 234 3815 versus
248 3735 366 3813 hostes
381 3740 486 3810 editis
502 3739 702 3817 illustribus
717 3765 756 3810 ac
768 3741 973 3831 ingentibus
987 3740 1096 3809 mira·
1149 3759 1224 3828 ri„
1250 3755 1344 3828 „phgr
1365 3759 1461 3826 ,nim
1488 3754 1593 3830 hab„
1608 3760 1851 3848 0b,cu,3„,;„
1875 3775 1993 3833 ,amm
2007 3760 2136 3835 mgmi,

105 3845 221 3929 culis,
253 3867 333 3912 ⁰⁰¹⁰
360 3842 564 3911 “1⁰¹1“ss
593 3865 659 3932 Ρθῑ
687 3866 784 3911 “¹³¹⁸
808 3844 977 3946 rubrum,
1012 3840 1097 3911 ilem
1148 3860 1306 3931 nerimus
1319 3860 1519 3948 exemplum
1547 3866 1888 3934 accommodandum
1913 3887 1986 3933 esse
2003 3867 2047 3933 ad
2063 3861 2134 3935 Ec·

104 3945 305 4021 transvexit
320 3968 383 4036 per
400 3943 604 4014 Iordanem.
655 3941 752 4014 Haec
768 3944 914 4015 totidem
929 3945 1002 4014 fere
1018 3966 1097 4013 ver·
1147 3962 1303 4033 elegiam,
1355 3957 1568 4033 sifflgngu,
1584 3963 1686 4033 mum
1704 3967 1876 4056 populum
1895 3966 1999 4055 ,legg
2020 3979 2054 4035 ,2
2070 3969 2134 4035 g„

95 4051 167 4133 iffi!
187 4043 247 4118 ¹¹3⁰
263 4047 443 4116 di⁶¹¹¹¹l¹¹r=
1147 4064 1280 4147 fendis,
1304 4062 1362 4132 cui
1382 4062 1480 4133 dedit
1494 4067 1641 4134 verbum
1660 4079 1740 4140 etc:
1766 4067 1816 4136 ita
1837 4064 1996 4135 sciamus‘
2012 4067 2133 4135 omni-

213 4163 285 4237 Sed
299 4158 447 4235 historia
465 4176 612 4253 propter
628 4163 827 4252 exemplum
843 4160 1021 4253 proposita
1046 4173 1098 4233 est
1148 4167 1214 4236 bus
1229 4164 1448 4255 temporibus
1462 4186 1535 4233 esse
1554 4166 1593 4234 in
1616 4169 1751 4236 mundo
1767 4168 1922 4255 aliquam
1935 4163 2131 4237 Ecclesiam

104 4280 150 4342 ut
177 4266 455 4338 admouerentur
486 4264 555 4351 pii,
589 4268 686 4358 quod
711 4264 826 4349 Deus,
861 4263 923 4356 qui
947 4263 1096 4355 elegerat
1147 4266 1311 4345 electam,
1345 4287 1436 4357 quac
1466 4267 1685 4354 gubernatur
1706 4268 1898 4360 divinitus,
1933 4269 2132 4361 etquidem

104 4367 301 4468 populum,
336 4379 372 4437 et
392 4365 611 4435 mirabiliter
624 4367 849 4448 defenderat,
880 4378 968 4435 esset
990 4365 1096 4436 etiam
1147 4368 1186 4436 in
1205 4391 1244 4437 ea
1257 4379 1374 4436 extare
1391 4361 1482 4435 hanc
1496 4381 1638 4450 notam,
1665 4371 1760 4460 quod
1783 4364 1889 4440 habet
1905 4369 2054 4438 verbum
2076 4370 2134 4440 di-

104 4472 321 4544 defensurus
335 4467 447 4559 ipsos,
472 4467 602 4560 quibus
616 4468 770 4540 dedisset
786 4467 933 4536 verbum
956 4479 991 4536 et
1014 4490 1097 4557 pro·
1148 4469 1283 4540 vinitus
1296 4465 1511 4552 revelatum,
1535 4469 1699 4539 videlicet
1715 4465 1950 4560 Evangelium
1967 4471 2011 4540 de
2022 4467 2132 4542 Chri·

104 4572 307 4645 missiones.
364 4567 456 4638 Nam
484 4568 683 4659 exemplum
715 4592 789 4639 non
820 4580 958 4638 tantum
988 4567 1098 4638 unius
1148 4584 1222 4654 sto,
1252 4570 1292 4639 in
1312 4592 1384 4662 quo
1406 4569 1500 4639 lueet
1523 4583 1559 4640 et
1582 4558 1863 4660 apprehenditur
1893 4596 1975 4643 vera
1999 4573 2132 4643 noticia

106 4672 285 4765 temporis
313 4685 380 4741 est:
407 4673 467 4739 scd
490 4668 587 4738 Deus
614 4670 727 4741 voluit
755 4670 845 4739 illud
875 4691 948 4738 ease
972 4693 1098 4760 perpe-
1147 4668 1236 4755 Dei,
1262 4695 1302 4741 ac
1320 4682 1543 4760 praestantur
1560 4672 1634 4740 veri
1651 4672 1786 4755 cultus,
1809 4675 1928 4757 timor,
1953 4674 2049 4760 fides,
2073 4675 2133 4744 in·

104 4791 231 4854 tuum,
258 4787 293 4845 et
317 4786 434 4842 extare
455 4773 622 4841 omnibus
644 4772 885 4862 temporibus,
908 4783 948 4838 ut
971 4772 1096 4840 admo·
1147 4773 1285 4844 vocatio
1306 4785 1342 4842 et
1365 4771 1494 4841 caeteri
1518 4787 1635 4843 motus
1657 4773 1868 4864 spirituales.
1918 4773 2022 4846 Hanc
2043 4777 2133 4847 scia-

104 4889 193 4949 neat
218 4877 296 4968 pios
321 4877 366 4943 de
386 4873 569 4943 voluntate
582 4872 665 4943 Dei.
718 4872 838 4961 Quare
860 4873 966 4941 etiam
990 4872 1096 4941 nobis
1147 4898 1226 4943 mus
1240 4871 1384 4944 defendi
1405 4885 1440 4943 et
1463 4874 1667 4945 conservari
1689 4876 1810 4946 divina
1827 4878 1983 4969 potentia
2008 4891 2131 4950 contra

104 4979 325 5074 proponitur
346 4989 380 5045 et
403 4976 569 5044 admonet
592 4974 672 5064 pios
692 4987 733 5045 ut
753 4973 885 5058 sciant,
917 4972 1009 5042 sicut
1034 4974 1096 5043 ille
1146 4976 1327 5047 saevitiam
1350 4974 1477 5044 mundi
1502 4989 1537 5046 et
1558 4976 1712 5058 diaboli,
1745 4993 1779 5049 et
1802 4973 1868 5048 hae
1891 4980 2133 5050 consolatione

103 5078 265 5175 populus
281 5091 333 5148 est
348 5075 522 5146 divinitus
537 5076 664 5146 efectus
678 5090 713 5147 et
728 5077 908 5146 defensus:
923 5070 1095 5144 itaDeum
1146 5101 1212 5149 nos
1230 5089 1481 5161 sustentemus,
1508 5100 1588 5146 cum
1606 5078 1768 5148 videmus
1784 5104 1860 5150 eam
1877 5081 1914 5150 in
1927 5083 2063 5152 mundo
2079 5084 2133 5152 af-

104 5181 255 5272 elegisse
277 5195 311 5251 et
334 5180 561 5247 defensurum
585 5200 658 5246 esse
673 5173 888 5256 Ecclesiam,
913 5173 972 5244 cui
995 5177 1096 5247 dedit
1144 5179 1241 5271 fligi,
1269 5194 1304 5249 et
1326 5178 1584 5269 propemodum
1608 5180 1781 5272 opprimi,
1814 5195 1850 5252 et
1873 5183 2024 5252 exerceri
2053 5181 2132 5274 pios

103 5286 277 5366 verbum,
315 5280 485 5350 revelavit
514 5276 748 5367 Evangelium
781 5283 826 5349 de
852 5274 1017 5364 Christo,
1057 5292 1092 5350 ct
1145 5278 1640 5371 omnigenerecalamitatum
1657 5293 1744 5363 etc,
1771 5276 2132 5377 quodDeusmirabi-
2225 5360 2238 5371 ,

105 5386 188 5458 eius
212 5381 391 5456 benefieiis
436 5380 713 5451 deliberatione
735 5404 754 5450 a
779 5393 943 5472 peccato,
968 5393 1094 5467 morte,
1142 5381 1228 5454 liter
1240 5383 1457 5455 liberaturus
1475 5381 1523 5453 sit
1544 5382 1640 5476 pios,
1666 5396 1701 5456 et
1716 5397 1989 5457 conservaturus
2000 5382 2133 5476 aeglo-
