4538 5754
96 258 110 334 ι
251 193 253 196 ’
464 214 468 219 ’
698 253 729 333 ι.
779 249 1049 366 contueor,
1084 250 1136 325 m
1167 206 1395 328 uenusto.
1988 249 2063 327 ιιι

96 433 140 503 d:
167 428 255 501 Tibi
279 429 348 500 soli
370 428 531 523 peccavi,
557 441 593 500 et
612 426 747 499 malum
762 450 881 499 coram
896 441 931 498 te
944 424 1023 512 leci,
1071 438 1245 497 venturus
1264 423 1309 494 sit
1323 435 1409 512 eto,
1441 421 1528 516 qnid
1545 421 1641 516 quod
1656 418 1822 492 universa
1839 416 1930 496 Cain
1947 424 2062 497 estiu-

96 532 296 605 iustibceris
320 531 360 602 iu
380 530 605 604 sermonibus
626 530 717 616 tuis,
742 545 778 603 ιι
797 528 918 600 vincas
940 552 1022 599 cum
1073 541 1128 601 cta
1144 540 1195 599 est
1213 525 1349 597 diluvio
1365 523 1466 596 Noa?

96 635 214 722 icat-is,
233 635 270 706 id
286 647 349 721 est,
366 648 549 727 peceatum
564 656 683 705 meum
699 632 870 704 confiteor
883 629 963 716 tibi,
983 642 1023 700 ut

96 761 151 809 sm
167 737 244 822 fiat,
270 739 366 831 quod
383 749 422 808 tu
437 735 485 808 sis
499 736 632 823 iustus,
656 756 829 825 uorago,
855 747 889 806 et
902 733 1023 803 vincas
1360 701 1487 796 ΝΜ
1512 704 1553 769 ⁰²
1575 689 1778 794 mim&

96 852 168 911 nte
183 838 344 910 iudicant
360 834 578 934 hypocritae.
628 835 751 931 ltaque
766 859 840 907 non
858 834 1024 910 tribuunt
1176 833 1285 924 Quod
1311 835 1356 907 de
1379 847 1541 927 serpente
1564 832 1791 918 dictumest,
1816 833 1998 916 futurum,
2023 845 2064 904 ut

96 941 238 1033 simpli
258 941 409 1030 gloriam
433 941 593 1012 veritatis
613 953 650 1011 et
673 938 844 1011 iusticias.
903 935 1023 1026 Quare
1074 950 1246 1030 perpetuo
1272 958 1407 1027 pronus
1423 936 1664 1026 ingrediatur,
1692 948 1726 1005 et
1742 935 1927 1006 incumbat
1939 949 2063 1019 terrae

107 1041 200 1116 Cain
221 1044 424 1115 dissimulat
444 1046 605 1128 caedem,
630 1053 666 1113 ct
684 1041 723 1110 id
740 1040 885 1135 quidem
904 1062 1022 1111 coram
1075 1040 1169 1111 idem
1199 1035 1257 1110 hic
1278 1039 1381 1109 dicit:
1416 1037 1535 1129 Vagus
1558 1052 1592 1110 et
1612 1037 1741 1130 passim
1766 1036 1907 1126 fugiens
1930 1037 2000 1149 eris
2025 1035 2063 1105 in

96 1169 131 1232 ι,
163 1170 270 1266 quern
297 1160 399 1238 putat
425 1145 502 1214 falli
530 1168 652 1238 posse,
687 1156 794 1238 atque
813 1138 899 1212 haec
923 1141 1024 1211 radix
1075 1156 1168 1215 terra
1185 1155 1249 1212 etc.

107 1248 272 1319 omnium
296 1260 539 1338 peccatorum,
565 1244 696 1341 quod
684 1269 724 1314 m
747 1267 853 1315 carne
874 1243 956 1315 talis
973 1255 1023 1314 est

97 1350 213 1420 oratio
235 1347 321 1436 Dei,
352 1363 395 1421 ut
418 1361 519 1442 putet
539 1344 616 1420 Deo
638 1371 704 1418 nee
726 1348 821 1419 bona
843 1369 908 1417 nec
930 1346 1023 1414 mala

96 1464 159 1522 atra
191 1475 296 1521 curae
318 1474 407 1536 esse,
440 1448 541 1524 Dixit
563 1450 734 1541 iusipiens
757 1448 795 1518 in
819 1449 925 1519 corde
948 1468 1026 1533 suo,
1177 1446 1280 1522 Sicut
1302 1461 1405 1521 antea
1428 1445 1579 1542 gloriam
1603 1447 1764 1520 iusticiae
1785 1470 1860 1517 nou
1885 1446 2066 1518 tribuebat

96 1566 188 1623 aest
210 1549 318 1627 Deus.
387 1548 438 1622 Ει
460 1551 500 1622 in
522 1553 730 1624 universum
752 1551 802 1621 sic
825 1549 864 1619 in
886 1561 1026 1620 tanetus
1076 1548 1154 1623 Deo
1179 1547 1289 1633 Cain,
1321 1552 1369 1622 ita
1400 1576 1465 1622 uec
1493 1552 1602 1622 modo
1628 1551 1777 1642 gloriam
1802 1549 2066 1621 misericordiae

96 1656 141 1748 pii
164 1678 228 1747 per
250 1666 467 1725 contemtum
482 1652 550 1723 Dei
566 1665 791 1745 grassantur,
815 1652 866 1723 sic
882 1666 1027 1744 peccant
1079 1653 1218 1729 tribuit.
1276 1651 1494 1726 Huiusmodi
1517 1668 1602 1726 sunt
1622 1653 1729 1724 corda
1750 1651 1820 1723 lide
1839 1674 1966 1737 vacua,
1999 1651 2065 1722 ilo-

96 1757 302 1830 universum
317 1755 522 1851 quicunque
537 1767 695 1849 peccant.
1080 1768 1180 1827 rente
1210 1779 1314 1828 carne
1344 1755 1462 1828 Deum
1494 1768 1747 1841 contemnunt,
1791 1754 1832 1824 in
1860 1753 2066 1824 adflictione

139 1856 249 1949 lmpii
270 1882 344 1928 non
369 1869 519 1949 possunt
540 1857 643 1930 fateri
660 1869 860 1948 peccatum,
885 1867 947 1926 aut
963 1851 1027 1924 tri·
1080 1860 1280 1951 desperant.
1343 1856 1518 1945 Econtca,
1553 1856 1616 1951 qui
1644 1852 1760 1928 Deum
1790 1869 1942 1941 norunt,
1976 1855 2066 1927 sicut

96 1959 313 2050 eregloriam
327 1959 486 2031 iusticiae
498 1958 595 2045 Deo,
620 1973 656 2032 et
670 1973 790 2030 tamen
805 1957 1028 2030 convincun·
1081 1961 1240 2034 sentiunt
1270 1955 1362 2029 nibil
1388 1983 1462 2032 esse
1485 1953 1697 2031 horribilius
1719 1959 1772 2029 ira
1794 1953 1880 2028 Dei:
1914 1958 1959 2026 ita
1985 1981 2067 2027 rur-

96 2059 259 2142 aneo,
289 2075 324 2132 et
345 2062 628 2134 confunduntur.
685 2058 776 2131 Nam
800 2083 820 2130 a
843 2059 931 2130 laeie
953 2055 1028 2128 Do·
1081 2085 1179 2143 sum,
1214 2062 1299 2156 quia
1321 2058 1617 2147 neumgnorunt,
1647 2060 1807 2133 sentiunt
1827 2060 1967 2132 nullum
1993 2081 2066 2128 esse

96 2163 131 2233 ui
154 2163 256 2233 sileat
277 2164 395 2233 omnis
415 2187 511 2239 caro.
578 2161 634 2234 Pii
655 2163 812 2235 fatentur
837 2175 1030 2254 peccatum,
1081 2178 1281 2258 peccatum,
1312 2189 1383 2258 quo
1406 2165 1550 2238 nonsit
1573 2163 1635 2233 ille
1655 2163 1791 2248 maior,
1816 2161 1879 2256 qui
1899 2174 2000 2231 vocat
2026 2185 2065 2230 ea

97 2289 120 2335 o
140 2289 215 2336 non
230 2267 511 2341 confunduntur.
1082 2289 1173 2360 quae
1194 2289 1269 2336 non
1292 2280 1391 2351 sunt,
1422 2280 1461 2337 ιιι
1483 2266 1573 2346 sint,
1605 2262 1714 2338 Rom.
1738 2278 1885 2361 quarto,
1909 2276 1944 2334 et
1966 2263 2067 2334 cuius
2125 2280 2127 2284 “

146 2364 189 2437 ln
203 2390 357 2460 quorum
372 2367 541 2437 cordibus
554 2378 628 2435 non
643 2379 695 2437 est
709 2363 865 2456 cognitio
879 2361 964 2445 Dei
990 2388 1029 2435 ea
1083 2368 1195 2459 gloria
1209 2383 1332 2440 nostro
1353 2368 1539 2441 mendacio
1552 2369 1591 2438 lit
1607 2368 1791 2439 celebrior.
1842 2365 1934 2440 Caro
1950 2379 2067 2437 autem

96 2471 149 2541 da
167 2492 231 2540 sua
248 2482 388 2541 tantum
406 2480 600 2562 quaerunt,
625 2489 662 2536 se
677 2468 806 2538 volunt
820 2466 1030 2557 magnifieri
1084 2466 1216 2541 deDeo
1239 2470 1372 2542 iudicat
1385 2470 1594 2556 carnaliter
1617 2485 1714 2542 extra
1729 2468 1969 2541 adflictionem
1986 2491 2067 2538 cum

96 2571 184 2645 stari
204 2583 270 2646 etc.
322 2568 440 2641 ldeo'
430 2594 468 2638 ιιι
486 2565 693 2639 huiusmodi
709 2569 877 2639 cordibus
892 2591 958 2639 nec
973 2590 1031 2639 ca-
1083 2585 1229 2644 stertere
1251 2583 1370 2664 putat,
1402 2587 1589 2692 propterea
1611 2595 1674 2644 sua
1696 2571 1849 2643 libidine
1871 2570 1985 2641 lectur
2005 2582 2068 2639 etc.

96 2696 127 2746 ιι
158 2685 234 2763 cst,
266 2696 357 2766 quae
387 2696 423 2741 se
447 2671 527 2742 aliis
548 2670 712 2756 subiicit,
743 2671 837 2743 cedit
858 2665 1030 2741 honorem
1085 2673 1127 2745 ln
1148 2674 1341 2747 afflictione
1361 2675 1444 2768 quia
1469 2676 1715 2745 adversantem
1733 2673 1858 2759 sentit,
1882 2672 1973 2762 fugit
1990 2684 2069 2742 tan·

96 2777 142 2862 is,
166 2775 320 2846 inseruit
339 2774 526 2857 omnibus,
549 2771 656 2843 sentit
678 2795 715 2842 se
736 2772 900 2843 omnium
914 2786 1032 2843 custo·
1084 2800 1190 2870 quam
1204 2776 1365 2847 malum
1354 2775 1519 2870 iniquum
1537 2790 1602 2846 etc.

96 2903 123 2949 ιι
146 2899 240 2947 esse:
266 2900 377 2969 quara
399 2871 460 2945 hic
475 2872 566 2948 Cain
589 2888 694 2963 negat
715 2897 752 2945 se
771 2875 891 2944 fratris
912 2888 1032 2946 eusto-
1186 2876 1280 2949 Vide
1302 2891 1418 2949 autem
1441 2901 1547 2971 quam
1563 2875 1811 2970 multipliciter
1825 2875 2072 2951 describantur

96 3006 124 3053 ιι
145 3001 240 3064 ιιιι,
266 2981 363 3072 quod
387 2979 455 3047 lide
479 2990 613 3047 careret
633 3000 713 3046 cum
728 2989 847 3046 tamen
863 2989 965 3046 antea
980 2976 1032 3045 le·
1085 3002 1246 3072 poenae:
1286 2978 1428 3062 Primo,
1456 2993 1507 3051 est
1521 2979 1732 3072 desperatio.
1784 2977 1942 3058 Deinde,
1964 2979 2070 3046 corda
2179 3054 2180 3057 Ἴ

96 3079 312 3165 pandisset,
336 3103 447 3174 quare
463 3078 574 3151 iratus
590 3077 666 3147 est?
1085 3082 1134 3153 ita
1150 3092 1321 3174 perpetuo
1337 3103 1482 3174 pavere,
1507 3095 1548 3153 ut
1566 3081 1667 3151 nullo
1684 3094 1779 3152 certo
1793 3080 1872 3151 lo'co
1890 3078 2071 3148 consistes.
2170 3129 2175 3138 .

141 3179 380 3254 convincitur
395 3178 504 3265 Cain,
526 3203 607 3250 cum
629 3179 762 3272 inquit:
789 3177 867 3252 Vox
890 3182 1031 3274 sangui-
1085 3182 1231 3270 Tertio,
1267 3205 1435 3277 quaerere
1466 3205 1635 3278 quorsum
1661 3182 1808 3275 effugias
1833 3181 1970 3253 vultum
1992 3177 2071 3250 Dei.

96 3309 103 3355 ι
122 3283 244 3355 iratris
266 3285 321 3354 tui
342 3284 470 3354 clamat
482 3283 538 3353 ad
555 3304 611 3350 me
625 3282 669 3350 de
685 3294 797 3367 terra,
821 3283 884 3377 qui
900 3285 1034 3356 clamor
1087 3276 1245 3375 Quarto,
1269 3298 1385 3358 metus
1401 3285 1571 3357 adsiduus
1587 3283 1723 3359 mortis.

96 3401 143 3458 ιιι
173 3380 321 3477 phrasin
349 3384 543 3476 scripturae
567 3405 640 3453 non
663 3396 716 3453 est
738 3385 939 3476 sanguinis,
972 3389 1033 3456 sed

96 3490 134 3574 i,
158 3511 198 3556 ea
220 3487 411 3558 solicitudo
433 3468 484 3556 est
504 3484 579 3556 eius
596 3485 823 3575 presumtio,
847 3511 927 3557 cum
944 3488 1035 3559 vivis
1356 3459 1612 3554 Nimim
1636 3461 1696 3530 ⁸⁸5⁰
1721 3452 1807 3556 fiat·
1911 3461 1915 3481 ¹

96 3614 123 3658 ιι
149 3589 320 3670 mortuis,
354 3602 395 3661 ut
423 3587 528 3657 etiam
551 3611 593 3657 ιιι
616 3586 734 3656 anima
756 3587 909 3659 clamare
932 3589 1035 3661 dicat.
1191 3588 1289 3680 Quid
1315 3591 1425 3683 igitur
1440 3594 1484 3664 de
1500 3592 1578 3663 iure
1591 3590 1719 3683 gladii,
1744 3614 1788 3661 an
1805 3588 1844 3658 in
1859 3584 2075 3658 homicidam

96 3690 493 3762 netindieatnondum
510 3689 806 3774 interiisseAbel,
831 3714 1035 3785 quanquam
1088 3694 1369 3764 animadvertere
1389 3718 1465 3764 non
1488 3694 1593 3765 licet?
1641 3690 1877 3784 Respondeo,
1903 3686 1996 3760 nihil
2018 3686 2075 3761 hic
2135 3692 2139 3712 ¹

96 3793 184 3865 cisus
205 3793 270 3876 sit,
302 3817 384 3864 cum
407 3814 529 3861 vocem
553 3815 633 3861 cum
657 3792 847 3861 clamorem
872 3793 1037 3884 sanguini
1089 3799 1133 3865 de
1149 3796 1227 3866 iure
1247 3796 1356 3886 gladii
1374 3795 1561 3880 constitui,
1585 3796 1645 3865 sed
1655 3793 1859 3885 generalem
1875 3793 1987 3884 legem
2002 3815 2075 3864 esse

97 3896 188 3967 buit.
240 3893 354 3966 Porro
376 3890 442 3964 hac
466 3893 636 3986 loquendi
659 3894 772 3963 forma
796 3917 881 3965 usus
905 3909 975 3980 est,
997 3909 1038 3966 ut
1089 3897 1205 3991 qualis
1226 3897 1287 3967 illa
1305 3898 1342 3967 in
1357 3894 1533 3988 Deealogo
1548 3910 1617 3983 est,
1642 3921 1717 3966 non
1732 3895 1880 3967 occides.
1931 3890 2076 3966 Deiure
2201 3905 2203 3908 ’

96 3996 283 4088 rangelium
300 3998 485 4088 figuraret,
512 3997 606 4088 quod
624 4017 691 4064 vox
708 3997 890 4086 sanguinis
903 3993 1038 4069 Christi
1089 4000 1200 4091 gladii
1233 3999 1326 4070 inira
1356 4000 1589 4072 coustitutum
1619 4011 1672 4071 cst
1696 3999 1809 4091 capite
1831 4021 1947 4068 nono:
1985 3994 2076 4083 Qui-

96 4117 102 4172 :
107 4121 234 4192 ‚quae
255 4097 523 4179 iamertincto,
549 4109 589 4165 ιιι
607 4096 662 4163 illi
678 4098 868 4186 putabant
892 4095 1037 4171 Christo
1091 4126 1230 4196 cunque
1252 4102 1419 4173 effuderit
1439 4102 1647 4193 sanguinem
1663 4094 1882 4186 humanum,
1907 4100 2077 4169 fundetur

96 4201 181 4293 opit.
232 4196 330 4271 Haec
351 4197 554 4269 maledictio
576 4221 656 4267 cum
674 4200 857 4289 superiore
872 4201 935 4270 illa
952 4223 1037 4271 con·
1090 4205 1232 4296 sanguis
1250 4204 1359 4274 illius.

96 4303 198 4372 reuda
227 4314 295 4386 est,
329 4302 511 4393 superiore
539 4324 614 4381 nou
637 4300 861 4372 maledicitur
883 4299 983 4373 Adae
1006 4319 1039 4376 et
1776 4326 1783 4337 ·

96 4427 167 4489 ιιι,
200 4426 246 4473 ιιι
276 4403 442 4474 universo
472 4402 593 4490 generi
617 4395 774 4474 humano
796 4404 1040 4492 maledicatur,
1218 4379 1352 4457 P⁰⁸¹⁴⁸t
1376 4377 1604 4449 ”mimi
1590 4397 1631 4448 ”⁸
1655 4375 1751 4446 0⁰²⁶
1775 4373 1940 4468 ⁸⁸9'W·

96 4508 111 4576 d
119 4504 294 4626 serpenti
310 4518 446 4576 tantum
464 4518 498 4574 et
515 4503 590 4573 eius
605 4503 757 4596 semini,
784 4500 937 4592 horest,
961 4531 1039 4578 cor·
1196 4507 1353 4598 Quidam
1377 4510 1537 4581 sentiunt
1550 4521 1738 4581 tremorem
1757 4504 1936 4600 quendam
1953 4528 2079 4598 perpe·

96 4607 131 4678 ri
154 4619 190 4675 et
216 4627 326 4698 regno
348 4605 498 4678 Satanae
520 4604 710 4676 maledicit.
769 4605 865 4678 Haec
891 4609 1040 4680 maledi·
1091 4624 1193 4683 tuum
1210 4608 1353 4683 inCaiu
1372 4613 1492 4684 fuisse.

96 4711 123 4782 'u
145 4706 258 4792 Cain,
289 4732 365 4777 non
395 4711 440 4778 ad
469 4706 675 4777 universum
703 4728 814 4797 genus
842 4712 1041 4801 pertinebat

96 4832 273 4895 ernanum,
299 4809 484 4904 ideoque
473 4832 540 4902 spsr
530 4808 801 4913 maledicitur.
828 4835 910 4882 nam
928 4836 969 4885 ex
987 4837 1041 4887 se·
1322 4787 1371 4855 E*
1397 4779 1618 4882 “eddim“
1644 4785 1853 4855 “mmm

96 4914 152 5001 ine
170 4912 345 5004 serpentrs
358 4926 421 4983 est
1197 4915 1307 5006 Quod
1335 4917 1373 4986 in
1398 4913 1560 4987 Hisma’e'l
1592 4929 1627 4988 et
1647 4913 1742 4986 Esau
1767 4914 1939 5007 scriptura
1964 4939 2082 5007 repre·

157 5011 228 5085 Hic
248 5014 366 5087 statim
389 5027 570 5105 peccatum
595 5014 751 5085 vindicta
771 5028 887 5087 secuta
904 5032 973 5104 est,
997 5042 1043 5091 ne
1094 5014 1239 5106 hendit,
1267 5020 1362 5090 idem
1379 5016 1438 5100 hic
1453 5019 1491 5089 in
1507 5020 1711 5111 posteritate
1722 5015 1812 5090 Cain
1830 5032 1987 5102 accusat,
2013 5017 2083 5086 sci·
2128 5084 2131 5088 .

96 5119 263 5189 tbitemus
300 5115 543 5186 iudicaturum
575 5129 611 5186 et
649 5117 880 5189 multaturum
916 5133 1046 5207 sontes,
1096 5121 1180 5193 licet
1209 5122 1410 5193 condidisse
1439 5147 1519 5194 eum
1545 5123 1690 5206 turbem,
1723 5120 1946 5199 constituisse
1969 5119 2082 5210 impe·

96 5242 264 5313 tanquam
288 5218 431 5289 interim
454 5215 677 5288 dissimulare
701 5232 735 5288 et
757 5221 901 5292 differre
925 5223 1045 5292 videa·
1096 5224 1213 5311 rium,
1245 5225 1435 5306 militasse,
1467 5247 1677 5294 conversum
1708 5245 1780 5292 esse
1810 5223 1854 5292 ad
1877 5222 2084 5292 excolendas

96 5347 126 5397 r.
183 5319 276 5393 Caro
298 5319 942 5410 securaminasdivinascontemnit,
965 5348 1045 5415 cum
1098 5348 1154 5396 res
1182 5325 1355 5398 humanas
1375 5340 1440 5402 ιιι.
1499 5325 1589 5398 Nam
1615 5324 1804 5417 imperium
1828 5323 1925 5393 alind
1950 5322 2086 5392 consti-

96 5426 206 5496 sserit
233 5424 414 5495 Dominus
450 5419 597 5514 vigilare
633 5423 828 5498 nescientes
861 5450 929 5525 qua
958 5421 1048 5502 bota
1101 5443 1216 5503 tutum
1235 5443 1307 5517 est,
1330 5429 1550 5522 practerid,
1572 5429 1677 5521 quud
1692 5418 2131 5504 caxeaxexexmoeemm.

115 5532 297 5598 Μιιιιιιι.
325 5531 430 5596 Oeen.
458 5530 541 5594 Vos.
562 5527 658 5596 ΧΠΙ.
1584 5528 1642 5606 bb

1417 1316 1544 1388 Maior
1568 1319 1625 1385 est
1650 1319 1720 1385 eto.
