4538 5754
130 246 236 321 1877

180 415 289 488 Deus
317 426 440 486 nutem
468 426 612 508 noster,
640 426 701 486 etc.

236 589 409 681 Superior
444 613 522 680 pars
545 589 698 674 Psalmi,
731 602 771 657 ut
794 589 929 660 dictum
955 603 1032 672 est,
1059 590 1127 659 fuit

122 687 300 764 historica
318 695 476 761 narratio
495 694 539 759 de
556 691 728 779 singulari
753 715 859 780 opere
877 688 945 759 Dei
963 687 1122 762 exhibito
1179 726 1188 742 ·

116 795 265 888 ,populo
284 793 412 877 lsra'e'l,
438 794 601 864 videlicet
620 797 664 862 dc
688 793 866 863 beneficiis
891 792 1125 877 liberationis,
1179 827 1188 844 ·

125 911 165 970 et
188 896 346 967 instituti
372 896 473 986 regni
496 921 535 965 ac
557 894 763 978 sacerdotii,
797 907 830 964 et
859 897 911 963 de·
932 895 1125 980 miraculis,

124 1000 262 1094 quibus
282 1000 382 1068 Deus
405 1010 550 1068 testatus
576 1011 690 1068 estse
724 996 950 1088 peculiariter
981 996 1124 1086 elegisse

114 1097 227 1174 ‚hunc
243 1101 435 1198 populum,
460 1112 547 1169 etse
568 1123 648 1170 eum
665 1101 893 1168 defensurum
910 1123 949 1168 ac
963 1111 1123 1169 servatu-

125 1227 213 1277 rum
234 1225 327 1286 esse,
359 1214 504 1294 propter
536 1201 791 1292 promissiones
814 1201 921 1269 lactas
945 1198 1122 1285 Patribus,

125 1318 165 1377 et
186 1303 430 1376 exhibiturum
451 1327 524 1374 esse
546 1298 749 1385 Christum,
779 1302 839 1395 qui
864 1301 990 1372 liberet
1011 1325 1122 1392 genus

116 1402 327 1479 humanum
344 1429 363 1475 a
381 1418 521 1497 peccato
544 1418 578 1474 et
599 1430 618 1475 a
636 1418 768 1489 morte,
794 1405 890 1474 iuxta
914 1405 1121 1505 promissio-

125 1533 230 1594 nem,
263 1532 353 1602 quae
381 1509 462 1577 ideo
486 1510 566 1576 data
600 1522 674 1577 erat
690 1505 881 1596 Patribus,
914 1519 953 1576 ut
978 1530 1039 1597 per
1061 1530 1121 1575 eos

123 1624 384 1705 propagaretur
406 1610 444 1678 in
468 1624 645 1702 posteros,
670 1622 704 1678 et
730 1609 873 1678 tandem
898 1621 1121 1700 spargeretur

124 1713 235 1784 etiam
258 1713 443 1802 ingentes,
457 1725 498 1782 ut
514 1711 698 1782 audientes
714 1705 940 1780 bocverbum
959 1705 1119 1780 deChri·

123 1828 205 1896 ato‚
230 1814 361 1884 scirent
383 1815 489 1886 etiam
515 1814 559 1883 ad
582 1837 619 1881 se
640 1812 815 1904 pertinere
835 1811 1120 1903 promissionem,

111 1919 221 1989 sicut
242 1917 334 1985 clare
355 1918 475 2010 inquit
497 1928 626 1986 textus:
662 1912 705 1984 ln
727 1915 860 1983 semine
885 1928 946 1985 tuo
970 1915 1117 1982 benedi-

122 2009 254 2092 centur
269 2042 391 2087 omnes
406 2017 568 2088 nationes
589 2031 713 2095 terrae.
766 2013 851 2085 Ideo
867 2015 1028 2085 Psalmus
1043 2016 1118 2107 pri-

113 2144 226 2192 ‘mum
255 2120 430 2211 percurrit
463 2117 648 2190 historiam
670 2119 892 2188 liberationis
916 2118 1040 2210 populi
1065 2120 1118 2187 Is-

120 2224 221 2306 rale‘l,
246 2237 280 2292 et
297 2228 507 2293 constitutae
526 2221 671 2313 politiae
687 2246 727 2290 ac
741 2221 941 2306 sacerdotii,
965 2233 999 2290 et
1014 2245 1117 2320 prae-

121 2326 222 2396 dicat
237 2325 408 2401 miracula
425 2321 581 2394 exhibita
604 2324 658 2391 illi
676 2323 829 2424 populo,
857 2324 901 2392 ad
917 2326 1116 2393 exuscitan·

114 2428 210 2497 dam
241 2440 275 2497 et
296 2427 574 2495 confirmandam
600 2426 704 2494 tidem
727 2426 888 2524 piorum,
924 2425 1006 2518 quia
1031 2421 1117 2496 haec

114 2521 237 2628 ‘opera
261 2530 481 2598 testabantur
511 2524 607 2596 hunc
632 2550 705 2596 esse
725 2551 807 2595 vere
828 2529 967 2610 Deum,
994 2529 1055 2619 qui
1081 2553 1117 2598 se

121 2628 212 2701 huic
227 2631 364 2731 populo
377 2631 551 2699 revelarat
568 2631 649 2698 dato
667 2631 794 2712 verbo,
820 2641 855 2696 et
878 2631 1114 2700 admonebant

120 2733 225 2832 pios,
253 2746 293 2803 ut
312 2734 497 2802 crederent
512 2729 627 2800 Deum
644 2755 725 2798 vere
744 2727 984 2800 exhibiturum
1007 2732 1128 2800 bene„

119 2835 203 2904 licia
217 2833 399 2933 proposita
418 2834 458 2902 in
475 2833 792 2932 promissionibus,
819 2829 931 2902 Deum
949 2833 1038 2902 velle
1056 2858 1113 2903 ex-

119 2935 249 3006 audire
266 2959 306 3005 ac
322 2959 461 3006 servare
478 2937 660 3007 credentes
668 2933 897 3034 promissioni
914 2950 948 3005 et
967 2930 1032 3004 hac
1047 2936 1114 3005 lide

121 3040 347 3112 invocantes.

229 3153 355 3228 Postea
377 3155 418 3226 in
439 3156 549 3225 altera
572 3169 672 3254 parte
687 3154 822 3224 Psalmi
837 3147 1005 3226 historiae
1029 3159 1114 3227 sub-

123 3260 216 3328 iecta
248 3271 300 3327 est
328 3257 467 3357 prolixa
500 3258 644 3338 concio,
679 3281 769 3351 quae
797 3252 983 3329 historiam
1008 3255 1114 3329 huius

119 3359 254 3461 populi
274 3361 516 3430 accommodat
537 3362 582 3429 ad
598 3361 797 3431 doctrinam
819 3360 863 3428 dc
882 3360 969 3446 fide,
994 3363 1038 3431 de
1056 3363 1113 3430 in-

119 3461 312 3533 vocatione
343 3475 376 3532 et
407 3462 500 3531 veris
522 3463 696 3542 cultibus,
730 3474 766 3533 et
795 3463 915 3547 docet,
945 3465 1039 3557 quod
1067 3465 1114 3534 sit

118 3563 314 3633 discrimen
332 3565 407 3633 veri
424 3577 458 3633 et
482 3564 660 3634 idolatrici
678 3565 812 3654 cultus,
841 3587 942 3633 verae
958 3580 993 3636 et
1008 3566 1115 3636 falsae

119 3661 316 3738 Ecclesiae.
369 3661 416 3735 Et
432 3661 518 3762 haec
535 3667 712 3765 posterior
736 3688 818 3764 pars
842 3680 978 3737 constat
1001 3670 1116 3738 tribus

117 3769 198 3838 lere
215 3767 393 3837 membris.

226 3869 389 3940 Primum
411 3891 556 3939 exorsus
578 3882 629 3939 est
652 3895 671 3937 a
695 3870 916 3967 precatione,
950 3883 990 3939 ut
1017 3867 1115 3940 Deus

120 3972 294 4042 defendat
313 3988 345 4041 et
362 3985 475 4041 servet
492 3967 705 4051 Ecclesiam,
732 3985 765 4041 et
778 3973 880 4041 addit
896 3995 1035 4040 causam
1051 3997 1115 4071 pe-

119 4074 282 4157 titionis,
297 4073 442 4144 utDeos
462 4074 625 4143 exaudiat
641 4096 716 4142 non
730 4089 877 4172 propter
892 4075 1114 4161 dignitatem,

117 4187 187 4245 aut
211 4177 335 4245 merita
362 4177 509 4274 populi,
536 4176 595 4243 sed
622 4189 768 4275 propter
787 4175 954 4264 gloriam,
978 4190 1016 4244 ut
1039 4200 1113 4245 eam

120 4277 295 4347 defendat
315 4281 483 4347 adversus
506 4278 656 4376 impios,
682 4278 744 4369 qui
767 4292 897 4366 negant
921 4273 1017 4346 hunc
1042 4302 1115 4347 esse

119 4381 265 4463 Deum,
292 4394 327 4449 et
347 4375 595 4470 blasphemant
617 4381 693 4447 eius
716 4380 885 4464 verbum,
913 4394 947 4448 et
968 4394 1114 4478 propter

119 4483 276 4555 verbum
302 4493 565 4579 persequuntur
588 4482 678 4579 pios.
732 4479 914 4551 Adversus
936 4478 1001 4550 hos
1025 4497 1114 4568 orat,
1145 4521 1147 4524 ⁴

119 4599 163 4655 ut
177 4582 274 4651 Deus
289 4597 429 4654 tueatur
451 4582 599 4672 gloriam
626 4606 745 4667 suam,
770 4598 803 4654 et
820 4596 985 4654 testatum
1008 4586 1114 4654 iaciat

111 4688 223 4781 ¹quod
249 4685 294 4755 sit
320 4682 436 4768 Deus,
469 4686 564 4778 quod
589 4684 772 4783 respiciat,
799 4685 983 4770 exaudiat,
1009 4689 1112 4758 adiu-

120 4802 184 4859 vet
207 4789 387 4858 credentes
417 4786 492 4856 eius
515 4788 642 4867 verbo,
676 4800 716 4856 ut
740 4786 904 4857 videlicet
932 4788 1114 4860 tribuatur

119 4892 194 4989 ipsi
226 4891 303 4959 laus
334 4889 597 4959 misericordiae
618 4903 653 4959 et
674 4889 848 4974 veritatis,
885 4891 982 4983 quod
1008 4916 1114 4963 exau-

121 4993 220 5075 diat,
251 4992 349 5085 quod
372 5004 486 5062 servet
513 4993 705 5081 promissa,
741 4990 876 5061 etiamsi
900 5016 967 5062 nos
991 5013 1112 5064 sumus

121 5095 286 5182 indigni,
313 5117 377 5163 nec
390 5117 580 5192 possumus
596 5094 722 5164 afferre
737 5093 872 5162 merita.
989 5088 994 5093 ⁸

229 5211 350 5301 Quare
377 5210 463 5282 haec
488 5214 612 5304 petitio
642 5214 797 5304 primum
829 5206 997 5311 prohibet
1022 5214 1115 5283 fidu-

122 5319 216 5388 ciam
240 5315 405 5415 propriae
433 5315 633 5405 dignitatis,
666 5328 814 5384 testatur
842 5315 1009 5384 beneficia
1032 5310 1115 5387 huic

122 5418 260 5521 populo
275 5413 452 5498 exhibita,
479 5441 552 5485 non
570 5419 756 5504 contigisse
773 5417 845 5487 illis
861 5399 1004 5510 propler
1019 5419 1115 5511 ipso-

180 5525 356 5588 Mruarru.
379 5524 482 5588 Oeen.
506 5524 587 5588 Vos.
605 5523 699 5593 Xlll.

730 245 796 319 lX.
854 240 1220 319 COMMENTARll
1252 243 1305 318 IN
1336 242 1580 320 PSALMOS.

2082 249 2179 329 1378

1170 443 1258 490 -rum
1289 419 1500 509 dignitatem
1530 430 1592 488 aut
1622 418 1764 502 merita,
1798 420 1871 490 imo
1894 422 2049 512 ingentia
2073 447 2175 503 erant

1177 534 1334 612 peccata,
1360 536 1507 613 propter
1529 544 1619 614 quae
1643 517 1740 590 Deus
1767 524 1937 611 potuisset
1960 527 2078 598 delere
2105 556 2170 621 po.

1178 623 1325 714 pulum,
1353 624 1652 717 quemadmodum
1670 617 1817 693 historia
1835 639 1991 698 testatur.
2033 629 2086 700 Ac
2103 638 2168 705 etsi

1177 749 1216 794 m
1240 725 1377 823 populo
1403 724 1650 808 erautsancti,
1675 737 1794 794 tamen
1811 729 1961 797 maxima
1980 753 2060 820 pars
2094 753 2167 808 erat

1439 827 1490 918 pii
1524 840 1625 895 erant
1649 826 1724 895 sine
1758 844 1917 915 peccato,
1951 845 1990 902 ut
2014 832 2167 931 Moyses,

1364 927 1483 1016 Quare
1501 953 1546 997 ne
1561 928 1673 997 sancti
1689 929 1832 1021 quidem
1850 949 1997 1022 possunt
2012 936 2164 1029 allegare

1176 1053 1238 1100 sua
1262 1032 1387 1117 merita
1410 1043 1470 1100 aut
1495 1031 1701 1120 dignitatem
1724 1033 1923 1121 propriam,
1944 1037 2003 1105 sed
2028 1054 2168 1131 oportet

1175 1127 1241 1202 bos
1258 1133 1364 1202 etiam
1377 1133 1505 1203 afferre
1519 1133 1775 1202 contessionem
1789 1137 2021 1227 indignitatis,
2038 1167 2164 1233 quem·

1174 1236 1367 1304 admodum
1396 1236 1435 1302 in
1464 1232 1613 1304 Daniele
1646 1248 1849 1323 precantur:
1885 1235 1971 1308 'l'ibi
1997 1236 2163 1314 Domine

1174 1336 1332 1421 iusticia,
1359 1335 1462 1406 nobis
1482 1350 1600 1407 autem
1626 1334 1786 1406 conlusio
1802 1339 1916 1411 faciei.
1965 1340 2037 1413 Sed
2054 1347 2158 1418 invo.

1176 1453 1293 1510 cantes
1310 1439 1463 1529 allegant
1478 1434 1556 1508 Deo
1576 1439 1846 1530 promissiones,
1874 1458 1912 1512 ut
1935 1459 2079 1535 propter
2100 1475 2159 1521 ees

1174 1541 1357 1627 exaudiat,
1379 1555 1420 1612 ut
1443 1542 1622 1612 tribuatur
1637 1539 1704 1631 ipsi
1719 1541 1830 1630 gloria
1848 1545 2110 1620 misericordiae
2125 1568 2160 1624 et

1174 1642 1342 1714 veritatis.

1177 827 1307 925 impia,
1342 850 1406 896 nec

1176 924 1310 998 Aaron.

1277 1776 1329 1849 lta
1354 1775 1411 1850 hic
1432 1783 1475 1851 de
1499 1780 1724 1854 invocatione
1748 1785 1871 1871 docet,
1901 1770 1998 1881 quod
2021 1814 2160 1863 necesse

1173 1881 1218 1952 sit
1239 1881 1317 1972 pios
1338 1885 1492 1973 primum
1517 1885 1653 1953 adferre
1677 1883 1864 1957 ad'Deum
1901 1893 2159 1965 confessionem

1172 2085 1327 2175 dignitas
1351 2111 1426 2158 uon
1450 2089 1574 2158 debeat
1595 2111 1661 2156 nos
1685 2089 1859 2161 deterrere
1879 2093 1924 2163 ab
1946 2094 2158 2184 invocando,

1172 2187 1255 2280 quia
1279 2189 1366 2258 fides
1400 2189 1468 2259 niti
1492 2191 1598 2260 debet
1619 2213 1695 2258 uun
1716 2207 1837 2264 nostra
1868 2194 2056 2285 dignitate,
2089 2226 2155 2270 nec
2202 2214 2204 2218 '

1170 2314 1338 2384 quaerere
1359 2292 1502 2375 merita,
1535 2293 1596 2360 sed
1617 2291 1753 2363 nitatur
1773 2297 2032 2385 misericordia,
2065 2327 2156 2395 quae

1169 2394 1383 2491 proponitur
1396 2395 1434 2463 in
1451 2393 1758 2486 promissionibus.
1806 2395 1901 2469 llaec
1919 2425 1999 2471 cum
2016 2403 2062 2473 sit
2075 2427 2157 2494 gra·

1170 2496 1278 2580 tuita,
1304 2521 1369 2565 nec
1391 2496 1549 2588 requirat
1572 2497 1814 2567 conditionem
1837 2518 1978 2574 nostrae
2001 2505 2158 2594 dignita.

1171 2598 1234 2683 tis,
1261 2599 1476 2668 conscientia
1493 2611 1567 2668 tuto
1584 2622 1623 2666 ea
1644 2599 1710 2668 niti
1735 2613 1866 2691 potest,
1893 2618 1927 2674 et
1954 2607 2058 2679 debet
2083 2623 2155 2680 sta-

1170 2713 1269 2769 tuere
1291 2723 1328 2769 se
1349 2715 1445 2770 certo
1471 2699 1640 2769 exaudiri.
1698 2699 1781 2771 ldeo
1814 2705 1909 2773 enim
1943 2711 2154 2782 transfertur

1169 2825 1224 2870 res
1248 2826 1267 2870 a
1291 2815 1410 2872 nostra
1434 2802 1604 2890 dignitate
1626 2801 1665 2868 in
1688 2804 1987 2894 misericordiam,
2013 2798 2052 2882 ut
2069 2836 2153 2883 con·

1169 2903 1314 2973 scientia
1337 2906 1380 2973 sit
1404 2918 1515 2987 certa,
1549 2919 1582 2974 et
1610 2902 1695 2971 fides
1720 2906 1865 2976 retineri
1895 2913 2006 3008 possit
2031 2929 2154 2985 contra

1168 3005 1446 3092 dubitationem,
1474 3007 1563 3076 sicut
1585 3002 1719 3076 Paulus
1735 3010 1838 3080 docet
1851 3008 1957 3083 Rom.
1973 3015 2008 3090 4.
2056 3014 2153 3087 Haec

1168 3122 1220 3177 est
1236 3109 1410 3179 sententia
1424 3131 1561 3178 versus:
1590 3105 1670 3178 Non
1687 3111 1791 3180 nobis
1807 3109 1973 3207 Domine,
1996 3141 2069 3189 uon
2087 3143 2154 3191 uo·

1170 3210 1222 3279 bis
1248 3225 1312 3281 etc.

1269 3345 1393 3417 Postea
1417 3347 1539 3417 attexit
1556 3349 1848 3447 descriptionem,
1872 3379 1962 3447 quae
1987 3359 2088 3430 docet
2110 3363 2154 3430 de

1168 3473 1250 3519 vera
1275 3449 1455 3538 agnitione
1479 3446 1565 3534 Dei,
1598 3453 1642 3519 de
1676 3477 1759 3522 vero
1789 3456 1903 3540 cultu,
1937 3471 1970 3526 et
2000 3464 2154 3533 ostendit

1168 3575 1258 3645 quae
1282 3552 1328 3620 sit
1350 3575 1430 3620 vera
1447 3547 1623 3632 Ecclesia,
1651 3577 1740 3646 quos
1760 3551 1888 3626 habeat
1901 3560 2029 3632 cultus.
2081 3563 2152 3636 Sed

1168 3668 1208 3724 ut
1226 3649 1294 3722 hoc
1308 3653 1368 3722 liat
1381 3653 1573 3739 illustrius,
1599 3657 1699 3726 addit
1721 3658 1937 3731 luculentam
1956 3661 2152 3738 antithesin

1168 3759 1212 3825 de
1241 3755 1438 3825 idolatricis
1464 3757 1619 3826 cultibus
1647 3758 1860 3857 impiorum,
1891 3765 2054 3856 quicum
2079 3794 2154 3839 non

1167 3871 1337 3953 regantur
1352 3859 1482 3942 verbo,
1508 3857 1590 3929 ideo
1614 3884 1687 3929 non
1711 3887 1793 3931 vere
1814 3883 2009 3952 agnoscunt
2025 3866 2152 3956 Deum,

1166 3986 1231 4030 nec
1255 3973 1403 4058 possunt
1426 3975 1603 4059 praestare
1627 3962 1887 4036 invocationem
1906 3984 1939 4037 et
1957 3994 2057 4039 veros
2074 3974 2152 4043 cul-

1167 4079 1235 4134 tus.
1287 4058 1422 4158 Estque
1445 4061 1530 4132 baec
1551 4065 1740 4164 descriptio
1755 4066 1888 4136 Psalmi
1912 4071 2039 4159 digna,
2060 4098 2151 4171 quae

1166 4165 1417 4237 consideretur.
1471 4162 1582 4237 Docet
1597 4169 1692 4236 enim
1711 4169 1859 4261 quaesit
1876 4174 2036 4241 omnium
2059 4192 2150 4246 tem·

1193 4290 1295 4335 orum
1315 4266 1500 4349 idolatria,
1525 4283 1558 4338 et
1584 4272 1680 4338 unde
1702 4271 1855 4350 oriatur,
1882 4274 2046 4346 videlicet
2071 4304 2151 4348 cum

1166 4291 1330 4439 liomines
1345 4392 1408 4437 suo
1428 4368 1560 4439 iudicio
1578 4371 1767 4442 instituunt
1786 4373 1902 4445 cultus
1917 4377 1992 4446 sine
2007 4383 2129 4454 verbo.

1171 4574 1175 4581 ,
1268 4500 1340 4574 Sed
1359 4503 1566 4600 priusquam
1588 4506 1631 4572 ad
1649 4499 1740 4575 hanc
1759 4509 2031 4608 descriptionem
2055 4540 2152 4586 acce-

1165 4608 1239 4688 dit,
1270 4605 1450 4704 praefatur
1481 4609 1525 4676 de
1555 4631 1635 4676 vera
1668 4609 1848 4697 agnitione
1878 4610 1963 4700 Dei,
1996 4618 2040 4685 de
2068 4643 2150 4690 vero
2205 4669 2207 4673 v

1165 4710 1282 4790 cultu,
1315 4706 1477 4779 videlicet
1508 4708 1732 4779 invocatione
1763 4729 1797 4783 et
1827 4714 1915 4796 fide,
1951 4717 2039 4789 sicut
2067 4721 2152 4805 dixi,

1166 4812 1228 4907 qui
1251 4809 1366 4880 cultus
1389 4832 1463 4877 non
1488 4810 1617 4881 nititur
1648 4807 1813 4884 humanis
1835 4818 2152 4907 imaginationibus

1166 4917 1210 4983 de
1225 4909 1313 4996 Deo,
1339 4924 1400 4980 aut
1415 4911 1546 4983 iudicio
1563 4915 1729 4984 rationis:
1756 4918 1815 4986 sed
1833 4919 1966 4991 iudicat
1982 4947 2023 4992 ex
2041 4928 2150 4997 verbo

1167 5033 1227 5085 seu
1241 5013 1549 5114 promissionibus,
1567 5028 1599 5085 ct
1610 5016 1703 5086 iuxta
1713 5041 1769 5088 eas
1779 5017 2014 5119 apprehendit
2024 5026 2150 5109 Deum,

1167 5119 1303 5188 iudicat
1318 5112 1415 5186 hunc
1434 5141 1515 5187 vere
1531 5141 1604 5187 esse
1621 5116 1757 5202 Deum,
1785 5124 1847 5215 qui
1870 5149 1906 5193 se
1928 5128 2090 5225 patefecit
2113 5133 2152 5199 in

1166 5222 1297 5300 verbo,
1325 5238 1390 5287 nec
1413 5242 1486 5288 esse
1507 5221 1682 5301 ociosum,
1711 5225 1771 5292 sed
1797 5250 1919 5297 curare
1942 5253 1996 5298 res
2022 5227 2152 5302 hnma-

1168 5345 1249 5408 nas,
1275 5344 1413 5391 servare
1429 5323 1619 5419 promissa,
1646 5327 1813 5396 exaudire
1831 5329 2036 5402 invocantes
2056 5334 2152 5408 iuxta

1167 5426 1326 5496 verbum.
1366 5419 1445 5496 Hoc
1464 5427 1570 5496 modo
1585 5427 1641 5595 (ὲὲ
1646 5428 1825 5518 agnitione
1842 5428 1909 5500 Dei
1924 5433 2025 5507 docet
2042 5439 2152 5508 versi·
