4538 5754
126 256 169 336 ta
484 268 487 273 ·
680 248 722 309 Ἰ
867 252 913 329 1t
946 248 1097 328 amun
1120 245 1188 324 DE
1213 246 1391 325 aulul.
2099 258 2149 330 rr

118 430 343 511 varietatem,
375 428 439 523 qui
460 429 500 500 in
521 426 601 499 aliis
627 428 690 498 iris
707 428 845 498 cerulea
866 437 932 511 est,
966 425 1005 495 in
1027 424 1107 494 aliis
1157 434 1279 491 monet
1291 420 1512 490 laborantem
1527 419 1638 504 febri,
1665 434 1706 492 ut
1723 445 1743 490 a
1759 424 1847 492 vino
1857 426 2041 496 abstineat.
2073 424 2147 496 Bc·-

113 533 233 621 nigra,
256 529 299 599 in
321 531 406 601 aliis
425 532 535 601 fulva.
587 528 678 599 Nam
700 527 797 600 Gaza
814 522 986 622 χαροπὰν
1003 528 1107 596 vertit
1156 524 1265 616 nique
1282 546 1362 591 vcra
1378 521 1443 591 Dei
1459 520 1591 609 agnitio
1611 545 1746 591 rumex
1763 524 1973 613 ipsiusvoce
1996 550 2142 596 sumen·

114 633 273 715 iulrnm,
311 632 436 725 quales
466 645 550 702 sunt
578 631 672 701 oculi
700 631 863 713 leonum,
896 626 1107 720 aqrtilarum,
1155 627 1199 693 da
1223 623 1285 707 sit,
1318 624 1442 694 auditu
1468 644 1557 712 opus
1579 646 1655 692 esse
1668 625 1891 694 manifestum
1915 639 1980 696 est.
2030 624 2141 696 Cum-

115 746 313 804 torturum.
366 729 474 802 Hunc
497 734 651 803 colorem
677 732 885 801 Aristoteles
909 730 1027 823 inquit
1048 729 1105 797 in·
1156 749 1227 817 que
1241 748 1353 793 sermo
1369 724 1415 794 sit
1431 723 1524 792 inter
1539 725 1728 815 praecipua
1749 749 1855 817 opera
1878 723 2054 810 hominis,
2079 751 2143 796 nc-

116 834 214 926 genii
228 846 261 904 et
275 831 395 903 animi
408 835 657 924 praestantiam
676 832 884 923 significare.

216 945 360 1036 Quarta
379 948 499 1017 tunica
529 963 581 1019 εει
605 948 706 1017 nervi
736 946 859 1016 visorii
882 945 1043 1015 dilatatio
1067 943 1104 1010 in

119 1049 301 1122 mitatem
324 1047 476 1118 similem
494 1073 625 1121 nassae.
678 1046 831 1136 Quarea
849 1070 974 1135 sagena
992 1046 1105 1136 pisca-

116 1151 204 1223 toria
243 1172 382 1219 nomen
418 1150 451 1219 ei
488 1151 617 1221 lactum
658 1163 709 1219 εει
741 1139 1105 1244 ἀνφιβληστροειδὴς.

115 1250 377 1343 &amplectitur
398 1263 507 1321 totam
530 1251 759 1343 posteriorem
780 1253 898 1319 sedem
915 1248 1020 1317 vitrei
1037 1243 1106 1314 hu-

115 1353 242 1437 moris,
268 1364 305 1421 et
320 1352 517 1443 porrigitur
531 1376 642 1445 nsque
659 1353 702 1421 ad
721 1352 877 1420 medium
895 1350 1002 1419 oculi.

214 1467 357 1558 Quinta
394 1469 514 1539 tunica
560 1472 700 1540 Aranea
740 1468 966 1546 nominatur,
1016 1486 1105 1557 quae

114 1583 166 1643 est
180 1569 419 1640 interstitium
432 1582 552 1658 tegens
562 1570 711 1640 vitreum
728 1583 763 1639 et
778 1568 1021 1662 crystallinum
1039 1562 1106 1634 hu·

115 1695 277 1756 morem,
310 1683 347 1740 et
376 1671 579 1740 discernens
604 1673 648 1740 ab
670 1694 799 1764 nqueo,
829 1692 869 1738 ac
899 1669 1004 1736 eflicit
1028 1690 1106 1758 cry-

117 1773 263 1845 stallino
285 1766 428 1839 humori
453 1771 548 1839 velut
572 1769 931 1860 glaberrimi‘spcculi
958 1767 1105 1858 superli-

117 1877 207 1944 ciem
211 1923 227 1957 ,
254 1884 298 1942 nt
319 1872 417 1940 inea
439 1872 540 1940 reddi
558 1887 591 1942 et
606 1872 741 1960 fulgere
764 1871 933 1960 imagines
950 1892 1011 1937 seu
1027 1890 1105 1956 spe-

117 1976 188 2046 cies
207 1987 373 2063 acceptae
387 1973 540 2064 possint,
567 1997 606 2043 ac
623 1974 726 2063 longe
742 1972 862 2042 omnia
879 1970 1019 2063 specula
1035 1968 1105 2036 cla-

117 2077 223 2146 ritate
244 2073 372 2147 νὶιιείι.

216 2173 402 2244 Humores
414 2185 485 2243 tres
499 2187 593 2243 sunt.
631 2170 798 2266 Aqueus,
823 2172 885 2264 qui
898 2170 1030 2240 fluidus
1044 2180 1107 2247 est,

120 2277 327 2347 continetur
350 2273 447 2346 inter
467 2297 652 2358 corneam,
678 2285 718 2342 ut
734 2273 779 2342 sit
805 2272 1030 2342 intervallum
1049 2269 1107 2335 in-

120 2393 174 2449 ter
193 2397 366 2446 corneam
391 2387 425 2444 et
452 2398 635 2454 araneam,
667 2374 755 2444 utile
783 2372 1005 2453 refractioni,
1038 2390 1106 2460 quaa

121 2477 254 2567 specics
269 2475 438 2545 collectae
457 2475 659 2565 dirigantur
672 2477 715 2544 ad
735 2488 895 2544 centrum
913 2469 1108 2567 crystallini

120 2573 299 2648 humoris.

222 2675 373 2746 Vitreus
396 2674 529 2769 dicitur
550 2675 643 2744 vitro
665 2674 854 2768 liquefacto
883 2672 1026 2757 similis,
1052 2670 1106 2738 ni-

121 2777 273 2870 gredine
287 2778 439 2871 quadam
455 2777 565 2846 mixta
583 2777 675 2849 albo.
716 2774 789 2844 Nec
804 2787 855 2845 cst
872 2775 1021 2852 fluidus,
1048 2771 1109 2839 scd

119 2880 309 2972 aliquanto
330 2877 481 2950 firmior.
540 2877 676 2970 Estque
699 2877 797 2945 sedes
820 2873 1015 2968 crystallini
1041 2867 1109 2941 hu-

119 2979 241 3050 moris.
298 2975 391 3048 Nam
415 2972 547 3049 humor
569 2977 794 3072 crystallinus
814 2972 899 3045 huic
922 2974 1033 3044 vitreo
1051 2973 1111 3040 in·

122 3095 238 3151 sertus
255 3091 332 3161 est,
356 3089 526 3172 tanquam
541 3101 677 3168 gemma
691 3077 845 3161 annulo,
873 3100 913 3144 sc
934 3074 1020 3144 dicit
1036 3071 1111 3142 Ga-

120 3182 225 3253 lenus
238 3203 260 3249 a
274 3179 392 3250 vitreo
407 3173 558 3250 humore
574 3178 705 3248 nutriri
719 3176 975 3271 crystallinum.

221 3295 554 3367 Praestantissimus
576 3291 707 3365 humor
728 3307 779 3364 est
803 3293 1045 3387 crystallinus,
1072 3289 1110 3359 in

120 3421 192 3494 quo
226 3396 436 3467 immediate
466 3397 506 3467 fit
536 3397 640 3468 visio.
697 3391 763 3465 Est
783 3398 879 3464 enim
904 3389 962 3462 bic
982 3387 1111 3461 humor

121 3513 296 3593 tauquam
323 3496 584 3589 lucidissimum
620 3496 825 3588 speculum,
855 3518 930 3563 non
967 3493 1111 3562 aliunde

121 3601 231 3694 perita
255 3596 361 3679 loce,
392 3599 454 3667 sed
483 3619 546 3667 sua
574 3611 700 3667 natura
731 3597 870 3682 lucens,
903 3607 938 3666 et
957 3606 1112 3665 coeteras

121 3700 218 3773 oculi
240 3713 384 3792 partes,
414 3698 453 3768 in
483 3696 613 3790 quibus
641 3710 693 3767 est
720 3697 861 3779 lumen,
893 3693 1111 3765 illuminans.

122 3799 195 3873 ttae
216 3813 273 3872 est
292 3799 429 3871 fluidus
454 3792 602 3882 humor,
627 3798 689 3866 sed
712 3795 817 3889 paulo
841 3797 996 3880 firmior,
1022 3819 1112 3886 pene

124 3917 278 3987 attera,
304 3898 515 3991 ut'recipcre
532 3897 702 3986 imagines
724 3899 853 3988 possit,
882 3898 992 3988 ligura
1007 3896 1113 3966 lentis

127 4002 166 4071 in
179 4015 305 4073 centro
324 3998 432 4071 oculi.
481 3997 663 4070 Interdum
679 3996 815 4087 fulgor,
839 4011 880 4068 ut
897 3998 936 4066 in
950 3997 1036 4080 fele,
1062 3996 1112 4065 ef·

126 4102 241 4174 tundit
253 4102 385 4172 lumen
400 4112 496 4169 extra
514 4099 646 4181 oculos,
671 4102 768 4169 unde
784 4099 976 4171 existimari
988 4110 1114 4190 potest,

127 4204 239 4298 qualia
255 4203 309 4275 sit
324 4201 493 4303 luciditas
508 4195 615 4271 huius
628 4195 800 4275 humoris.

552 4399 686 4471 Aures.

221 4549 314 4623 Non
336 4541 458 4617 omnia
485 4545 598 4616 oculis
621 4545 860 4636 accipiuntur,
891 4567 981 4639 quae
1008 4546 1113 4615 disci·

129 4675 225 4736 nus,
242 4651 310 4721 aed
327 4645 441 4717 multa
455 4668 618 4716 sermone
634 4649 836 4730 traduntur,
862 4647 934 4714 imo
951 4647 1112 4718 doctrina

128 4750 330 4825 ministerio
352 4745 539 4819 oculorum
562 4761 596 4818 et
611 4746 761 4816 aliorum
784 4769 949 4816 sensuum
966 4740 1113 4817 inchoa-

1156 850 1332 918 quaquam
1357 826 1545 894 obscurum
1569 839 1637 906 est,
1672 825 1797 914 ingens
1827 849 1900 898 εεεε
1930 828 2141 898 beneficium

1156 927 1317 1017 auditus,
1345 950 1415 1018 quo
1432 927 1510 996 solo
1528 927 1699 1018 accipitur
1715 950 1846 1000 sermo.

1256 1026 1408 1096 Aurium
1434 1028 1628 1097 substantia
1660 1029 1886 1118 cartilaginea
1919 1042 1989 1113 est,
2020 1027 2143 1099 mellis

1156 1140 1190 1196 et
1207 1128 1341 1212 tenuis,
1368 1152 1456 1221 quae
1471 1150 1575 1220 gyros
1591 1142 1624 1199 et
1640 1131 1819 1199 anfractus
1834 1131 1936 1200 intus·
1947 1126 2073 1213 habet,
2101 1141 2143 1198 ut

1156 1251 1263 1297 sonos
1276 1229 1444 1320 paulatim
1461 1229 1601 1317 colligat
1618 1244 1652 1299 et
1668 1229 1864 1315 contineat,
1888 1255 1934 1300 nc
1955 1230 2072 1300 subito
2088 1229 2140 1298 ir-

1157 1343 1297 1398 ruentes
1323 1329 1362 1396 in
1388 1352 1558 1419 organum
1590 1331 1754 1416 auditus,
1784 1344 1845 1403 aut
1867 1332 2144 1415 confundantur,

1156 1441 1217 1499 aut
1230 1428 1371 1499 laedant
1385 1453 1568 1519 organum.

1259 1528 1435 1601 Foramen
1458 1543 1509 1599 est
1537 1530 1574 1598 in
1604 1530 1765 1616 ossibus,
1792 1556 1882 1624 quae
1907 1546 2063 1624 petrosa,
2087 1534 2144 1601 la-

1158 1625 1306 1722 θοεεδῆ,
1330 1632 1582 1711 nominantur,
1609 1656 1759 1724 quorum
1776 1659 1820 1703 eu
1833 1650 1884 1706 est
1897 1634 2049 1703 duricies
2063 1656 2141 1702 ma-

1158 1730 1233 1815 ior,
1258 1744 1299 1800 ut
1319 1733 1483 1801 muniant
1504 1755 1674 1820 organum
1700 1734 1853 1804 auditus.
1905 1732 1950 1803 ln
1971 1759 2012 1803 eo
2044 1733 2141 1804 lora·

1159 1832 1253 1899 mine
1272 1834 1343 1900 diro
1359 1847 1441 1901 sunt
1463 1832 1644 1924 panniculi
1660 1832 1806 1903 subtiles
1829 1848 1862 1906 et
1878 1835 2003 1918 solidi,
2025 1834 2098 1903 orti
2120 1858 2142 1903 a

1157 1933 1275 2001 nervis
1304 1933 1482 2004 auditivis.
1541 1933 1643 2000 Alter
1674 1935 1884 2022 panniculus
1911 1936 2069 2006 continet
2107 1947 2141 2003 ct

1158 2032 1277 2120 alligat
1291 2033 1481 2103 ossiculum
1498 2030 1612 2101 simile
1630 2033 1770 2117 incndi,
1799 2038 1895 2128 quod
1909 2050 2027 2107 tamen
2043 2049 2143 2106 extra

1158 2133 1389 2225 panniculum
1404 2155 1511 2225 supra
1524 2132 1587 2201 ubi
1603 2134 1746 2219 feritur,
1772 2137 1918 2206 eminet.

1260 2247 1387 2319 lncudi
1415 2270 1499 2320 vero
1527 2248 1626 2319 aliud
1659 2250 1849 2322 ossiculum
1877 2253 1992 2321 simile
2015 2253 2143 2330 malleo

1158 2363 1256 2441 parte
1283 2351 1463 2442 superiore
1493 2351 1631 2420 nervcis
1662 2352 1916 2423 membranulis
1944 2377 2144 2422 connexum

1159 2465 1228 2535 est,
1261 2455 1357 2544 qnod
1378 2453 1423 2521 ab
1452 2452 1562 2522 altero
1593 2451 1784 2541 panniculo
1810 2455 2020 2537 sustinetur,
2050 2454 2142 2522 sicut

1159 2549 1290 2620 chorda
1307 2566 1473 2646 tympano
1489 2552 1696 2624 intenditur.
1746 2549 1825 2622 Etsi
1841 2568 1956 2624 autem
1971 2579 2045 2623 uon
2061 2577 2144 2644 per-

1159 2653 1278 2744 spicue
1309 2654 1528 2740 singularum
1559 2653 1713 2742 partium
1743 2654 1856 2723 officia
1881 2656 2034 2725 describi
2061 2676 2145 2744 pos-

1159 2766 1263 2837 sunt,
1286 2765 1405 2822 tamen
1427 2749 1495 2823 boc
1521 2765 1653 2822 certum
1676 2765 1745 2837 εει,
1771 2755 1992 2826 auditionem
2006 2756 2052 2835 tn
2077 2755 2142 2823 illo

1160 2865 1278 2922 meatu
1300 2853 1397 2939 fieri,
1421 2878 1484 2945 per
1504 2852 1651 2943 spiritus
1675 2854 1713 2921 in
1744 2857 1875 2927 nervis.
1926 2854 1974 2927 Et
1999 2855 2144 2924 excitari

1159 2953 1304 3044 spiritus
1318 2955 1541 3044 percussione
1562 2953 1645 3038 illa,
1671 2978 1739 3046 qua
1763 2956 1948 3026 malleolus
1971 2957 2146 3045 impulsus

1158 3080 1181 3125 a
1205 3054 1302 3123 sonis
1320 3054 1404 3125 serit
1427 3055 1605 3126 incudem.
1656 3051 1810 3124 Mirifica
1840 3080 1924 3127 vero
1952 3059 2067 3145 imago
2091 3068 2144 3127 εει
2238 3138 2241 3143 ,

1159 3155 1374 3229 docentium.
1418 3146 1670 3226 'concionator
1702 3155 1829 3246 accipit
1850 3180 1973 3227 vocem
2007 3154 2144 3226 diviui-

1159 3270 1238 3340 tus,
1266 3267 1303 3326 ει
1322 3269 1491 3348 tanquam
1514 3253 1699 3325 malleolus
1719 3256 1801 3326 ierit
1824 3257 2009 3342 incudem,
2042 3257 2147 3326 vidc-

1160 3357 1242 3428 licet
1269 3372 1412 3447 pectora
1440 3354 1685 3444 audientium,
1711 3379 1751 3429 ac
1779 3357 1886 3427 simul
1912 3360 2058 3452 spiritus
2082 3382 2147 3427 cs-

1159 3458 1302 3530 citatur.

1575 3654 1711 3726 Nares.

1262 3801 1349 3873 Tria
1365 3814 1447 3871 aunt
1465 3823 1590 3891 magna
1606 3803 1772 3873 beneficia
1786 3801 1956 3886 Narium,
1982 3805 2148 3876 attractio
2186 3838 2192 3847 ’

1161 3905 1254 3977 a'e‘ris
1275 3917 1308 3974 et
1332 3902 1515 3994 expiratio.
1566 3899 1745 3973 Attractio
1763 3905 1934 3990 odorum,
1958 3919 1999 3977 ut
2020 3907 2144 3976 iuvent

1161 4008 1363 4087 cerebrum,
1388 4025 1432 4071 ac
1445 4005 1594 4074 ¹foveant
1614 4017 1648 4073 et
1672 4018 1824 4094 augeant
1845 4006 1990 4099 spiritns
2006 4006 2147 4076 anima-

1161 4111 1225 4178 les.
1272 4103 1436 4174 Tertium
1451 4117 1504 4175 est
1524 4104 1659 4174 evectio
1672 4105 1839 4197 pituitae,
1862 4108 1966 4178 valde
1986 4128 2146 4177 neccssa-

1161 4210 1215 4279 ria
1229 4207 1385 4278 cerebro.

1261 4322 1393 4412 Figura
1415 4320 1555 4392 narium
1576 4338 1661 4401 nota
1691 4338 1762 4411 est,
1792 4336 1826 4396 et
1855 4318 1911 4392 bis
1933 4322 2056 4395 usibus
2085 4347 2148 4395 ac·
2191 4320 2194 4327 ⁴

1162 4427 1398 4498 commodata.

1263 4539 1468 4612 Substantia
1492 4553 1544 4610 εει
1581 4541 1734 4611 inierins
1769 4540 1880 4630 magis
1911 4543 2150 4632 cartilaginea,

1161 4643 1324 4736 superius
1354 4641 1465 4732 magis
1492 4662 1602 4715 ossea.
1659 4639 1774 4731 Supra
1795 4664 1899 4712 nares
1925 4645 1995 4714 ossi
2017 4645 2150 4716 frontis

1163 4749 1335 4816 insertum
1358 4755 1409 4812 est
1435 4765 1492 4827 os,
1518 4741 1616 4834 quod
1635 4740 1746 4811 multa
1764 4742 1868 4814 exilia
1888 4745 2064 4815 foramina
2079 4741 2148 4815 ha·

126 4866 180 4938 ta,
203 4871 378 4923 sermone
392 4847 650 4918 exaedificanda
670 4860 739 4932 est,
771 4861 827 4931 ut,
859 4869 940 4916 cum
959 4848 1113 4918 vidimus
1162 4850 1242 4932 bet,
1267 4867 1361 4940 qarae
1373 4856 1457 4912 sunt
1472 4857 1608 4912 meatus
1622 4854 1656 4910 ει
1671 4842 1782 4928 adria,
1804 4856 1838 4914 et
1852 4846 2026 4933 odarum,
2049 4849 2148 4939 quod

128 4954 278 5047 eclipsin
300 4951 428 5033 tunae,
451 4960 571 5037 postea
593 4949 700 5038 longa
721 4947 989 5019 ratiocinatione
1005 4971 1114 5040 quae-
1161 4948 1353 5041 antiquitas
1367 4942 1529 5014 nominat
1543 4926 1826 5036 veffidtsosrdir,
1853 4946 1890 5016 id
1914 4960 1988 5033 est,
2014 4947 2148 5019 colato-

127 5057 240 5126 rimua
252 5071 401 5131 amas,
424 5047 560 5140 positus
574 5061 688 5119 terrae
703 5063 738 5121 ct
757 5050 881 5135 lunae,
904 5049 1112 5119 umbrarum
1163 5050 1219 5119 rio
1232 5048 1364 5128 simile,
1389 5046 1445 5114 vel
1462 5038 1719 5140 σπογγοειδὲς,
1742 5046 1824 5140 quia
1842 5049 1952 5118 multa
1970 5049 2008 5117 in
2030 5074 2072 5119 eo
2087 5051 2147 5119 fo-

126 5152 359 5236 diaeriniua,
379 5151 564 5235 docemm,
585 5172 698 5243 quare
717 5174 790 5220 non
810 5149 961 5240 singulis
980 5151 1114 5218 mensi-
1162 5151 1299 5220 ramira
1334 5144 1624 5236 conspiciuntur,
1654 5145 1824 5218 velutin
1854 5151 2017 5240 spongia.
2071 5148 2150 5222 Re·

128 5257 193 5329 bra
216 5257 310 5327 bnt
337 5251 496 5341 eclipses.
554 5247 745 5344 Postquam
776 5264 871 5323 tactu
895 5263 1113 5341 compertum
1161 5253 1335 5323 cautiores
1353 5259 1524 5338 putarunt
1544 5244 1628 5316 ideo
1646 5248 1781 5320 dictum
1806 5250 2037 5334 colatorium,
2061 5252 2167 5342 quia

128 5369 198 5446 cat,
223 5376 385 5451 corpora
406 5351 450 5423 in
467 5349 562 5423 febri
580 5350 795 5424 inflammari
821 5352 927 5440 vino,
955 5350 1114 5425 mediam
1160 5353 1210 5426 ait
1226 5364 1366 5425 meatus
1382 5346 1554 5442 pituitae,
1575 5349 1641 5420 aad
1663 5362 1821 5438 renuat,
1839 5351 1930 5423 alios
1953 5370 2028 5420 esse
2042 5350 2154 5440 quad
