4538 5754
96 228 221 319 4849.
250 317 252 320 ,

229 398 393 472 Primum
422 399 539 486 enim,
572 421 651 471 cum
686 396 778 470 ratio
802 395 900 469 videt
924 397 1119 487 potentiam

112 503 320 598 impiorum
337 503 375 572 in
392 504 539 588 mundo,
565 525 646 570 cnm
660 500 757 570 videt
772 499 982 570 afflictiones
997 511 1033 570 ct
1046 500 1119 567 exi·

112 621 181 681 tus
202 605 356 695 tragicos
378 605 541 697 piorum,
566 601 783 693 obstupescit
807 613 841 671 et
863 600 991 690 incipit
1012 623 1119 694 quae-

113 733 222 792 rere,
255 731 300 776 an
322 705 418 777 Deus
441 718 540 776 curet
567 712 622 773 re's
647 699 833 777 humanas.
903 699 988 772 ldeo
1011 702 1117 791 plena

114 825 208 883 sunt
224 810 385 903 poemata
401 801 467 876 hac
483 805 718 885 dubitatione,
743 820 784 877 ut
800 799 1117 895 apudVirgilium:

330 915 383 978 An
399 929 429 977 te
442 919 579 996 genitor,
603 935 675 976 oum
688 913 818 976 fulmina
830 925 966 997 torques,

276 1017 488 1103 Nequioqnam
506 1009 689 1080 horremus?

227 1128 281 1202 Ac
296 1131 409 1202 multo
425 1130 536 1219 magis
552 1126 720 1220 expressit
734 1121 828 1196 hanc
844 1125 1117 1198 admirationem

115 1232 324 1306 dubitantis
339 1245 374 1304 et
387 1230 668 1322 obstupescentis
680 1222 1012 1320 animiEnripides,
1036 1250 1117 1297 cum

101 1332 189 1408 sit:
219 1333 318 1425 Quid
334 1335 429 1404 dices
445 1331 589 1418 deDeo,
616 1355 696 1401 cum
712 1331 832 1400 videas
845 1329 915 1398 iam
931 1323 1020 1413 hoc,
1045 1329 1117 1399 iam

116 1434 212 1509 illuc
231 1436 318 1506 serti
342 1436 483 1521 divina,
509 1447 544 1507 et
567 1446 714 1507 eventus
731 1430 888 1503 accidere
906 1431 1060 1503 incertos
1076 1453 1116 1501 ac

117 1538 464 1631 praesentationem.

228 1653 303 1727 Nec
318 1668 482 1746 putemus
497 1653 623 1725 leviter
638 1653 791 1724 exerceri
806 1652 945 1724 animos
963 1645 1029 1721 hac
1042 1650 1115 1720 dis-

118 1758 321 1853 putatione.
372 1754 442 1827 Sed
465 1760 618 1827 secunda
643 1756 755 1828 multo
781 1748 833 1827 est
855 1754 992 1824 durior.
1042 1748 1117 1823 Da·

119 1861 186 1932 vid
197 1860 416 1949 ‚obiurgatus
437 1882 456 1927 a
471 1854 617 1930 Nathan
637 1880 720 1927 vere
736 1857 841 1928 sentit
857 1852 974 1927 Deum
992 1876 1116 1925 curare

119 1986 183 2034 ros
211 1957 406 2044 humanas,
441 1963 502 2030 sed
533 1960 604 2030 iam
637 1971 782 2050 propter
807 1971 988 2050 peccatum
1010 1979 1115 2026 sunm

119 2065 304 2154 disputat,
329 2086 376 2132 an
391 2060 501 2132 Deus
512 2061 673 2132 reiecerit
694 2060 832 2153 ipsum,
858 2082 903 2129 an
919 2078 1042 2129 rursus
1056 2081 1116 2126 es-

119 2166 315 2239 auditurus
329 2168 375 2235 sit
391 2187 482 2234 euin.

230 2280 370 2353 Horum
402 2298 579 2355 terrorum
609 2281 892 2375 magnitudinem
918 2280 994 2373 ipse
1015 2301 1116 2370 saepe

120 2386 298 2458 describit
311 2382 522 2472 inPsalmis,
539 2400 604 2456 ut:
630 2385 714 2456 Non
729 2398 781 2455 cst
794 2408 862 2475 pax
877 2385 1014 2454 ossibus
1030 2380 1117 2451 meis

120 2514 144 2559 a
170 2488 262 2559 facie
284 2500 506 2578 peccatorum
528 2511 710 2572 meonsm,
735 2500 770 2559 et
791 2481 977 2556 Ezechias:
1004 2481 1117 2572 Quasi

121 2592 186 2661 leo
215 2588 386 2659 contrivit
413 2590 534 2658 omnia
561 2611 637 2658 ossa
661 2612 749 2662 mea.
815 2585 887 2657 Nec
911 2585 1015 2678 pauci
1036 2608 1117 2655 suc-

121 2690 305 2763 cumbunt
333 2690 371 2758 in
400 2685 469 2760 hoc
497 2690 706 2774 certamine,
741 2688 899 2780 oppressi
928 2700 1116 2778 conspectu

120 2792 262 2888 pcccati
284 2805 320 2862 et
340 2790 414 2861 irae
428 2790 515 2878 Dei,
539 2793 630 2861 sicut
646 2790 754 2877 Saul,
780 2803 815 2861 et
832 2791 893 2860 alii
910 2789 1117 2860 innumera-

121 2892 231 2968 biles.
281 2889 383 2963 Aliss
404 2907 522 2964 autem
549 2894 659 2982 magis
682 2892 834 2962 sentitur
855 2887 941 2962 haec
958 2891 1120 2974 tentatio,

122 2995 221 3067 alias
247 2994 385 3064 minuas
430 2997 491 3065 sed
516 3007 632 3064 tamen
656 3016 795 3085 semper
819 2993 916 3063 adest
942 2990 1118 3063 dubitatio

123 3096 170 3171 in
191 3097 355 3165 omnium
377 3097 524 3178 animis,
549 3120 641 3188 qnae
661 3119 697 3164 sc
712 3095 821 3165 exerit
835 3094 987 3164 maxime
1003 3092 1041 3162 in
1058 3117 1120 3162 ve-

121 3197 180 3269 ris
193 3196 393 3268 doloribus:
419 3197 470 3267 ibi
487 3221 566 3267 cum
582 3198 637 3266 lex
653 3197 757 3267 etiam
771 3208 910 3266 accusat
924 3218 1007 3282 nos,
1033 3217 1119 3264 con-

122 3299 294 3370 firmatur
322 3298 516 3380 dubitatio,
550 3313 585 3370 et
615 3300 771 3371 deterret
798 3321 819 3368 a
842 3299 911 3368 lide
935 3311 971 3368 et
994 3318 1015 3367 a
1037 3319 1121 3367 vcra

124 3400 367 3472 invocmione.

232 3513 330 3589 Haec
360 3531 500 3611 peccata
530 3531 633 3589 vocat
655 3516 789 3590 Paulus
810 3516 970 3589 Affectus
998 3538 1123 3610 pecca-

124 3635 271 3704 torum,
297 3621 359 3713 qni
384 3644 447 3713 per
468 3621 580 3710 legem
599 3633 700 3690 erant
717 3620 883 3697 efficaces.
935 3618 1026 3689 Nam
1041 3641 1121 3689 cum

126 3722 189 3793 lex
221 3735 359 3792 accusat
387 3721 658 3806 conscientiam,
691 3721 783 3811 fugit
803 3719 917 3792 Deum
948 3735 982 3792 ct
1004 3720 1123 3790 fremit

127 3825 304 3897 adversus
322 3820 458 3894 Deum:
493 3848 569 3894 non
599 3825 707 3894 audet
735 3836 855 3915 petere
884 3835 917 3893 et
942 3833 1123 3914 expectare

125 3924 285 4017 gratiam
307 3939 341 3997 et
363 3926 556 4010 auxilium,
581 3924 662 3995 ideo
682 3923 824 3995 animus
838 3939 897 3996 aut
913 3924 1017 3996 tacita
1034 3946 1124 4017 qua·

127 4029 238 4111 dam,
266 4041 327 4099 aut
354 4028 539 4098 manifesta
565 4026 810 4118 desperatione
832 4026 971 4119 quaerit
990 4025 1124 4098 auxilia

128 4142 168 4200 et
185 4128 359 4218 praesidia
376 4142 498 4199 contra
514 4125 820 4198 voluntatemDei.
871 4124 928 4198 Ex
942 4121 1012 4198 hoc
1026 4128 1125 4197 fonte

128 4230 303 4303 oriuntur
318 4226 525 4301 bominibus
540 4231 651 4302 multa
668 4228 826 4318 ingentia
842 4230 947 4299 mala.

239 4361 365 4435 Tertio
385 4364 490 4437 etiam
507 4387 586 4434 cum
603 4363 721 4458 aliqua
735 4362 978 4433 consolatione
993 4384 1030 4433 se
1048 4386 1126 4434 sus·

130 4479 252 4542 tentat
275 4467 435 4551 animus,
461 4479 496 4536 et
517 4464 643 4557 incipit
659 4487 798 4555 sperare
815 4465 981 4554 gratiam:
1005 4477 1126 4537 tamen

131 4592 242 4662 saepe
265 4568 322 4653 fit,
346 4582 387 4638 ut
408 4580 566 4650 moraes
589 4567 713 4637 dilatio
736 4565 860 4636 auxilii
883 4590 1006 4637 rursus
1022 4589 1126 4638 excu-

132 4672 203 4744 tiat
219 4670 496 4741 consolationem
512 4683 548 4740 et
560 4668 642 4739 fidei
658 4668 777 4752 initia,
802 4681 836 4740 et
851 4669 987 4740 adferat
1002 4671 1127 4761 despe-

133 4773 318 4845 rationem
335 4784 370 4844 et
384 4771 685 4861 indignationem,
710 4770 801 4840 sicut
815 4770 1028 4841 describitur
1042 4767 1129 4841 haec

135 4873 294 4949 tentatio
315 4872 391 4945 lob.
406 4874 484 4947 30.:
510 4870 748 4964 Expectabam
763 4872 881 4958 bona,
905 4885 940 4942 et
956 4888 1129 4946 venerunt

136 4971 235 5073 mihi
259 4977 370 5047 mala:
396 4976 620 5067 expectabam
641 4976 758 5046 lucem
780 4987 814 5044 et
834 4988 1011 5048 venerunt
1032 4988 1131 5046 tene-

137 5082 243 5153 brae.
292 5075 343 5148 Hi
360 5090 478 5148 motus
492 5076 674 5147 inanimis
690 5075 815 5170 quanti
829 5077 919 5159 sint,
942 5099 1049 5149 nemo
1066 5102 1133 5171 po·

136 5193 212 5254 test
231 5180 351 5250 verbis
373 5178 509 5273 eloqui,
533 5179 597 5249 etsi
620 5178 870 5251 describuntur
887 5179 1007 5271 aliquo
1025 5181 1132 5249 modo

140 5285 183 5355 in
194 5277 396 5374 Prophetis,
422 5297 457 5352 et
472 5280 715 5370 significantur
731 5280 770 5350 in
784 5284 1033 5353 communibus
1048 5305 1133 5374 que-

140 5384 231 5458 relis
247 5383 408 5456 omnium
424 5382 671 5455 excellentium
687 5377 891 5455 bominum.
942 5382 1014 5456 Sed
1027 5379 1135 5457 Chri·

736 226 819 305 ιιι,
852 221 1218 310 cnununmun
1253 225 1304 338 ιιι
1338 181 1583 306 essenos]

2067 239 2168 315 1860

1170 399 1305 469 stianae
1327 399 1458 469 mentis
1482 412 1551 488 est,
1581 396 1712 474 borum
1734 405 1970 479 certaminum
1993 430 2069 479 non
2091 431 2165 482 esse

1171 501 1318 571 omnino
1338 506 1473 572 rudem.
1697 520 1701 527 ·

1271 618 1453 688 Adversus
1484 613 1550 688 hos
1582 619 1743 708 ingentes
1771 633 1889 690 motus
1909 646 1982 694 una
2003 626 2103 696 firma
2128 642 2163 699 et

1171 719 1291 790 efficax
1319 720 1515 790 consolatio
1547 735 1599 792 est
1628 722 1696 813 piis
1726 746 1808 792 vere
1838 746 2027 815 agnoscere
2052 722 2160 797 Chri·

1169 835 1283 906 stum‚
1311 834 1345 892 et
1366 834 1563 892 sustentare
1584 847 1621 893 se
1640 823 1875 915 promissione
1891 822 1977 911 Dei,
2003 841 2037 898 et
2050 822 2158 898 Chri·

1170 923 1213 993 sti
1240 923 1397 996 victoria.
1450 921 1494 993 ln
1519 919 1587 993 hoc
1609 925 1704 994 enim
1718 949 1810 995 vere
1830 947 1867 995 se
1886 924 1983 998 Deus
2005 931 2156 999 manile·

1168 1024 1293 1109 stavit,
1317 1039 1351 1095 et
1366 1025 1530 1115 patefecit
1544 1040 1693 1111 certam,
1718 1039 1830 1096 ratam
1847 1040 1881 1097 et
1896 1028 2155 1102 immutabilem

1169 1126 1389 1197 voluntatem
1413 1149 1531 1196 suam:
1557 1140 1592 1197 et
1611 1126 1702 1198 sicut
1723 1125 1855 1198 Paulus
1880 1129 2017 1223 inquit,
2045 1130 2086 1201 ln
2112 1156 2154 1203 eo

1168 1241 1251 1311 sunt
1267 1228 1440 1321 propositi
1457 1226 1562 1300 nobis
1579 1251 1701 1299 omnes
1716 1230 1833 1299 arcani
1846 1224 2002 1304 thesauri
2015 1235 2155 1326 sapien-

1168 1329 1250 1405 tiae.
1302 1328 1345 1399 ln
1362 1323 1459 1400 hunc
1476 1330 1607 1401 intueri
1627 1332 1767 1402 animus
1783 1331 1901 1404 debet.

1217 1464 1219 1471 '
1256 1447 1322 1519 'lta
1345 1449 1482 1543 primae
1497 1449 1684 1520 tentationi
1702 1453 1959 1522 occurrendum
1976 1469 2044 1535 est,
2071 1456 2154 1550 quia

1168 1550 1263 1621 enim
1288 1551 1435 1621 donavit
1449 1552 1553 1620 nohis
1568 1549 1664 1622 Deus
1681 1550 1835 1637 Filium,
1861 1567 2007 1624 testatur
2020 1579 2056 1625 se
2072 1581 2154 1628 vere

1167 1653 1340 1744 respicere
1367 1666 1402 1723 et
1430 1677 1554 1723 curare
1582 1676 1658 1728 nos.
1710 1651 1852 1743 Quanta
1882 1658 2096 1727 contumelia
2118 1672 2154 1729 et

1169 1749 1386 1846 blasphemia
1410 1768 1479 1836 est,
1505 1764 1665 1825 accusare¹
1680 1752 1814 1841 Deum,
1841 1759 1938 1848 quod
1959 1781 2034 1826 non
2055 1772 2153 1829 curet
2186 1843 2191 1853 1

1168 1850 1354 1925 homines?
1385 1880 1464 1926 cum
1495 1870 1594 1927 tanto
1624 1857 1771 1948 pignore
1800 1870 1947 1928 testatus
1978 1861 2023 1927 sit
2053 1883 2152 1930 suam

1168 1959 1421 2049 praesentiam,
1445 1960 1527 2029 dato
1540 1956 1657 2040 Filio,
1684 1959 1806 2031 addito
1822 1960 1930 2030 verbo
1947 1961 2154 2036 confirmato

1167 2072 1221 2131 tot
1237 2059 1415 2129 miraculis
1432 2073 1496 2130 etc.

1271 2177 1340 2250 Sed
1371 2180 1484 2271 prima
1512 2177 1659 2251 tentatio
1690 2178 1801 2267 magis
1829 2192 2036 2270 superatur,
2071 2202 2152 2251 cum

1169 2281 1363 2352 eluctamur
1385 2304 1425 2350 cx
1443 2284 1615 2351 secunda:
1642 2275 1701 2350 hic
1718 2303 1808 2372 opus
1821 2297 1873 2353 est
1885 2297 2004 2354 tenere
2019 2283 2153 2353 doctri·

1169 2408 1250 2452 nam
1260 2378 1464 2474 Evangelii,
1491 2385 1585 2477 quod
1602 2383 1649 2452 ob
1664 2377 1755 2452 hanc
1770 2383 1882 2474 ipsam
1897 2406 2035 2455 causam
2046 2379 2154 2458 Chri·
2263 2414 2267 2423 ·

1169 2499 1243 2556 stus
1266 2478 1444 2558 exhibitus
1463 2501 1496 2557 et
1515 2507 1638 2577 passus
1652 2484 1718 2569 sit,
1744 2497 1784 2554 ut
1797 2500 1897 2577 pater
1912 2488 2015 2557 nobis
2029 2487 2154 2556 remit-

1169 2600 1220 2659 tat
1251 2601 1409 2680 peccata,
1443 2600 1478 2658 et
1509 2587 1674 2659 exaudiat
1697 2597 1731 2656 et
1753 2586 1864 2656 salvet
1885 2611 1968 2658 nos:
2001 2602 2037 2661 et
2057 2587 2155 2681 quod

1169 2683 1227 2758 hic
1244 2688 1289 2759 sit
1305 2711 1463 2761 summus
1479 2688 1594 2760 cultus
1608 2686 1694 2771 Dei,
1719 2681 1789 2758 hoc
1803 2689 1964 2775 credere,
1989 2690 2156 2784 quodque

1169 2814 1252 2860 vere
1273 2785 1359 2861 haec
1380 2791 1587 2879 contingant
1603 2789 1708 2860 nobis
1725 2811 1800 2858 non
1815 2790 1902 2860 alibi
1916 2787 2033 2861 Deum
2048 2812 2157 2884 qnae-

1171 2892 1351 2979 rentibus,
1384 2893 1446 2961 sed
1475 2891 1754 2963 sustentantibus
1783 2891 1922 2961 animos
1944 2892 2022 2986 ipso
2044 2893 2155 2962 verbo

1171 2991 1256 3077 Dei,
1290 3007 1324 3064 et
1346 2993 1610 3086 expectantibus
1633 2992 1805 3063 auxilium
1826 3016 1846 3062 a
1866 2990 1957 3068 Deo.
2006 2991 2156 3064 Etiamsi

1171 3095 1324 3166 incurrit
1347 3095 1386 3164 iu
1407 3095 1528 3166 oculos
1549 3096 1758 3185 magnitudo
1780 3097 1911 3185 peccati
1933 3108 1967 3165 et
1987 3095 2059 3164 irae
2076 3093 2158 3178 Dei,

1172 3211 1289 3270 tamen
1311 3198 1494 3268 sciendum
1513 3211 1581 3282 est,
1605 3219 1778 3266 summam
1795 3197 2042 3267 contumeliam
2059 3198 2167 3267 intu-

1172 3323 1248 3370 ram
1270 3294 1433 3380 Christo,
1467 3300 1497 3368 si
1521 3323 1600 3368 eam
1621 3298 1801 3368 victimam
1825 3321 1900 3373 non
1921 3300 2157 3368 anteferamus

1174 3415 1314 3493 peccato
1336 3414 1469 3472 nostro.
1522 3395 1702 3471 Exuberat
1718 3401 1811 3468 enim
1829 3401 1938 3488 gratia
1952 3423 2059 3492 supra
2074 3422 2157 3491 pec-

1174 3514 1312 3588 catum,
1337 3500 1444 3575 Rom.
1456 3500 1509 3574 dn
1535 3500 1700 3594 Denique
1715 3525 1798 3570 vera
1812 3497 1999 3589 Evangelii
2012 3515 2158 3573 sentcn-

1174 3605 1223 3676 tia
1245 3606 1289 3673 de
1309 3606 1544 3693 promissione
1565 3603 1715 3694 gratuita
1738 3616 1771 3672 et
1794 3604 2009 3687 universali,
2042 3604 2080 3672 in
2101 3598 2160 3673 his

1175 3706 1342 3776 ductibus
1363 3721 1484 3795 portus
1508 3729 1581 3773 esse
1604 3705 1723 3774 debet:
1758 3704 1854 3773 etin
1879 3706 1942 3775 tali
1966 3704 2159 3777 tentatione

1175 3803 1260 3876 haec
1276 3807 1350 3897 ipsa
1367 3803 1551 3896 Evangelii
1570 3807 1798 3877 sententia-fit
1814 3806 1919 3876 nobis
1938 3808 2122 3878 illustrior.

1278 3922 1422 3996 Tertiae
1456 3925 1643 3998 tentationi
1683 3925 1789 3996 etiam
1827 3926 1989 3999 medetur
2026 3924 2159 4017 agnitio

1176 4021 1331 4111 Christi,
1351 4052 1442 4099 >cum
1465 4028 1695 4116 intelligimus
1715 4026 1787 4096 iam
1808 4025 1925 4100 Deum
1948 4027 2039 4097 velle
2062 4048 2160 4097 exer·

1177 4152 1254 4199 cere
1282 4125 1477 4200 Ecclesiam
1507 4129 1779 4211 afflictionibus,
1811 4141 1846 4197 et
1873 4142 1912 4200 nt
1932 4127 2066 4198 Paulus
2097 4128 2161 4214 ait,

1178 4226 1355 4321 Oportere
1370 4253 1436 4304 nos
1451 4233 1526 4303 lieri
1542 4232 1674 4302 similes
1688 4229 1853 4318 imaginis
1868 4227 1951 4299 Filii
1969 4226 2049 4302 Dei.
2099 4229 2161 4301 ln-

1177 4332 1369 4422 telligenda
1393 4347 1453 4404 est·
1466 4333 1572 4404 etiam
1592 4333 1751 4426 potentia
1768 4332 1923 4416 diaboli,
1946 4332 2008 4424 qui
2026 4353 2163 4421 grassa-

1178 4449 1239 4507 tur
1257 4436 1297 4505 in
1312 4430 1487 4520 Ecclesia,
1510 4436 1764 4528 sciendumque
1786 4434 1882 4527 quod
1898 4428 2063 4505 Christus
2085 4433 2165 4507 vult

1179 4530 1277 4606 subm
1302 4539 1495 4629 potentiam
1518 4538 1556 4607 in
1580 4537 1713 4607 nostris
1728 4536 1980 4609 certaminibus
1996 4536 2165 4608 adversus

1180 4637 1364 4710 diabolum
1384 4640 1582 4722 declarare,
1613 4636 1704 4711 sicut
1726 4637 1844 4732 inquit
1864 4635 2031 4725 loannes,
2055 4633 2168 4708 Chri..

1180 4753 1273 4813 stum
1290 4741 1328 4810 iu
1344 4735 1411 4811 hoc
1426 4740 1650 4835 apparuisse,
1674 4753 1716 4813 ut
1730 4742 1886 4813 destruat
1899 4763 2004 4831 opera
2020 4739 2167 4816 diaboli.

1279 4875 1456 4966 'Quamvis
1477 4877 1586 4969 igitur
1601 4875 1748 4948 subiecti
1762 4899 1884 4948 sumus
1900 4875 2166 4964 afflictionibus,

1183 4979 1344 5074 quamvis
1360 4978 1524 5051 differtur
1537 4978 1716 5051 liberatio:
1742 4992 1860 5050 tamen
1875 5001 1950 5047 non
1963 4979 2168 5052 deficiamus

1183 5077 1314 5165 aDeo,
1338 5106 1414 5152 non
1435 5084 1628 5154 afficiamus
1650 5106 1730 5152 eum
1751 5080 1987 5166 contumelia,
2013 5105 2088 5153 non
2109 5104 2170 5153 ac·

1185 5207 1346 5254 cusemus
1369 5208 1450 5258 eum
1472 5183 1668 5269 mandacii,
1701 5183 1761 5254 sed
1784 5205 1866 5253 vere
1887 5196 2082 5254 statuamus
2105 5208 2171 5255 nos

1186 5285 1218 5356 ei
1248 5309 1353 5357 corae
1380 5309 1471 5375 esse,
1503 5311 1586 5360 vere
1608 5288 1711 5358 nobis
1731 5298 1877 5377 propter
1899 5273 2090 5355 Christum
2112 5309 2170 5356 re-

1187 5387 1280 5459 mitti
1302 5402 1460 5482 peccata,
1481 5412 1565 5463 vere
1588 5412 1654 5460 nos
1676 5387 1854 5475 exaudiri,
1878 5408 2014 5478 nosque
2028 5383 2171 5459 habitu·

1560 5487 1638 5564 85‘
