4538 5754
116 225 192 305 887

128 414 272 477 eorum,
303 387 388 484 quia
417 404 563 462 movent
592 389 729 477 Deum,
759 404 801 465 υι
825 392 940 483 rapiat
971 417 1031 465 eos
1058 394 1104 465 ad

125 514 271 588 poenas.

228 588 307 666 Etsi
334 606 453 664 autem
484 615 559 661 non
588 614 727 662 necesse
746 605 797 662 est
817 588 981 663 homines
1003 594 1106 663 malis

128 693 420 766 inclinationibus
443 693 846 783 obtemperare„tamen
869 717 971 784 saepe
994 694 1042 763 ita
1057 696 1106 780 fit,

129 809 169 867 ut
192 806 390 885 congruant
420 793 600 863 stellarum
632 794 785 884 positus,
822 806 1106 886 temperamenta,

128 919 264 974 mores,
286 896 323 964 id
345 906 414 976 est,
440 891 709 978 inclinationes,
733 895 824 963 facta
841 908 875 965 et
896 894 1010 967 exitus
1030 897 1106 988 pla-

129 996 218 1080 eidi,
249 1010 310 1065 aut
334 996 426 1066 tetri.
467 991 517 1065 Ut
540 993 579 1062 in
605 995 720 1084 genesi
752 993 966 1084 parricidae,
1000 1021 1106 1088 quam

130 1097 253 1168 recitat
266 1095 469 1178 Cardenus,
498 1095 689 1165 admodum
707 1107 816 1165 tetrae
835 1094 1107 1184 significationes

130 1209 232 1282 sunt,
263 1195 466 1267 coniunctio
488 1193 583 1265 Solis
614 1209 647 1266 et
668 1194 807 1279 Lunae,
847 1196 887 1264 in
907 1196 1107 1285 Sagittario.

130 1298 270 1370 Deinde
297 1296 477 1367 coniuncti
497 1293 620 1365 Venus
640 1309 676 1366 et
697 1294 898 1365 Mercurius
920 1296 958 1365 in
981 1295 1109 1389 Capri-

19 1400 21 1405 ’
133 1422 255 1483 corno,
277 1396 484 1488 aspicientes
500 1419 541 1465 ex
556 1397 728 1488 quadrato
744 1398 1033 1467 coniunctionem
1044 1399 1109 1470 Sa·

132 1500 232 1572 turni
246 1511 281 1569 et
294 1497 424 1568 Martis
439 1495 478 1563 in
492 1496 611 1565 Libra.
660 1491 707 1565 Et
727 1494 885 1587 luppiter
906 1497 973 1566 fuit
995 1500 1110 1570 infoe-

132 1601 203 1685 lix,
228 1622 308 1670 cum
323 1611 412 1668 emet
424 1592 605 1694 ὕπαυγος.
653 1595 704 1665 lli
719 1599 854 1686 positus
872 1597 1006 1669 malum
1020 1616 1110 1674 tem.

130 1713 388 1793 paramentum,
408 1698 617 1786 sauguinem
632 1712 801 1766 venenata
817 1697 890 1768 bile
902 1703 1110 1772 redundan-

131 1815 222 1887 tem,
253 1814 288 1870 et
316 1800 426 1870 malas
453 1797 703 1870 inclinationes
731 1799 769 1866 in
791 1803 973 1889 moribus,
1002 1799 1110 1874 vehe-

132 1901 300 1972 mentiam
315 1914 349 1970 et
363 1901 582 1968 iracundiam
606 1912 736 1968 temere
750 1914 930 1988 ruentem,
955 1905 1110 1975 crudeli-

130 2016 238 2075 tatem
251 2015 286 2073 et
294 1998 521 2092 cupiditatem
535 1998 700 2080 nocendi,
717 2013 751 2071 et
764 2003 896 2075 exitum
910 2005 1109 2076 infoelicem

131 2103 338 2194 significant.
403 2098 474 2170 Sed
503 2111 600 2171 tauta
624 2113 676 2171 est
701 2103 839 2172 miseria
864 2116 897 2172 et
924 2104 1109 2176 infirmitas

131 2199 339 2286 hominum,
364 2212 404 2270 ut
424 2201 550 2291 multi,
575 2225 664 2294 quos
685 2224 751 2271 nee
774 2204 914 2289 stellae,
939 2228 1003 2273 nec
1022 2219 1110 2275 tem·

130 2316 331 2398 peramanta
354 2304 546 2370 admodum
577 2302 727 2371 incitent
746 2305 790 2371 ad
812 2304 959 2388 scelera,
992 2321 1108 2374 tamen

132 2419 193 2474 aut
204 2428 267 2474 sua
283 2402 484 2484 voluntate,
507 2415 569 2471 aut
583 2403 728 2493 impulsi
748 2427 768 2470 a
782 2401 935 2473 Diabolo
950 2421 1056 2476 ruant
1071 2408 1108 2474 in

132 2505 321 2587 libidines,
347 2513 408 2571 aut
425 2501 557 2570 faciant
571 2505 704 2572 caedes.
730 2500 780 2571 Hi
795 2501 912 2574 tamen
928 2520 1109 2576 accersunt

133 2606 202 2675 sibi
216 2604 360 2674 exitium
378 2601 451 2671 suis
465 2602 583 2681 factis,
611 2604 694 2694 quia
717 2603 840 2672 divino
856 2605 982 2673 ordine
998 2606 1109 2676 comi-

132 2717 228 2776 tatur
243 2725 302 2772 eos
320 2701 495 2786 Nemesis,
520 2703 557 2771 id
579 2715 647 2787 est,
672 2704 828 2775 vindicta
844 2705 977 2776 divina.

233 2804 317 2875 Non
340 2816 392 2872 est
416 2803 644 2872 tribuendum
681 2805 811 2884 stellis,
843 2819 904 2875 aut
934 2818 1108 2896 tempera·

131 2917 253 2975 mento
283 2899 434 2994 Oedipi,
467 2904 564 2997 quod
595 2904 724 2974 occidit
760 2919 896 2995 patrem
938 2918 973 2975 et
1008 2907 1109 2976 duxit

131 3019 291 3076 matrem.
340 3003 442 3074 Aliae
463 3028 608 3074 arcanae
622 3028 744 3074 causae
761 3006 923 3090 fuerunt,
945 3007 1027 3099 quia
1045 3031 1108 3096 pa-

131 3121 186 3177 ter
199 3105 307 3176 Laius
329 3117 492 3196 rapuerat
515 3106 697 3175 cuiusdam
722 3105 834 3174 lilium
857 3107 900 3174 ad
915 3107 1108 3197 turpitudi-

131 3231 225 3278 nem.
260 3205 300 3276 ld
318 3207 431 3275 scelus
446 3219 519 3275 tam
535 3207 651 3274 tristes
667 3229 819 3295 poenae,
844 3218 963 3276 ettam
984 3208 1108 3296 procul

131 3320 316 3396 vagantes,
340 3320 479 3376 secutae
495 3307 630 3376 suntin
646 3306 780 3373 senune
793 3305 884 3379 Laii.
918 3303 1018 3376 Sicut
1032 3308 1107 3399 ple·

133 3429 274 3499 runque
289 3402 385 3474 Deus
399 3405 550 3475 Talioue
567 3404 692 3493 punit,
718 3405 862 3472 seminis
877 3406 1025 3474 abusum
1041 3432 1109 3496 pu·

132 3507 188 3577 uit
203 3507 239 3573 in
258 3506 418 3597 posteris,
444 3506 565 3574 caedes
584 3504 769 3589 caedibus,
791 3502 1037 3575 sicutDavidis
1052 3503 1108 3575 bi·

132 3606 241 3678 storia
263 3605 448 3698 utriusque
468 3604 520 3673 rei
542 3600 730 3674 horribilia
753 3607 910 3697 exempla
941 3609 1109 3678 continet.

131 3705 312 3778 Dimicant
333 3707 427 3776 inter
447 3727 483 3774 se
503 3705 587 3785 filii,
625 3706 720 3775 filius
743 3721 861 3777 movet
889 3709 1109 3793 seditionem,

70 3804 73 3811 ’
131 3807 261 3899 polluit
280 3807 444 3895 coniuges
459 3808 569 3896 patris
584 3820 719 3876 sanctas
735 3820 924 3878 matronas.
963 3807 1107 3878 Talium

132 3921 322 3977 eventuum
351 3930 490 3976 causam
522 3930 595 3977 non
624 3909 668 3974 ad
699 3920 811 3987 astra,
844 3921 905 3977 aut
935 3920 1109 3996 tempera·

22 4011 26 4020 ⁴
132 4021 250 4077 menta
267 4007 469 4077 referamus.
518 4005 804 4076 Consentaneum
819 4022 872 4078 est
887 4008 981 4076 euim
997 4004 1108 4078 Davi-

132 4111 189 4179 dis
203 4109 346 4198 genesin
363 4106 623 4176 foelicissimam
636 4107 760 4188 luisse,
785 4110 845 4177 sed
862 4129 996 4199 poenae
1011 4131 1108 4178 secu-

132 4224 190 4282 tae
213 4225 296 4281 sunt
317 4209 428 4300 ipsius
450 4207 581 4289 scelus,
618 4230 705 4298 quas
725 4204 821 4278 Deus
843 4221 937 4278 certo
959 4210 1108 4278 consilio

131 4324 300 4404 tanquam
325 4309 523 4398 exemplum
553 4306 739 4377 universae
760 4309 955 4399 posteritati
978 4333 1109 4399 propo-

132 4412 220 4496 suit,
244 4435 290 4481 ne
305 4435 365 4502 spe
380 4409 601 4500 impunitatis
623 4403 783 4480 homines
797 4411 914 4501 pravis
934 4411 1108 4502 cupidita·

12 4519 21 4534 ¹
132 4511 228 4581 tibus
240 4513 359 4581 frenos
381 4511 509 4580 laxent.

235 4608 370 4698 Quarta
386 4634 487 4681 eausa
503 4634 566 4702 per
587 4634 643 4691 se,
670 4622 878 4693 eventuum,
901 4603 965 4703 qui
980 4609 1108 4682 dicun-

133 4726 194 4784 tur
212 4712 374 4796 fortuiti,
403 4725 465 4779 aut
488 4733 569 4781 casu
592 4711 768 4793 accidere,
793 4723 844 4779 est
863 4712 1029 4780 materiae
1049 4712 1107 4780 io-

131 4814 302 4895 seriorum
334 4834 521 4898 corporum
544 4811 667 4899 ingens
681 4811 833 4883 varietas
857 4822 892 4880 et
907 4810 1105 4881 mobilitas:

130 4928 171 4985 υι
194 4913 286 5005 ptuit
305 4911 482 4982 interdum
504 4911 625 5004 aliquo
650 4914 686 4979 in
705 4913 801 4991 loco,
826 4935 905 4980 cuna
928 4911 966 4980 in
988 4911 1105 4982 vicino

131 5037 205 5084 non
227 5012 345 5105 pluat,
377 5009 461 5104 quia
481 5012 577 5080 venti
597 5014 647 5081 sic
668 5014 801 5101 agitant
820 5012 946 5082 nubes.
1000 5010 1106 5081 Venti

352 216 571 297 ”semera
596 205 674 294 ΡΗ.
700 213 820 296 Mat.
842 216 913 295 AD
937 211 1066 301 msa.
1089 216 1237 299 PROF.
1260 214 1330 294 ΕΤ
1354 216 1546 298 Putuos
1570 209 1900 302 spaciatum

2063 229 2143 305 888

1155 386 1282 484 Aliqui
1297 386 1558 497 homines'sunt
1573 397 1721 467 obnoxii
1735 397 1862 468 morbo
1877 396 2050 468 comitiali
2066 422 2142 468 non

1156 504 1301 582 propter
1326 493 1507 563 stellarum
1532 497 1687 585 positus,
1710 512 1773 569 aut
1793 510 1939 591 propter
1959 521 2061 569 suam
2082 501 2143 569 in·

1158 594 1444 683 temperantiam,
1470 596 1532 664 aed
1550 598 1634 690 quia
1658 611 1776 689 patres
1796 622 1920 668 eorum
1944 599 2144 670 comitiales

1157 693 1312 762 fuerunt.
1373 692 1543 765 Mirabile
1571 711 1624 768 est
1645 699 1741 769 euim
1776 723 1857 768 cum
1875 701 2009 770 semine
2036 701 2141 770 etiam

1156 793 1295 885 aliquos
1317 808 1504 885 parentum
1526 800 1691 880 morbos,
1730 811 1771 869 ut
1790 801 2004 871 comitialem
2027 797 2143 871 liche-

1157 915 1220 962 nas
1235 889 1404 967 λιθίασιν
1423 899 1624 990 propagari.

1258 1024 1341 1098 Huc
1365 1031 1545 1120 pertinent
1567 1045 1601 1102 et
1621 1025 1708 1101 haec
1730 1033 1900 1125 exempla.
1950 1031 2062 1105 Multi
2081 1058 2144 1126 pe-

1159 1127 1335 1199 stilentiae
1362 1143 1519 1225 tempore
1549 1145 1716 1222 pereunt,
1750 1134 1880 1225 quibus
1912 1156 1977 1202 nec
2006 1135 2144 1218 stellae,

1160 1253 1224 1297 uec
1240 1242 1516 1319 temperamenta
1532 1231 1636 1301 talem
1663 1232 1846 1303 interitum
1870 1233 2143 1306 minitabantur.

1160 1327 1230 1400 Sed
1248 1328 1360 1399 vincit
1372 1332 1538 1400 materiae
1553 1331 1764 1402 universalis
1777 1334 1967 1424 corruptio.
2019 1330 2068 1404 Et
2083 1358 2143 1403 re-

1161 1429 1242 1518 gula
1259 1443 1310 1498 est
1325 1429 1532 1512 Ptolemaei,
1554 1431 1772 1503 universales
1789 1457 1908 1504 causas
1925 1435 2142 1524 potentiores

1161 1552 1234 1615 esse
1249 1530 1538 1620 particularibus,
1563 1532 1653 1602 sicut
1666 1546 1809 1624 propter
1822 1534 2039 1604 universales
2055 1559 2141 1605 cau-

1161 1651 1217 1698 sas
1247 1631 1351 1701 multi
1374 1631 1542 1715 inbellis,
1573 1647 1632 1703 aut
1648 1633 1685 1700 iu
1703 1634 1848 1702 diluviis
1864 1647 2024 1726 pereunt,
2050 1659 2144 1726 quo·

1160 1752 1241 1899 pum
1262 1730 1399 1801 naturis
1418 1733 1584 1824 privatim
1607 1733 1675 1805 tale
1704 1735 1848 1804 exitium
1871 1758 1944 1804 nou
1965 1736 2144 1825 significa-

1187 1842 1280 1900 atur.

1263 1961 1441 2038 Recensui
1456 1992 1577 2040 causas
1593 1993 1657 2061 per
1668 1992 1724 2055 se,
1750 1972 1793 2039 ad
1818 1994 1905 2064 quas
1926 1970 2069 2041 fortuna
2085 1983 2144 2038 nt-

1162 2089 1301 2158 cuuque
1316 2068 1440 2137 referri
1455 2083 1584 2160 potest,
1608 2095 1697 2163 quae
1711 2072 1872 2141 doctrina
1889 2084 2031 2163 propter
2052 2073 2142 2138 duas

1162 2167 1331 2238 utilitates
1345 2172 1584 2256 cognoscenda
1601 2187 1665 2254 est,
1690 2196 1840 2263 quarum
1856 2172 1956 2263 prior
1971 2169 2040 2254 est,
2056 2171 2140 2262 quia

1162 2290 1241 2335 cum
1269 2266 1373 2336 multi
1401 2283 1547 2339 eventus
1571 2271 1609 2338 in
1637 2271 1709 2340 vita
1737 2273 1941 2342 tribuantur
1966 2272 2142 2353 fortunae,

1161 2367 1224 2458 qui
1248 2362 1342 2436 haud
1370 2369 1478 2436 dubie
1508 2393 1582 2438 non
1610 2371 1775 2439 accidunt
1802 2372 1878 2440 sine
1909 2372 2028 2463 aliqua
2058 2394 2141 2439 vera

1162 2490 1282 2545 causa,
1309 2469 1541 2540 consideratio
1565 2468 1670 2557 digua
1694 2483 1746 2540 est
1767 2465 1932 2554 bomine,
1955 2493 2142 2541 causarum

1161 2590 1223 2658 per
1239 2589 1275 2634 sc
1291 2567 1414 2636 talium
1433 2584 1644 2652 eventuum,
1669 2586 1839 2663 quantum
1855 2571 1932 2639 beri
1954 2583 2065 2663 potest
2081 2570 2141 2637 in-

1161 2667 1318 2758 quirere,
1343 2680 1382 2736 υι
1403 2669 1529 2737 seriem
1552 2693 1673 2740 earum
1694 2694 1831 2753 rerum,
1866 2694 1956 2765 quae
1977 2683 2141 2739 naturam

1161 2784 1195 2836 et
1221 2769 1330 2835 vitam
1354 2769 1570 2855 gubernant,
1598 2771 1826 2860 aspiciamus,
1858 2786 1891 2842 et
1912 2773 2040 2841 ordine
2062 2771 2142 2838 ani·

1161 2867 1344 2935 madverso
1360 2868 1495 2937 firmius
1512 2884 1721 2956 statuamus,
1746 2894 1820 2940 non
1836 2873 1911 2941 siue
1928 2884 2045 2941 mente
2059 2870 2139 2960 opi-

1159 2963 1223 3035 fice
1246 2961 1342 3036 hunc
1368 2981 1532 3039 muntum
1562 2985 1722 3044 exortum
1750 2995 1840 3053 esse,
1873 2988 1907 3042 et
1929 2984 2084 3044 mentem
2107 2970 2139 3038 ei

1160 3067 1438 3155 gubernatricem
1462 3093 1629 3159 praeesse.
2021 3061 2028 3076 ⁸

1262 3199 1384 3270 Altera
1403 3203 1538 3273 utilitas
1553 3218 1623 3288 est,
1647 3219 1688 3277 ut
1710 3228 1790 3275 cum
1806 3202 2038 3295 prospicimus
2053 3225 2140 3273 cau-

1160 3322 1215 3369 sas
1228 3322 1291 3390 per
1304 3325 1357 3383 se,
1384 3305 1552 3394 quasdam
1568 3305 1817 3374 inclinationes
1829 3303 2008 3373 moderari
2024 3305 2139 3395 possi·

1160 3424 1250 3472 mus.
1301 3398 1380 3471 Etsi
1397 3404 1491 3471 enim
1506 3419 1640 3475 mentes
1656 3399 1832 3475 humanae
1853 3429 1918 3473 nec
1934 3405 2139 3494 praevidere

1161 3522 1284 3569 omnes
1300 3517 1460 3587 eventus,
1487 3526 1551 3574 nec
1564 3518 1719 3585 mutare,
1745 3505 1881 3575 etiamsi
1895 3501 2138 3594 praevideant,

1160 3616 1328 3690 possunt,
1352 3617 1391 3672 ut
1411 3607 1456 3672 de
1478 3606 1690 3696 quibusdam
1711 3605 1895 3676 eventibus
1927 3627 1969 3676 ac
2002 3605 2139 3694 praeci·

1159 3725 1229 3791 pue
1251 3702 1297 3770 de
1318 3704 1577 3776 universalibus
1600 3730 1681 3775 vere
1703 3706 1833 3778 dicitur
1860 3705 1951 3774 illud
1973 3703 2138 3774 Pindari:

1160 3801 1288 3872 Fatum
1311 3827 1376 3873 nec
1402 3805 1513 3893 ignis,
1545 3829 1609 3874 nec
1631 3807 1764 3875 ferreus
1787 3826 1911 3875 murus
1928 3827 2050 3874 arcere
2072 3830 2138 3895 po-

1161 3916 1237 3974 test.
1298 3902 1346 3974 Ut
1366 3900 1659 3994 Carthaginenses
1686 3930 1760 3976 uon
1784 3915 1932 3996 possunt
1952 3905 2138 3995 impedire,

1160 4028 1231 4097 quo
1255 4005 1372 4073 minus
1396 4006 1544 4096 imperio
1567 4008 1725 4097 potiatur
1748 4005 1835 4076 urbs
1855 4002 1990 4089 Roma,
2014 4018 2138 4076 tamen

1160 4105 1387 4196 particulares
1409 4122 1554 4176 eventus
1580 4107 1686 4177 multi
1706 4119 1740 4176 et
1767 4106 1940 4197 prospici,
1965 4119 2002 4177 et
2022 4107 2138 4176 bonae

1160 4206 1408 4274 inclinationes
1439 4207 1573 4300 iuvari,
1607 4221 1641 4278 et
1663 4208 1775 4276 malae
1803 4205 1951 4296 reprimi
1976 4222 2138 4294 possunt,

1159 4321 1200 4377 ut
1214 4329 1316 4395 sagax
1332 4305 1495 4377 Medicus
1515 4331 1663 4397 corpora
1680 4308 1904 4398 praemunire
1917 4319 2032 4397 potest
2048 4330 2136 4376 con·

1160 4422 1213 4476 tra
1243 4421 1355 4476 certos
1378 4410 1539 4493 morbos,
1565 4409 1626 4501 qui
1651 4432 1689 4479 ea
1712 4408 1870 4479 invasuri
1899 4420 2033 4487 esseut,
2065 4410 2137 4477 nisi
2171 4437 2174 4440 ⁴

1159 4521 1372 4578 arcerentur.
1423 4507 1474 4577 lta
1490 4531 1569 4578 cnm
1586 4509 1747 4579 videmus
1760 4513 1805 4577 ad
1820 4532 1910 4601 quae
1923 4506 2014 4579 vicia
2029 4510 2138 4600 proni

1159 4629 1291 4686 sumus,
1317 4619 1461 4698 propter
1481 4611 1600 4680 stellas
1612 4622 1674 4680 aut
1690 4619 1975 4701 temperamenta,
1998 4608 2136 4682 maiora

1160 4707 1340 4797 vigilantia
1354 4710 1498 4797 regendi
1512 4723 1596 4780 sunt
1616 4731 1751 4793 mores,
1775 4733 1823 4779 ne
1846 4709 1956 4780 malae
1979 4708 2138 4779 inclina*

1158 4810 1271 4878 tiones
1284 4809 1438 4878 vincant.
1460 4806 1602 4880 Etcum
1616 4834 1658 4879 ex
1672 4806 1738 4880 hac
1752 4809 1825 4900 ipsa
1842 4811 2004 4880 doctrina
2018 4809 2135 4879 disca-

1157 4932 1254 4992 mus,
1282 4906 1397 4980 Deum
1426 4933 1567 4980 causam
1598 4933 1673 4980 esse
1706 4909 1929 5003 praecipuam
1952 4909 2136 4982 liberrime

1157 5025 1309 5082 caeteras
1329 5011 1589 5093 moderantem,
1614 5010 1660 5079 ab
1682 5010 1759 5101 ipso
1776 5013 1879 5083 etiam
1897 5009 1970 5098 regi
1991 5033 2058 5081 nos
2070 5033 2134 5101 pe-

131 5127 295 5184 avertuut
309 5113 438 5194 telum,
464 5113 560 5204 quod
575 5125 668 5183 recta
682 5135 808 5203 corpus
824 5113 1025 5202 oppositum
1042 5136 1105 5201 pe·
1154 5125 1280 5183 tamus.
1329 5109 1468 5183 Rursus
1488 5110 1551 5181 ubi
1571 5109 1821 5182 inclinationes
1834 5111 1976 5182 foelices
1995 5111 2041 5180 ad
2061 5110 2136 5181 vir-

129 5217 234 5288 tebat.
287 5210 340 5285 lta
353 5224 518 5294 eventus,
538 5210 602 5296 qui
618 5222 701 5282 casu
714 5213 879 5284 accidunt
899 5212 1024 5282 referri
1046 5212 1103 5282 in·
1154 5225 1285 5295 tutem,
1314 5225 1376 5282 aut
1397 5224 1491 5281 artes
1516 5210 1849 5297 animadvertimus,
1880 5207 1945 5280 has
1968 5212 2133 5283 doctriua

128 5318 270 5391 urano
300 5316 345 5389 ad
373 5310 557 5387 materian
587 5327 751 5405 possunt,
789 5314 840 5385 sir
869 5313 908 5383 io
929 5312 1103 5419 (fortuitis.
1154 5323 1189 5385 et
1210 5311 1329 5386 studio
1348 5310 1578 5401 adiuvemus,
1598 5313 1690 5389 sicot
1710 5315 1847 5386 dictum
1866 5325 1938 5386 est:
1971 5308 2132 5386 Fortuna
