<?xml version="1.0" encoding="UTF-8"?>
<!DOCTYPE html PUBLIC "-//W3C//DTD XHTML 1.0 Transitional//EN"
    "http://www.w3.org/TR/xhtml1/DTD/xhtml1-transitional.dtd">
<html xmlns="http://www.w3.org/1999/xhtml" xml:lang="en" lang="en">
 <head>
  <title>
</title>
<meta http-equiv="Content-Type" content="text/html;charset=utf-8" />
  <meta name='ocr-system' content='tesseract 3.04.00' />
  <meta name='ocr-capabilities' content='ocr_page ocr_carea ocr_par ocr_line ocrx_word'/>
</head>
<body>
  <div class='ocr_page' id='page_1' title='image "./corpusreformato11melagoog_0163.png"; bbox 0 0 4538 5754; ppageno 0'>
   <div class='ocr_carea' id='block_1_1' title="bbox 68 798 1178 889">
    <p class='ocr_par' dir='ltr' id='par_1_1' title="bbox 68 798 1178 889">
     <span class='ocr_line' id='line_1_1' title="bbox 68 798 1178 889; baseline 0 -21"><span class='ocrx_word' id='word_1_1' title='bbox 68 871 70 875; x_wconf 66' lang='grc'><strong>,</strong></span> <span class='ocrx_word' id='word_1_2' title='bbox 199 799 468 889; x_wconf 77' lang='lat' dir='ltr'><strong>corruptionum</strong></span> <span class='ocrx_word' id='word_1_3' title='bbox 486 800 524 867; x_wconf 90' lang='lat' dir='ltr'><strong>in</strong></span> <span class='ocrx_word' id='word_1_4' title='bbox 544 811 670 868; x_wconf 88' lang='lat' dir='ltr'><strong>natura</strong></span> <span class='ocrx_word' id='word_1_5' title='bbox 685 812 896 870; x_wconf 72' lang='lat' dir='ltr'><strong>scrutantur.</strong></span> <span class='ocrx_word' id='word_1_6' title='bbox 931 798 1013 869; x_wconf 90' lang='lat' dir='ltr'><strong>Non</strong></span> <span class='ocrx_word' id='word_1_7' title='bbox 1032 812 1178 889; x_wconf 80' lang='lat' dir='ltr'><strong>possum</strong></span> 
     </span>
    </p>
   </div>
   <div class='ocr_carea' id='block_1_2' title="bbox 189 217 2212 313">
    <p class='ocr_par' dir='ltr' id='par_1_2' title="bbox 189 217 2212 313">
     <span class='ocr_line' id='line_1_2' title="bbox 189 217 2212 313; baseline 0.003 -16"><span class='ocrx_word' id='word_1_8' title='bbox 189 221 266 298; x_wconf 65' lang='grc' dir='ltr'><em>Μ</em></span> <span class='ocrx_word' id='word_1_9' title='bbox 428 220 638 297; x_wconf 83' lang='lat' dir='ltr'><strong>SCRIPTA</strong></span> <span class='ocrx_word' id='word_1_10' title='bbox 664 221 741 295; x_wconf 83' lang='lat' dir='ltr'><strong>PH.</strong></span> <span class='ocrx_word' id='word_1_11' title='bbox 767 219 883 296; x_wconf 79' lang='lat' dir='ltr'><strong>MEL.</strong></span> <span class='ocrx_word' id='word_1_12' title='bbox 906 218 976 313; x_wconf 65' lang='lat' dir='ltr'><strong>AD</strong></span> <span class='ocrx_word' id='word_1_13' title='bbox 995 220 1130 297; x_wconf 75' lang='lat' dir='ltr'><strong>utst.</strong></span> <span class='ocrx_word' id='word_1_14' title='bbox 1151 217 1300 296; x_wconf 73' lang='lat' dir='ltr'><strong>PROF.</strong></span> <span class='ocrx_word' id='word_1_15' title='bbox 1324 219 1392 295; x_wconf 83' lang='grc' dir='ltr'><strong>ΕΤ</strong></span> <span class='ocrx_word' id='word_1_16' title='bbox 1417 222 1611 303; x_wconf 81' lang='lat' dir='ltr'><strong>PlllLOS.</strong></span> <span class='ocrx_word' id='word_1_17' title='bbox 1631 226 1958 304; x_wconf 69' lang='lat' dir='ltr'><strong>’spactattrta</strong></span> <span class='ocrx_word' id='word_1_18' title='bbox 2132 236 2212 313; x_wconf 70' lang='lat' dir='ltr'><em>m</em></span> 
     </span>
    </p>
   </div>
   <div class='ocr_carea' id='block_1_3' title="bbox 119 390 2218 790">
    <p class='ocr_par' dir='ltr' id='par_1_3' title="bbox 119 390 2218 790">
     <span class='ocr_line' id='line_1_3' title="bbox 299 390 2217 491; baseline 0.007 -25"><span class='ocrx_word' id='word_1_19' title='bbox 299 393 359 466; x_wconf 89' lang='lat' dir='ltr'><strong>Sic</strong></span> <span class='ocrx_word' id='word_1_20' title='bbox 391 396 499 482; x_wconf 86' lang='lat' dir='ltr'><strong>igitur</strong></span> <span class='ocrx_word' id='word_1_21' title='bbox 532 395 745 484; x_wconf 75' lang='lat' dir='ltr'><strong>respondeo:</strong></span> <span class='ocrx_word' id='word_1_22' title='bbox 784 390 928 489; x_wconf 85' lang='lat' dir='ltr'><strong>Physici</strong></span> <span class='ocrx_word' id='word_1_23' title='bbox 956 416 1030 479; x_wconf 85' lang='lat' dir='ltr'><strong>non</strong></span> <span class='ocrx_word' id='word_1_24' title='bbox 1056 392 1173 463; x_wconf 87' lang='lat' dir='ltr'><strong>solum</strong></span> <span class='ocrx_word' id='word_1_25' title='bbox 1226 395 1328 469; x_wconf 87' lang='lat' dir='ltr'><strong>loret</strong></span> <span class='ocrx_word' id='word_1_26' title='bbox 1342 396 1593 486; x_wconf 84' lang='lat' dir='ltr'><strong>lrigusgenere</strong></span> <span class='ocrx_word' id='word_1_27' title='bbox 1604 399 1834 484; x_wconf 79' lang='lat' dir='ltr'><strong>conveniunt,</strong></span> <span class='ocrx_word' id='word_1_28' title='bbox 1849 414 1884 470; x_wconf 90' lang='lat' dir='ltr'><strong>et</strong></span> <span class='ocrx_word' id='word_1_29' title='bbox 1899 401 2016 491; x_wconf 86' lang='lat' dir='ltr'><strong>specie</strong></span> <span class='ocrx_word' id='word_1_30' title='bbox 2032 402 2217 480; x_wconf 75' lang='lat' dir='ltr'><strong>differunt.</strong></span> 
     </span>
     <span class='ocr_line' id='line_1_4' title="bbox 192 493 2217 588; baseline 0.008 -27"><span class='ocrx_word' id='word_1_31' title='bbox 192 497 344 585; x_wconf 81' lang='lat' dir='ltr'><strong>gignunt</strong></span> <span class='ocrx_word' id='word_1_32' title='bbox 362 499 470 564; x_wconf 81' lang='lat' dir='ltr'><strong>mixta</strong></span> <span class='ocrx_word' id='word_1_33' title='bbox 486 518 633 587; x_wconf 88' lang='lat' dir='ltr'><strong>corpora</strong></span> <span class='ocrx_word' id='word_1_34' title='bbox 646 519 688 563; x_wconf 83' lang='lat' dir='ltr'><strong>ex</strong></span> <span class='ocrx_word' id='word_1_35' title='bbox 702 494 896 577; x_wconf 87' lang='lat' dir='ltr'><strong>elementis,</strong></span> <span class='ocrx_word' id='word_1_36' title='bbox 921 498 982 565; x_wconf 91' lang='lat' dir='ltr'><strong>sed</strong></span> <span class='ocrx_word' id='word_1_37' title='bbox 1001 508 1177 588; x_wconf 89' lang='lat' dir='ltr'><strong>quaeruut</strong></span> <span class='ocrx_word' id='word_1_38' title='bbox 1225 494 1323 566; x_wconf 87' lang='lat' dir='ltr'><strong>Haec</strong></span> <span class='ocrx_word' id='word_1_39' title='bbox 1347 499 1463 568; x_wconf 87' lang='lat' dir='ltr'><strong>obiter</strong></span> <span class='ocrx_word' id='word_1_40' title='bbox 1487 493 1545 568; x_wconf 89' lang='lat' dir='ltr'><strong>hic</strong></span> <span class='ocrx_word' id='word_1_41' title='bbox 1566 499 1771 583; x_wconf 75' lang='lat' dir='ltr'><strong>recitamus,</strong></span> <span class='ocrx_word' id='word_1_42' title='bbox 1805 514 1846 571; x_wconf 92' lang='lat' dir='ltr'><strong>ut</strong></span> <span class='ocrx_word' id='word_1_43' title='bbox 1868 501 1950 573; x_wconf 87' lang='lat' dir='ltr'><strong>illac</strong></span> <span class='ocrx_word' id='word_1_44' title='bbox 1965 507 2217 577; x_wconf 82' lang='lat' dir='ltr'><strong>communissi-</strong></span> 
     </span>
     <span class='ocr_line' id='line_1_5' title="bbox 119 596 2218 683; baseline 0.006 -18"><span class='ocrx_word' id='word_1_45' title='bbox 119 642 125 647; x_wconf 92' lang='lat'><em>-</em></span> <span class='ocrx_word' id='word_1_46' title='bbox 197 598 303 665; x_wconf 85' lang='lat' dir='ltr'><strong>etiam</strong></span> <span class='ocrx_word' id='word_1_47' title='bbox 320 621 456 683; x_wconf 82' lang='lat' dir='ltr'><strong>causas,</strong></span> <span class='ocrx_word' id='word_1_48' title='bbox 479 599 729 667; x_wconf 86' lang='lat' dir='ltr'><strong>curelemeota</strong></span> <span class='ocrx_word' id='word_1_49' title='bbox 746 596 838 666; x_wconf 91' lang='lat' dir='ltr'><strong>inter</strong></span> <span class='ocrx_word' id='word_1_50' title='bbox 860 619 933 667; x_wconf 88' lang='lat' dir='ltr'><strong>sese</strong></span> <span class='ocrx_word' id='word_1_51' title='bbox 953 596 1112 680; x_wconf 85' lang='lat' dir='ltr'><strong>misceri,</strong></span> <span class='ocrx_word' id='word_1_52' title='bbox 1137 618 1177 665; x_wconf 89' lang='lat' dir='ltr'><strong>ac</strong></span> <span class='ocrx_word' id='word_1_53' title='bbox 1229 621 1305 666; x_wconf 88' lang='lat' dir='ltr'><strong>mac</strong></span> <span class='ocrx_word' id='word_1_54' title='bbox 1336 599 1530 669; x_wconf 88' lang='lat' dir='ltr'><strong>sententiae</strong></span> <span class='ocrx_word' id='word_1_55' title='bbox 1555 600 1673 670; x_wconf 88' lang='lat' dir='ltr'><strong>statim</strong></span> <span class='ocrx_word' id='word_1_56' title='bbox 1696 600 1800 672; x_wconf 90' lang='lat' dir='ltr'><strong>initio</strong></span> <span class='ocrx_word' id='word_1_57' title='bbox 1822 602 2040 676; x_wconf 69' lang='lat' dir='ltr'><strong>discentibus</strong></span> <span class='ocrx_word' id='word_1_58' title='bbox 2062 608 2218 678; x_wconf 81' lang='lat' dir='ltr'><strong>familia·</strong></span> 
     </span>
     <span class='ocr_line' id='line_1_6' title="bbox 198 698 1402 790; baseline 0.002 -21"><span class='ocrx_word' id='word_1_59' title='bbox 198 699 427 769; x_wconf 87' lang='lat' dir='ltr'><strong>transmutari</strong></span> <span class='ocrx_word' id='word_1_60' title='bbox 442 698 594 790; x_wconf 88' lang='lat' dir='ltr'><strong>possint,</strong></span> <span class='ocrx_word' id='word_1_61' title='bbox 619 698 701 790; x_wconf 90' lang='lat' dir='ltr'><strong>quia</strong></span> <span class='ocrx_word' id='word_1_62' title='bbox 726 720 846 767; x_wconf 83' lang='lat' dir='ltr'><strong>causas</strong></span> <span class='ocrx_word' id='word_1_63' title='bbox 863 699 1128 788; x_wconf 82' lang='lat' dir='ltr'><strong>generationum</strong></span> <span class='ocrx_word' id='word_1_64' title='bbox 1144 710 1179 767; x_wconf 90' lang='lat' dir='ltr'><strong>et</strong></span> <span class='ocrx_word' id='word_1_65' title='bbox 1228 721 1285 768; x_wconf 87' lang='lat' dir='ltr'><strong>res</strong></span> <span class='ocrx_word' id='word_1_66' title='bbox 1305 699 1402 772; x_wconf 85' lang='lat' dir='ltr'><strong>liant.</strong></span> 
     </span>
    </p>
   </div>
   <div class='ocr_carea' id='block_1_4' title="bbox 198 852 2220 1401">
    <p class='ocr_par' dir='ltr' id='par_1_4' title="bbox 198 852 2220 1401">
     <span class='ocr_line' id='line_1_7' title="bbox 199 852 1947 994; baseline -0.014 -24"><span class='ocrx_word' id='word_1_67' title='bbox 199 913 317 970; x_wconf 84' lang='lat' dir='ltr'><strong>autem</strong></span> <span class='ocrx_word' id='word_1_68' title='bbox 329 924 477 992; x_wconf 89' lang='lat' dir='ltr'><strong>corpora</strong></span> <span class='ocrx_word' id='word_1_69' title='bbox 494 901 632 971; x_wconf 83' lang='lat' dir='ltr'><strong>interae</strong></span> <span class='ocrx_word' id='word_1_70' title='bbox 646 899 885 982; x_wconf 88' lang='lat' dir='ltr'><strong>transmutari,</strong></span> <span class='ocrx_word' id='word_1_71' title='bbox 900 900 969 968; x_wconf 88' lang='lat' dir='ltr'><strong>uisi</strong></span> <span class='ocrx_word' id='word_1_72' title='bbox 982 899 1177 970; x_wconf 89' lang='lat' dir='ltr'><strong>subiectum</strong></span> <span class='ocrx_word' id='word_1_73' title='bbox 1487 854 1581 936; x_wconf 52' lang='grc' dir='ltr'><strong>ΨΜ</strong></span> <span class='ocrx_word' id='word_1_74' title='bbox 1604 860 1693 990; x_wconf 57' lang='lat' dir='ltr'><strong>funt</strong></span> <span class='ocrx_word' id='word_1_75' title='bbox 1718 852 1947 994; x_wconf 46' lang='lat' dir='ltr'><strong>Principia?</strong></span> 
     </span>
     <span class='ocr_line' id='line_1_8' title="bbox 199 969 1984 1092; baseline -0.008 -22"><span class='ocrx_word' id='word_1_76' title='bbox 199 1013 388 1090; x_wconf 90' lang='lat' dir='ltr'><strong>cognatum</strong></span> <span class='ocrx_word' id='word_1_77' title='bbox 405 1003 471 1084; x_wconf 88' lang='lat' dir='ltr'><strong>sit,</strong></span> <span class='ocrx_word' id='word_1_78' title='bbox 496 1003 670 1092; x_wconf 89' lang='lat' dir='ltr'><strong>recipiens</strong></span> <span class='ocrx_word' id='word_1_79' title='bbox 690 1002 833 1074; x_wconf 89' lang='lat' dir='ltr'><strong>alteram</strong></span> <span class='ocrx_word' id='word_1_80' title='bbox 852 1001 1020 1085; x_wconf 84' lang='lat' dir='ltr'><strong>formam,</strong></span> <span class='ocrx_word' id='word_1_81' title='bbox 1044 1001 1178 1069; x_wconf 88' lang='lat' dir='ltr'><strong>abiecta</strong></span> <span class='ocrx_word' id='word_1_82' title='bbox 1457 972 1506 1040; x_wconf 64' lang='lat' dir='ltr'><strong>El</strong></span> <span class='ocrx_word' id='word_1_83' title='bbox 1554 969 1642 1062; x_wconf 65' lang='lat' dir='ltr'><em>W</em></span> <span class='ocrx_word' id='word_1_84' title='bbox 1686 978 1745 1041; x_wconf 64' lang='lat'><strong>0⁸²</strong></span> <span class='ocrx_word' id='word_1_85' title='bbox 1783 970 1984 1046; x_wconf 57' lang='lat' dir='ltr'><strong>Matella?</strong></span> 
     </span>
     <span class='ocr_line' id='line_1_9' title="bbox 198 1096 2218 1219; baseline 0 -42"><span class='ocrx_word' id='word_1_86' title='bbox 198 1103 320 1175; x_wconf 74' lang='lat' dir='ltr'><strong>altera.</strong></span> <span class='ocrx_word' id='word_1_87' title='bbox 369 1100 425 1172; x_wconf 81' lang='lat' dir='ltr'><strong>Er</strong></span> <span class='ocrx_word' id='word_1_88' title='bbox 442 1126 532 1219; x_wconf 78' lang='lat' dir='ltr'><strong>aqua</strong></span> <span class='ocrx_word' id='word_1_89' title='bbox 553 1126 626 1172; x_wconf 90' lang='lat' dir='ltr'><strong>non</strong></span> <span class='ocrx_word' id='word_1_90' title='bbox 648 1116 764 1193; x_wconf 91' lang='lat' dir='ltr'><strong>posset</strong></span> <span class='ocrx_word' id='word_1_91' title='bbox 787 1101 885 1190; x_wconf 89' lang='lat' dir='ltr'><strong>gigni</strong></span> <span class='ocrx_word' id='word_1_92' title='bbox 911 1107 990 1186; x_wconf 81' lang='lat' dir='ltr'><strong>aiir,</strong></span> <span class='ocrx_word' id='word_1_93' title='bbox 1013 1102 1083 1169; x_wconf 90' lang='lat' dir='ltr'><strong>nisi</strong></span> <span class='ocrx_word' id='word_1_94' title='bbox 1105 1122 1180 1168; x_wconf 85' lang='lat' dir='ltr'><strong>ma·</strong></span> <span class='ocrx_word' id='word_1_95' title='bbox 1332 1096 1420 1169; x_wconf 88' lang='lat' dir='ltr'><strong>&#39;l&#39;ria</strong></span> <span class='ocrx_word' id='word_1_96' title='bbox 1445 1122 1519 1170; x_wconf 88' lang='lat' dir='ltr'><strong>esse</strong></span> <span class='ocrx_word' id='word_1_97' title='bbox 1540 1099 1716 1192; x_wconf 87' lang='lat' dir='ltr'><strong>principia</strong></span> <span class='ocrx_word' id='word_1_98' title='bbox 1735 1099 1945 1176; x_wconf 80' lang='lat' dir='ltr'><strong>Aristoteles</strong></span> <span class='ocrx_word' id='word_1_99' title='bbox 1968 1108 2073 1195; x_wconf 89' lang='lat' dir='ltr'><strong>dicit,</strong></span> <span class='ocrx_word' id='word_1_100' title='bbox 2105 1125 2218 1182; x_wconf 78' lang='lat' dir='ltr'><strong>mata-</strong></span> 
     </span>
     <span class='ocr_line' id='line_1_10' title="bbox 198 1201 2220 1295; baseline -0.003 -24"><span class='ocrx_word' id='word_1_101' title='bbox 198 1203 285 1271; x_wconf 89' lang='lat' dir='ltr'><strong>teria</strong></span> <span class='ocrx_word' id='word_1_102' title='bbox 303 1226 414 1295; x_wconf 86' lang='lat' dir='ltr'><strong>aquae</strong></span> <span class='ocrx_word' id='word_1_103' title='bbox 436 1203 590 1293; x_wconf 87' lang='lat' dir='ltr'><strong>recipere</strong></span> <span class='ocrx_word' id='word_1_104' title='bbox 616 1218 734 1294; x_wconf 86' lang='lat' dir='ltr'><strong>posset</strong></span> <span class='ocrx_word' id='word_1_105' title='bbox 753 1203 903 1271; x_wconf 83' lang='lat' dir='ltr'><strong>formam</strong></span> <span class='ocrx_word' id='word_1_106' title='bbox 927 1203 1036 1285; x_wconf 89' lang='lat' dir='ltr'><strong>ae&#39;ris,</strong></span> <span class='ocrx_word' id='word_1_107' title='bbox 1063 1202 1181 1292; x_wconf 92' lang='lat' dir='ltr'><strong>priore</strong></span> <span class='ocrx_word' id='word_1_108' title='bbox 1230 1201 1341 1284; x_wconf 89' lang='lat' dir='ltr'><strong>riam,</strong></span> <span class='ocrx_word' id='word_1_109' title='bbox 1372 1202 1542 1287; x_wconf 78' lang='lat' dir='ltr'><strong>formam,</strong></span> <span class='ocrx_word' id='word_1_110' title='bbox 1575 1216 1610 1272; x_wconf 88' lang='lat' dir='ltr'><strong>et</strong></span> <span class='ocrx_word' id='word_1_111' title='bbox 1632 1203 1880 1293; x_wconf 81' lang='lat' dir='ltr'><strong>privationem.</strong></span> <span class='ocrx_word' id='word_1_112' title='bbox 1943 1204 1994 1281; x_wconf 79' lang='lat' dir='ltr'><strong>Et</strong></span> <span class='ocrx_word' id='word_1_113' title='bbox 2026 1233 2093 1279; x_wconf 68' lang='lat' dir='ltr'><strong>aur</strong></span> <span class='ocrx_word' id='word_1_114' title='bbox 2122 1209 2220 1282; x_wconf 65' lang='lat' dir='ltr'><strong>hunc</strong></span> 
     </span>
     <span class='ocr_line' id='line_1_11' title="bbox 199 1256 2219 1401; baseline 0 -29"><span class='ocrx_word' id='word_1_115' title='bbox 199 1304 314 1372; x_wconf 82' lang='lat' dir='ltr'><strong>forma</strong></span> <span class='ocrx_word' id='word_1_116' title='bbox 332 1305 478 1375; x_wconf 86' lang='lat' dir='ltr'><strong>abiecta.</strong></span> <span class='ocrx_word' id='word_1_117' title='bbox 530 1300 680 1395; x_wconf 78' lang='lat' dir='ltr'><strong>Alioqui</strong></span> <span class='ocrx_word' id='word_1_118' title='bbox 693 1305 790 1375; x_wconf 88' lang='lat' dir='ltr'><strong>lieret</strong></span> <span class='ocrx_word' id='word_1_119' title='bbox 804 1326 864 1372; x_wconf 88' lang='lat' dir='ltr'><strong>aer</strong></span> <span class='ocrx_word' id='word_1_120' title='bbox 880 1327 922 1373; x_wconf 85' lang='lat' dir='ltr'><strong>ex</strong></span> <span class='ocrx_word' id='word_1_121' title='bbox 939 1256 1067 1376; x_wconf 86' lang='lat' dir='ltr'><strong>nihilo.</strong></span> <span class='ocrx_word' id='word_1_122' title='bbox 1108 1300 1178 1373; x_wconf 87' lang='lat' dir='ltr'><strong>Sed</strong></span> <span class='ocrx_word' id='word_1_123' title='bbox 1232 1325 1421 1371; x_wconf 89' lang='lat' dir='ltr'><strong>numerum</strong></span> <span class='ocrx_word' id='word_1_124' title='bbox 1455 1303 1631 1393; x_wconf 87' lang='lat' dir='ltr'><strong>posuerit,</strong></span> <span class='ocrx_word' id='word_1_125' title='bbox 1669 1316 1789 1394; x_wconf 89' lang='lat' dir='ltr'><strong>postea</strong></span> <span class='ocrx_word' id='word_1_126' title='bbox 1820 1307 1997 1394; x_wconf 90' lang='lat' dir='ltr'><strong>dicemus,</strong></span> <span class='ocrx_word' id='word_1_127' title='bbox 2037 1310 2219 1401; x_wconf 63' lang='lat' dir='ltr'><strong>explicati,</strong></span> 
     </span>
    </p>
   </div>
   <div class='ocr_carea' id='block_1_5' title="bbox 87 1400 1513 1496">
    <p class='ocr_par' dir='ltr' id='par_1_5' title="bbox 87 1400 1513 1496">
     <span class='ocr_line' id='line_1_12' title="bbox 87 1400 1513 1496; baseline -0.001 -22"><span class='ocrx_word' id='word_1_128' title='bbox 87 1408 102 1482; x_wconf 72' lang='grc'><strong>,“</strong></span> <span class='ocrx_word' id='word_1_129' title='bbox 199 1419 327 1474; x_wconf 90' lang='lat' dir='ltr'><strong>natura</strong></span> <span class='ocrx_word' id='word_1_130' title='bbox 341 1418 508 1487; x_wconf 78' lang='lat' dir='ltr'><strong>testatur</strong></span> <span class='ocrx_word' id='word_1_131' title='bbox 528 1429 603 1473; x_wconf 92' lang='lat' dir='ltr'><strong>non</strong></span> <span class='ocrx_word' id='word_1_132' title='bbox 617 1427 714 1493; x_wconf 87' lang='lat' dir='ltr'><strong>grgm</strong></span> <span class='ocrx_word' id='word_1_133' title='bbox 736 1428 777 1473; x_wconf 80' lang='lat' dir='ltr'><strong>es</strong></span> <span class='ocrx_word' id='word_1_134' title='bbox 797 1400 913 1473; x_wconf 83' lang='lat' dir='ltr'><strong>nihilo</strong></span> <span class='ocrx_word' id='word_1_135' title='bbox 941 1404 1088 1496; x_wconf 89' lang='lat' dir='ltr'><strong>aliquid.</strong></span> <span class='ocrx_word' id='word_1_136' title='bbox 1140 1401 1181 1472; x_wconf 91' lang='lat' dir='ltr'><strong>Si</strong></span> <span class='ocrx_word' id='word_1_137' title='bbox 1234 1402 1513 1477; x_wconf 88' lang='lat' dir='ltr'><strong>definitionibus.</strong></span> 
     </span>
    </p>
   </div>
   <div class='ocr_carea' id='block_1_6' title="bbox 112 1502 2226 5426">
    <p class='ocr_par' dir='ltr' id='par_1_6' title="bbox 112 1502 2226 5426">
     <span class='ocr_line' id='line_1_13' title="bbox 201 1502 2221 1606; baseline 0.004 -30"><span class='ocrx_word' id='word_1_138' title='bbox 201 1505 296 1576; x_wconf 87' lang='lat' dir='ltr'><strong>enim</strong></span> <span class='ocrx_word' id='word_1_139' title='bbox 323 1506 359 1574; x_wconf 92' lang='lat' dir='ltr'><strong>id</strong></span> <span class='ocrx_word' id='word_1_140' title='bbox 377 1508 470 1599; x_wconf 90' lang='lat' dir='ltr'><strong>quod</strong></span> <span class='ocrx_word' id='word_1_141' title='bbox 491 1504 560 1576; x_wconf 83' lang='lat' dir='ltr'><strong>suit</strong></span> <span class='ocrx_word' id='word_1_142' title='bbox 581 1529 691 1598; x_wconf 91' lang='lat' dir='ltr'><strong>aqua,</strong></span> <span class='ocrx_word' id='word_1_143' title='bbox 724 1527 869 1597; x_wconf 92' lang='lat' dir='ltr'><strong>prorsus</strong></span> <span class='ocrx_word' id='word_1_144' title='bbox 889 1506 1083 1584; x_wconf 89' lang='lat' dir='ltr'><strong>deleretur,</strong></span> <span class='ocrx_word' id='word_1_145' title='bbox 1115 1525 1180 1571; x_wconf 86' lang='lat' dir='ltr'><strong>nec</strong></span> <span class='ocrx_word' id='word_1_146' title='bbox 1333 1502 1485 1574; x_wconf 76' lang='lat' dir='ltr'><strong>Materia</strong></span> <span class='ocrx_word' id='word_1_147' title='bbox 1515 1518 1566 1575; x_wconf 88' lang='lat' dir='ltr'><strong>est</strong></span> <span class='ocrx_word' id='word_1_148' title='bbox 1589 1505 1746 1596; x_wconf 89' lang='lat' dir='ltr'><strong>primum</strong></span> <span class='ocrx_word' id='word_1_149' title='bbox 1782 1507 1979 1579; x_wconf 87' lang='lat' dir='ltr'><strong>subiectum</strong></span> <span class='ocrx_word' id='word_1_150' title='bbox 2013 1513 2221 1606; x_wconf 86' lang='lat' dir='ltr'><strong>unicuique,</strong></span> 
     </span>
     <span class='ocr_line' id='line_1_14' title="bbox 112 1603 2220 1722; baseline 0.005 -48"><span class='ocrx_word' id='word_1_151' title='bbox 112 1607 124 1636; x_wconf 53' lang='lat' dir='ltr'><strong>l</strong></span> <span class='ocrx_word' id='word_1_152' title='bbox 201 1606 302 1699; x_wconf 89' lang='lat' dir='ltr'><strong>quasi</strong></span> <span class='ocrx_word' id='word_1_153' title='bbox 333 1630 518 1675; x_wconf 87' lang='lat' dir='ltr'><strong>commune</strong></span> <span class='ocrx_word' id='word_1_154' title='bbox 548 1628 666 1675; x_wconf 89' lang='lat' dir='ltr'><strong>semen</strong></span> <span class='ocrx_word' id='word_1_155' title='bbox 696 1617 872 1688; x_wconf 89' lang='lat' dir='ltr'><strong>maneret,</strong></span> <span class='ocrx_word' id='word_1_156' title='bbox 906 1621 947 1678; x_wconf 90' lang='lat' dir='ltr'><strong>ut</strong></span> <span class='ocrx_word' id='word_1_157' title='bbox 975 1606 1023 1676; x_wconf 90' lang='lat' dir='ltr'><strong>ita</strong></span> <span class='ocrx_word' id='word_1_158' title='bbox 1052 1606 1182 1722; x_wconf 83' lang='lat' dir='ltr'><strong>dicam,</strong></span> <span class='ocrx_word' id='word_1_159' title='bbox 1233 1627 1273 1674; x_wconf 85' lang='lat' dir='ltr'><strong>cx</strong></span> <span class='ocrx_word' id='word_1_160' title='bbox 1297 1628 1369 1696; x_wconf 87' lang='lat' dir='ltr'><strong>quo</strong></span> <span class='ocrx_word' id='word_1_161' title='bbox 1392 1605 1430 1674; x_wconf 88' lang='lat' dir='ltr'><strong>lit</strong></span> <span class='ocrx_word' id='word_1_162' title='bbox 1453 1603 1610 1699; x_wconf 89' lang='lat' dir='ltr'><strong>aliquid,</strong></span> <span class='ocrx_word' id='word_1_163' title='bbox 1635 1619 1805 1700; x_wconf 84' lang='lat' dir='ltr'><strong>tanquam</strong></span> <span class='ocrx_word' id='word_1_164' title='bbox 1830 1632 1873 1678; x_wconf 84' lang='lat' dir='ltr'><strong>ex</strong></span> <span class='ocrx_word' id='word_1_165' title='bbox 1896 1632 1958 1694; x_wconf 90' lang='lat' dir='ltr'><strong>eo,</strong></span> <span class='ocrx_word' id='word_1_166' title='bbox 1993 1613 2126 1705; x_wconf 90' lang='lat' dir='ltr'><strong>quod</strong></span> <span class='ocrx_word' id='word_1_167' title='bbox 2114 1629 2220 1700; x_wconf 81' lang='lat' dir='ltr'><strong>inest,</strong></span> 
     </span>
     <span class='ocr_line' id='line_1_15' title="bbox 200 1701 2220 1803; baseline 0.006 -28"><span class='ocrx_word' id='word_1_168' title='bbox 200 1729 347 1798; x_wconf 90' lang='lat' dir='ltr'><strong>prorsus</strong></span> <span class='ocrx_word' id='word_1_169' title='bbox 366 1701 536 1777; x_wconf 81' lang='lat' dir='ltr'><strong>ernihilo</strong></span> <span class='ocrx_word' id='word_1_170' title='bbox 552 1731 612 1778; x_wconf 91' lang='lat' dir='ltr'><strong>aer</strong></span> <span class='ocrx_word' id='word_1_171' title='bbox 626 1722 745 1800; x_wconf 91' lang='lat' dir='ltr'><strong>post</strong></span> <span class='ocrx_word' id='word_1_172' title='bbox 727 1707 933 1778; x_wconf 84' lang='lat' dir='ltr'><strong>dissolutam</strong></span> <span class='ocrx_word' id='word_1_173' title='bbox 957 1728 1087 1799; x_wconf 88' lang='lat' dir='ltr'><strong>aquam</strong></span> <span class='ocrx_word' id='word_1_174' title='bbox 1106 1705 1181 1775; x_wconf 84' lang='lat' dir='ltr'><strong>exi·</strong></span> <span class='ocrx_word' id='word_1_175' title='bbox 1233 1729 1273 1775; x_wconf 91' lang='lat' dir='ltr'><strong>ac</strong></span> <span class='ocrx_word' id='word_1_176' title='bbox 1288 1729 1363 1775; x_wconf 90' lang='lat' dir='ltr'><strong>non</strong></span> <span class='ocrx_word' id='word_1_177' title='bbox 1378 1709 1574 1778; x_wconf 89' lang='lat' dir='ltr'><strong>secundum</strong></span> <span class='ocrx_word' id='word_1_178' title='bbox 1596 1707 1778 1792; x_wconf 89' lang='lat' dir='ltr'><strong>accidens,</strong></span> <span class='ocrx_word' id='word_1_179' title='bbox 1803 1722 1838 1778; x_wconf 92' lang='lat' dir='ltr'><strong>et</strong></span> <span class='ocrx_word' id='word_1_180' title='bbox 1859 1710 1898 1778; x_wconf 89' lang='lat' dir='ltr'><strong>in</strong></span> <span class='ocrx_word' id='word_1_181' title='bbox 1920 1715 2017 1803; x_wconf 92' lang='lat' dir='ltr'><strong>quod</strong></span> <span class='ocrx_word' id='word_1_182' title='bbox 2039 1716 2085 1783; x_wconf 90' lang='lat' dir='ltr'><strong>ad</strong></span> <span class='ocrx_word' id='word_1_183' title='bbox 2102 1729 2220 1786; x_wconf 85' lang='lat' dir='ltr'><strong>extre-</strong></span> 
     </span>
     <span class='ocr_line' id='line_1_16' title="bbox 202 1805 2221 1902; baseline 0.003 -24"><span class='ocrx_word' id='word_1_184' title='bbox 202 1820 320 1879; x_wconf 85' lang='lat' dir='ltr'><strong>steret</strong></span> <span class='ocrx_word' id='word_1_185' title='bbox 941 1842 944 1848; x_wconf 95' lang='lat'>·</span> <span class='ocrx_word' id='word_1_186' title='bbox 1233 1830 1332 1876; x_wconf 88' lang='lat' dir='ltr'><strong>mum</strong></span> <span class='ocrx_word' id='word_1_187' title='bbox 1356 1830 1412 1876; x_wconf 90' lang='lat' dir='ltr'><strong>res</strong></span> <span class='ocrx_word' id='word_1_188' title='bbox 1426 1809 1627 1879; x_wconf 83' lang='lat' dir='ltr'><strong>resolvitur.</strong></span> <span class='ocrx_word' id='word_1_189' title='bbox 1676 1805 1774 1894; x_wconf 84' lang='lat' dir='ltr'><strong>Haec</strong></span> <span class='ocrx_word' id='word_1_190' title='bbox 1789 1809 1980 1902; x_wconf 82' lang='lat' dir='ltr'><strong>descriptio</strong></span> <span class='ocrx_word' id='word_1_191' title='bbox 1995 1812 2221 1886; x_wconf 84' lang='lat' dir='ltr'><strong>videturob·</strong></span> 
     </span>
     <span class='ocr_line' id='line_1_17' title="bbox 307 1905 2219 2008; baseline 0.003 -28"><span class='ocrx_word' id='word_1_192' title='bbox 307 1905 380 1980; x_wconf 89' lang='lat' dir='ltr'><strong>Ut</strong></span> <span class='ocrx_word' id='word_1_193' title='bbox 368 1908 480 1998; x_wconf 77' lang='lat' dir='ltr'><strong>agitur.</strong></span> <span class='ocrx_word' id='word_1_194' title='bbox 493 1905 720 1980; x_wconf 80' lang='lat' dir='ltr'><strong>transmutari</strong></span> <span class='ocrx_word' id='word_1_195' title='bbox 741 1907 835 1978; x_wconf 88' lang='lat' dir='ltr'><strong>inter</strong></span> <span class='ocrx_word' id='word_1_196' title='bbox 854 1931 891 1976; x_wconf 90' lang='lat' dir='ltr'><strong>sc</strong></span> <span class='ocrx_word' id='word_1_197' title='bbox 911 1908 1085 1979; x_wconf 88' lang='lat' dir='ltr'><strong>elementa</strong></span> <span class='ocrx_word' id='word_1_198' title='bbox 1100 1930 1182 1998; x_wconf 88' lang='lat' dir='ltr'><strong>pos-</strong></span> <span class='ocrx_word' id='word_1_199' title='bbox 1233 1929 1353 1987; x_wconf 87' lang='lat' dir='ltr'><strong>scura,</strong></span> <span class='ocrx_word' id='word_1_200' title='bbox 1377 1909 1460 2000; x_wconf 87' lang='lat' dir='ltr'><strong>quia</strong></span> <span class='ocrx_word' id='word_1_201' title='bbox 1479 1907 1716 1980; x_wconf 86' lang='lat' dir='ltr'><strong>neccernitur</strong></span> <span class='ocrx_word' id='word_1_202' title='bbox 1737 1909 1870 1991; x_wconf 91' lang='lat' dir='ltr'><strong>oculis,</strong></span> <span class='ocrx_word' id='word_1_203' title='bbox 1897 1935 1962 1982; x_wconf 88' lang='lat' dir='ltr'><strong>nec</strong></span> <span class='ocrx_word' id='word_1_204' title='bbox 1982 1926 2034 1984; x_wconf 90' lang='lat' dir='ltr'><strong>est</strong></span> <span class='ocrx_word' id='word_1_205' title='bbox 2056 1939 2219 2008; x_wconf 91' lang='lat' dir='ltr'><strong>unquam</strong></span> 
     </span>
     <span class='ocr_line' id='line_1_18' title="bbox 189 2008 2221 2104; baseline 0.004 -26"><span class='ocrx_word' id='word_1_206' title='bbox 189 2013 292 2093; x_wconf 55' lang='lat' dir='ltr'><strong>,si,nt</strong></span> <span class='ocrx_word' id='word_1_207' title='bbox 326 2032 464 2079; x_wconf 89' lang='lat' dir='ltr'><strong>necesse</strong></span> <span class='ocrx_word' id='word_1_208' title='bbox 484 2023 535 2079; x_wconf 86' lang='lat' dir='ltr'><strong>est</strong></span> <span class='ocrx_word' id='word_1_209' title='bbox 556 2033 742 2080; x_wconf 87' lang='lat' dir='ltr'><strong>commune</strong></span> <span class='ocrx_word' id='word_1_210' title='bbox 764 2010 911 2104; x_wconf 79' lang='lat' dir='ltr'><strong>aliquod</strong></span> <span class='ocrx_word' id='word_1_211' title='bbox 934 2022 969 2079; x_wconf 89' lang='lat' dir='ltr'><strong>et</strong></span> <span class='ocrx_word' id='word_1_212' title='bbox 994 2023 1181 2098; x_wconf 85' lang='lat' dir='ltr'><strong>cognatum</strong></span> <span class='ocrx_word' id='word_1_213' title='bbox 1233 2009 1379 2077; x_wconf 89' lang='lat' dir='ltr'><strong>materia</strong></span> <span class='ocrx_word' id='word_1_214' title='bbox 1406 2009 1482 2077; x_wconf 90' lang='lat' dir='ltr'><strong>sine</strong></span> <span class='ocrx_word' id='word_1_215' title='bbox 1506 2010 1578 2079; x_wconf 90' lang='lat' dir='ltr'><strong>ulla</strong></span> <span class='ocrx_word' id='word_1_216' title='bbox 1598 2010 1722 2080; x_wconf 85' lang='lat' dir='ltr'><strong>forma.</strong></span> <span class='ocrx_word' id='word_1_217' title='bbox 1773 2008 1845 2079; x_wconf 89' lang='lat' dir='ltr'><strong>Sed</strong></span> <span class='ocrx_word' id='word_1_218' title='bbox 1861 2012 2072 2101; x_wconf 80' lang='lat' dir='ltr'><strong>cogitatione</strong></span> <span class='ocrx_word' id='word_1_219' title='bbox 2085 2018 2221 2085; x_wconf 87' lang='lat' dir='ltr'><strong>drscer</strong></span> 
     </span>
     <span class='ocr_line' id='line_1_19' title="bbox 200 2107 2222 2209; baseline 0.002 -28"><span class='ocrx_word' id='word_1_220' title='bbox 200 2111 419 2202; x_wconf 86' lang='lat' dir='ltr'><strong>principium</strong></span> <span class='ocrx_word' id='word_1_221' title='bbox 439 2134 527 2194; x_wconf 88' lang='lat' dir='ltr'><strong>esse,</strong></span> <span class='ocrx_word' id='word_1_222' title='bbox 552 2133 728 2201; x_wconf 78' lang='lat' dir='ltr'><strong>recipiens</strong></span> <span class='ocrx_word' id='word_1_223' title='bbox 742 2110 969 2181; x_wconf 76' lang='lat' dir='ltr'><strong>mutationes</strong></span> <span class='ocrx_word' id='word_1_224' title='bbox 996 2107 1037 2179; x_wconf 95' lang='lat' dir='ltr'><strong>ld</strong></span> <span class='ocrx_word' id='word_1_225' title='bbox 1053 2131 1182 2198; x_wconf 87' lang='lat' dir='ltr'><strong>cogna</strong></span> <span class='ocrx_word' id='word_1_226' title='bbox 1234 2111 1393 2178; x_wconf 90' lang='lat' dir='ltr'><strong>neudum</strong></span> <span class='ocrx_word' id='word_1_227' title='bbox 1410 2122 1460 2177; x_wconf 92' lang='lat' dir='ltr'><strong>est</strong></span> <span class='ocrx_word' id='word_1_228' title='bbox 1475 2110 1693 2192; x_wconf 87' lang='lat' dir='ltr'><strong>subrectum</strong></span> <span class='ocrx_word' id='word_1_229' title='bbox 1719 2109 1758 2176; x_wconf 92' lang='lat' dir='ltr'><strong>in</strong></span> <span class='ocrx_word' id='word_1_230' title='bbox 1782 2134 1852 2202; x_wconf 93' lang='lat' dir='ltr'><strong>quo</strong></span> <span class='ocrx_word' id='word_1_231' title='bbox 1869 2112 1982 2182; x_wconf 81' lang='lat' dir='ltr'><strong>forma</strong></span> <span class='ocrx_word' id='word_1_232' title='bbox 1999 2127 2035 2184; x_wconf 89' lang='lat' dir='ltr'><strong>et</strong></span> <span class='ocrx_word' id='word_1_233' title='bbox 2047 2117 2222 2209; x_wconf 85' lang='lat' dir='ltr'><strong>rectpttur</strong></span> 
     </span>
     <span class='ocr_line' id='line_1_20' title="bbox 200 2209 1438 2330; baseline -0.005 -46"><span class='ocrx_word' id='word_1_234' title='bbox 200 2224 278 2284; x_wconf 90' lang='lat' dir='ltr'><strong>tum</strong></span> <span class='ocrx_word' id='word_1_235' title='bbox 292 2212 332 2280; x_wconf 90' lang='lat' dir='ltr'><strong>in</strong></span> <span class='ocrx_word' id='word_1_236' title='bbox 353 2212 537 2282; x_wconf 87' lang='lat' dir='ltr'><strong>clementis</strong></span> <span class='ocrx_word' id='word_1_237' title='bbox 557 2212 688 2282; x_wconf 91' lang='lat' dir='ltr'><strong>dicitur</strong></span> <span class='ocrx_word' id='word_1_238' title='bbox 710 2211 874 2295; x_wconf 85' lang='lat' dir='ltr'><strong>materia,</strong></span> <span class='ocrx_word' id='word_1_239' title='bbox 907 2223 942 2280; x_wconf 88' lang='lat' dir='ltr'><strong>ct</strong></span> <span class='ocrx_word' id='word_1_240' title='bbox 966 2210 1181 2330; x_wconf 75' lang='lat' dir='ltr'><strong>principium</strong></span> <span class='ocrx_word' id='word_1_241' title='bbox 1234 2222 1267 2279; x_wconf 90' lang='lat' dir='ltr'><strong>ct</strong></span> <span class='ocrx_word' id='word_1_242' title='bbox 1282 2209 1438 2301; x_wconf 86' lang='lat' dir='ltr'><strong>pellitur</strong></span> 
     </span>
     <span class='ocr_line' id='line_1_21' title="bbox 200 2305 2222 2407; baseline 0 -25"><span class='ocrx_word' id='word_1_243' title='bbox 200 2336 411 2405; x_wconf 88' lang='lat' dir='ltr'><strong>corporum,</strong></span> <span class='ocrx_word' id='word_1_244' title='bbox 437 2325 472 2382; x_wconf 92' lang='lat' dir='ltr'><strong>et</strong></span> <span class='ocrx_word' id='word_1_245' title='bbox 484 2312 651 2382; x_wconf 89' lang='lat' dir='ltr'><strong>ultimum</strong></span> <span class='ocrx_word' id='word_1_246' title='bbox 665 2312 862 2384; x_wconf 88' lang='lat' dir='ltr'><strong>subiectum</strong></span> <span class='ocrx_word' id='word_1_247' title='bbox 876 2312 1156 2400; x_wconf 72' lang='lat' dir='ltr'><strong>generationum.</strong></span> <span class='ocrx_word' id='word_1_248' title='bbox 1336 2307 1465 2380; x_wconf 89' lang='lat' dir='ltr'><strong>Plato</strong></span> <span class='ocrx_word' id='word_1_249' title='bbox 1455 2333 1492 2374; x_wconf 91' lang='grc' dir='ltr'><strong>ιιι</strong></span> <span class='ocrx_word' id='word_1_250' title='bbox 1510 2305 1658 2379; x_wconf 87' lang='lat' dir='ltr'><strong>Timaeo</strong></span> <span class='ocrx_word' id='word_1_251' title='bbox 1682 2306 1768 2388; x_wconf 86' lang='lat' dir='ltr'><strong>haec</strong></span> <span class='ocrx_word' id='word_1_252' title='bbox 1784 2312 1933 2382; x_wconf 89' lang='lat' dir='ltr'><strong>crassius</strong></span> <span class='ocrx_word' id='word_1_253' title='bbox 1955 2313 2087 2404; x_wconf 87' lang='lat' dir='ltr'><strong>pingit,</strong></span> <span class='ocrx_word' id='word_1_254' title='bbox 2119 2316 2222 2407; x_wconf 87' lang='lat' dir='ltr'><strong>quasi</strong></span> 
     </span>
     <span class='ocr_line' id='line_1_22' title="bbox 301 2354 2222 2507; baseline 0.003 -27"><span class='ocrx_word' id='word_1_255' title='bbox 301 2412 449 2482; x_wconf 88' lang='lat' dir='ltr'><strong>Erudrte</strong></span> <span class='ocrx_word' id='word_1_256' title='bbox 465 2409 720 2507; x_wconf 78' lang='lat' dir='ltr'><strong>igiturl’hysrcr</strong></span> <span class='ocrx_word' id='word_1_257' title='bbox 735 2437 810 2481; x_wconf 91' lang='lat' dir='ltr'><strong>non</strong></span> <span class='ocrx_word' id='word_1_258' title='bbox 831 2414 877 2481; x_wconf 88' lang='lat' dir='ltr'><strong>ab</strong></span> <span class='ocrx_word' id='word_1_259' title='bbox 894 2413 1095 2491; x_wconf 82' lang='lat' dir='ltr'><strong>clementis,</strong></span> <span class='ocrx_word' id='word_1_260' title='bbox 1121 2412 1180 2480; x_wconf 89' lang='lat' dir='ltr'><strong>sed</strong></span> <span class='ocrx_word' id='word_1_261' title='bbox 1236 2354 1356 2498; x_wconf 83' lang='lat' dir='ltr'><strong>digitis</strong></span> <span class='ocrx_word' id='word_1_262' title='bbox 1393 2423 1652 2479; x_wconf 85' lang='lat' dir='ltr'><strong>monstraturus</strong></span> <span class='ocrx_word' id='word_1_263' title='bbox 1680 2412 1875 2483; x_wconf 86' lang='lat' dir='ltr'><strong>materiam.</strong></span> <span class='ocrx_word' id='word_1_264' title='bbox 1931 2412 2034 2485; x_wconf 91' lang='lat' dir='ltr'><strong>lubet</strong></span> <span class='ocrx_word' id='word_1_265' title='bbox 2060 2416 2222 2485; x_wconf 88' lang='lat' dir='ltr'><strong>elemen-</strong></span> 
     </span>
     <span class='ocr_line' id='line_1_23' title="bbox 199 2507 2222 2603; baseline 0.001 -20"><span class='ocrx_word' id='word_1_266' title='bbox 199 2514 389 2583; x_wconf 86' lang='lat' dir='ltr'><strong>amateria</strong></span> <span class='ocrx_word' id='word_1_267' title='bbox 414 2516 665 2597; x_wconf 86' lang='lat' dir='ltr'><strong>exordiuntur,</strong></span> <span class='ocrx_word' id='word_1_268' title='bbox 696 2527 737 2582; x_wconf 92' lang='lat' dir='ltr'><strong>ut</strong></span> <span class='ocrx_word' id='word_1_269' title='bbox 758 2507 945 2583; x_wconf 86' lang='lat' dir='ltr'><strong>ostendant</strong></span> <span class='ocrx_word' id='word_1_270' title='bbox 968 2524 1183 2583; x_wconf 90' lang='lat' dir='ltr'><strong>transmuta-</strong></span> <span class='ocrx_word' id='word_1_271' title='bbox 1235 2522 1310 2580; x_wconf 90' lang='lat' dir='ltr'><strong>tum</strong></span> <span class='ocrx_word' id='word_1_272' title='bbox 1335 2510 1480 2602; x_wconf 89' lang='lat' dir='ltr'><strong>aliquod</strong></span> <span class='ocrx_word' id='word_1_273' title='bbox 1519 2510 1669 2596; x_wconf 90' lang='lat' dir='ltr'><strong>intueri,</strong></span> <span class='ocrx_word' id='word_1_274' title='bbox 1708 2513 1804 2603; x_wconf 89' lang='lat' dir='ltr'><strong>quod</strong></span> <span class='ocrx_word' id='word_1_275' title='bbox 1824 2536 1909 2582; x_wconf 83' lang='lat' dir='ltr'><strong>cum</strong></span> <span class='ocrx_word' id='word_1_276' title='bbox 1938 2515 2054 2585; x_wconf 84' lang='lat' dir='ltr'><strong>varias</strong></span> <span class='ocrx_word' id='word_1_277' title='bbox 2085 2514 2222 2586; x_wconf 85' lang='lat' dir='ltr'><strong>formas</strong></span> 
     </span>
     <span class='ocr_line' id='line_1_24' title="bbox 200 2609 2222 2727; baseline 0.001 -43"><span class='ocrx_word' id='word_1_278' title='bbox 200 2615 318 2684; x_wconf 88' lang='lat' dir='ltr'><strong>tiones</strong></span> <span class='ocrx_word' id='word_1_279' title='bbox 335 2638 410 2684; x_wconf 89' lang='lat' dir='ltr'><strong>nou</strong></span> <span class='ocrx_word' id='word_1_280' title='bbox 424 2614 499 2683; x_wconf 89' lang='lat' dir='ltr'><strong>lieri</strong></span> <span class='ocrx_word' id='word_1_281' title='bbox 515 2639 556 2683; x_wconf 83' lang='lat' dir='ltr'><strong>cr</strong></span> <span class='ocrx_word' id='word_1_282' title='bbox 568 2610 705 2695; x_wconf 91' lang='lat' dir='ltr'><strong>nihilo</strong></span> <span class='ocrx_word' id='word_1_283' title='bbox 732 2627 766 2682; x_wconf 92' lang='lat' dir='ltr'><strong>et</strong></span> <span class='ocrx_word' id='word_1_284' title='bbox 789 2626 1005 2697; x_wconf 88' lang='lat' dir='ltr'><strong>monstrent,</strong></span> <span class='ocrx_word' id='word_1_285' title='bbox 1032 2636 1095 2681; x_wconf 89' lang='lat' dir='ltr'><strong>cur</strong></span> <span class='ocrx_word' id='word_1_286' title='bbox 1112 2613 1182 2679; x_wconf 87' lang='lat' dir='ltr'><strong>ale·</strong></span> <span class='ocrx_word' id='word_1_287' title='bbox 1234 2610 1378 2691; x_wconf 90' lang='lat' dir='ltr'><strong>induat,</strong></span> <span class='ocrx_word' id='word_1_288' title='bbox 1424 2609 1578 2699; x_wconf 80' lang='lat' dir='ltr'><strong>intelligi</strong></span> <span class='ocrx_word' id='word_1_289' title='bbox 1622 2624 1782 2727; x_wconf 81' lang='lat' dir='ltr'><strong>oporteat</strong></span> <span class='ocrx_word' id='word_1_290' title='bbox 1814 2635 1887 2681; x_wconf 88' lang='lat' dir='ltr'><strong>esse</strong></span> <span class='ocrx_word' id='word_1_291' title='bbox 1921 2615 2078 2708; x_wconf 90' lang='lat' dir='ltr'><strong>aliquam</strong></span> <span class='ocrx_word' id='word_1_292' title='bbox 2108 2627 2222 2686; x_wconf 88' lang='lat' dir='ltr'><strong>natu·</strong></span> 
     </span>
     <span class='ocr_line' id='line_1_25' title="bbox 200 2711 2222 2808; baseline 0.001 -25"><span class='ocrx_word' id='word_1_293' title='bbox 200 2727 320 2784; x_wconf 88' lang='lat' dir='ltr'><strong>menta</strong></span> <span class='ocrx_word' id='word_1_294' title='bbox 342 2716 437 2784; x_wconf 89' lang='lat' dir='ltr'><strong>iuter</strong></span> <span class='ocrx_word' id='word_1_295' title='bbox 465 2739 502 2784; x_wconf 89' lang='lat' dir='ltr'><strong>se</strong></span> <span class='ocrx_word' id='word_1_296' title='bbox 525 2715 753 2786; x_wconf 89' lang='lat' dir='ltr'><strong>transmutari</strong></span> <span class='ocrx_word' id='word_1_297' title='bbox 786 2714 933 2804; x_wconf 91' lang='lat' dir='ltr'><strong>possint.</strong></span> <span class='ocrx_word' id='word_1_298' title='bbox 994 2712 1064 2783; x_wconf 86' lang='lat' dir='ltr'><strong>Hic</strong></span> <span class='ocrx_word' id='word_1_299' title='bbox 1093 2715 1182 2782; x_wconf 87' lang='lat' dir='ltr'><strong>duae</strong></span> <span class='ocrx_word' id='word_1_300' title='bbox 1235 2734 1310 2781; x_wconf 88' lang='lat' dir='ltr'><strong>ram</strong></span> <span class='ocrx_word' id='word_1_301' title='bbox 1357 2734 1517 2803; x_wconf 87' lang='lat' dir='ltr'><strong>capacem</strong></span> <span class='ocrx_word' id='word_1_302' title='bbox 1565 2711 1743 2781; x_wconf 82' lang='lat' dir='ltr'><strong>variarum</strong></span> <span class='ocrx_word' id='word_1_303' title='bbox 1798 2713 2012 2801; x_wconf 82' lang='lat' dir='ltr'><strong>formarum,</strong></span> <span class='ocrx_word' id='word_1_304' title='bbox 2067 2715 2222 2808; x_wconf 85' lang='lat' dir='ltr'><strong>priorem</strong></span> 
     </span>
     <span class='ocr_line' id='line_1_26' title="bbox 201 2810 2224 2909; baseline 0.001 -25"><span class='ocrx_word' id='word_1_305' title='bbox 201 2816 395 2885; x_wconf 78' lang='lat' dir='ltr'><strong>sentcntiae</strong></span> <span class='ocrx_word' id='word_1_306' title='bbox 412 2839 738 2900; x_wconf 83' lang='lat' dir='ltr'><strong>communissimae</strong></span> <span class='ocrx_word' id='word_1_307' title='bbox 764 2840 854 2909; x_wconf 91' lang='lat' dir='ltr'><strong>quae</strong></span> <span class='ocrx_word' id='word_1_308' title='bbox 868 2840 906 2883; x_wconf 90' lang='grc' dir='ltr'><strong>ιιι</strong></span> <span class='ocrx_word' id='word_1_309' title='bbox 924 2810 1083 2909; x_wconf 78' lang='lat' dir='ltr'><strong>Physicis</strong></span> <span class='ocrx_word' id='word_1_310' title='bbox 1097 2815 1182 2883; x_wconf 91' lang='lat' dir='ltr'><strong>sub</strong></span> <span class='ocrx_word' id='word_1_311' title='bbox 1235 2812 1320 2901; x_wconf 89' lang='lat' dir='ltr'><strong>ipsis</strong></span> <span class='ocrx_word' id='word_1_312' title='bbox 1342 2810 1543 2894; x_wconf 90' lang='lat' dir='ltr'><strong>elementis,</strong></span> <span class='ocrx_word' id='word_1_313' title='bbox 1574 2824 1613 2881; x_wconf 93' lang='lat' dir='ltr'><strong>ut</strong></span> <span class='ocrx_word' id='word_1_314' title='bbox 1646 2836 1726 2882; x_wconf 89' lang='lat' dir='ltr'><strong>cum</strong></span> <span class='ocrx_word' id='word_1_315' title='bbox 1763 2813 1924 2884; x_wconf 85' lang='lat' dir='ltr'><strong>videmus</strong></span> <span class='ocrx_word' id='word_1_316' title='bbox 1965 2838 2091 2909; x_wconf 89' lang='lat' dir='ltr'><strong>aquam</strong></span> <span class='ocrx_word' id='word_1_317' title='bbox 2134 2817 2224 2886; x_wconf 89' lang='lat' dir='ltr'><strong>alias</strong></span> 
     </span>
     <span class='ocr_line' id='line_1_27' title="bbox 202 2912 2224 3012; baseline 0 -27"><span class='ocrx_word' id='word_1_318' title='bbox 202 2916 288 2985; x_wconf 86' lang='lat' dir='ltr'><strong>inde</strong></span> <span class='ocrx_word' id='word_1_319' title='bbox 317 2929 544 3007; x_wconf 88' lang='lat' dir='ltr'><strong>repetuntur,</strong></span> <span class='ocrx_word' id='word_1_320' title='bbox 578 2916 695 2986; x_wconf 87' lang='lat' dir='ltr'><strong>statim</strong></span> <span class='ocrx_word' id='word_1_321' title='bbox 718 2917 757 2985; x_wconf 86' lang='lat' dir='ltr'><strong>iu</strong></span> <span class='ocrx_word' id='word_1_322' title='bbox 777 2916 879 2996; x_wconf 80' lang='lat' dir='ltr'><strong>aditu</strong></span> <span class='ocrx_word' id='word_1_323' title='bbox 897 2917 1014 3006; x_wconf 87' lang='lat' dir='ltr'><strong>operis</strong></span> <span class='ocrx_word' id='word_1_324' title='bbox 1036 2937 1072 2983; x_wconf 89' lang='lat' dir='ltr'><strong>se</strong></span> <span class='ocrx_word' id='word_1_325' title='bbox 1096 2914 1184 2983; x_wconf 87' lang='lat' dir='ltr'><strong>offe·</strong></span> <span class='ocrx_word' id='word_1_326' title='bbox 1235 2912 1444 3004; x_wconf 89' lang='lat' dir='ltr'><strong>dissipari</strong></span> <span class='ocrx_word' id='word_1_327' title='bbox 1433 2937 1471 2980; x_wconf 90' lang='grc' dir='ltr'><strong>ιιι</strong></span> <span class='ocrx_word' id='word_1_328' title='bbox 1504 2913 1640 2996; x_wconf 83' lang='lat' dir='ltr'><strong>a&#39;e&#39;rem,</strong></span> <span class='ocrx_word' id='word_1_329' title='bbox 1678 2928 1797 3005; x_wconf 88' lang='lat' dir='ltr'><strong>postea</strong></span> <span class='ocrx_word' id='word_1_330' title='bbox 1824 2916 1941 2984; x_wconf 74' lang='lat' dir='ltr'><strong>ae&#39;rem</strong></span> <span class='ocrx_word' id='word_1_331' title='bbox 1981 2916 2102 2985; x_wconf 86' lang='lat' dir='ltr'><strong>lieri</strong></span> <span class='ocrx_word' id='word_1_332' title='bbox 2091 2940 2224 3012; x_wconf 78' lang='lat' dir='ltr'><strong>agnem,</strong></span> 
     </span>
     <span class='ocr_line' id='line_1_28' title="bbox 201 3013 2225 3110; baseline 0 -23"><span class='ocrx_word' id='word_1_333' title='bbox 201 3030 299 3090; x_wconf 90' lang='lat' dir='ltr'><strong>runt.</strong></span> <span class='ocrx_word' id='word_1_334' title='bbox 350 3015 471 3086; x_wconf 90' lang='lat' dir='ltr'><strong>Prior:</strong></span> <span class='ocrx_word' id='word_1_335' title='bbox 499 3011 868 3098; x_wconf 78' lang='lat' dir='ltr'><strong>Exnihilonihillit,</strong></span> <span class='ocrx_word' id='word_1_336' title='bbox 889 3017 985 3110; x_wconf 91' lang='lat' dir='ltr'><strong>quod</strong></span> <span class='ocrx_word' id='word_1_337' title='bbox 1009 3016 1184 3104; x_wconf 86' lang='lat' dir='ltr'><strong>intelligas</strong></span> <span class='ocrx_word' id='word_1_338' title='bbox 1237 3014 1324 3084; x_wconf 90' lang='lat' dir='ltr'><strong>alias</strong></span> <span class='ocrx_word' id='word_1_339' title='bbox 1346 3025 1546 3083; x_wconf 89' lang='lat' dir='ltr'><strong>concretam</strong></span> <span class='ocrx_word' id='word_1_340' title='bbox 1570 3037 1696 3106; x_wconf 89' lang='lat' dir='ltr'><strong>aquam</strong></span> <span class='ocrx_word' id='word_1_341' title='bbox 1721 3015 1878 3099; x_wconf 88' lang='lat' dir='ltr'><strong>densari,</strong></span> <span class='ocrx_word' id='word_1_342' title='bbox 1912 3041 1951 3085; x_wconf 91' lang='lat' dir='ltr'><strong>ac</strong></span> <span class='ocrx_word' id='word_1_343' title='bbox 1973 3029 2103 3087; x_wconf 88' lang='lat' dir='ltr'><strong>terram</strong></span> <span class='ocrx_word' id='word_1_344' title='bbox 2135 3018 2225 3088; x_wconf 89' lang='lat' dir='ltr'><strong>lieri.</strong></span> 
     </span>
     <span class='ocr_line' id='line_1_29' title="bbox 202 3113 2224 3212; baseline 0.001 -26"><span class='ocrx_word' id='word_1_345' title='bbox 202 3118 484 3187; x_wconf 87' lang='lat' dir='ltr'><strong>denaturalilurs</strong></span> <span class='ocrx_word' id='word_1_346' title='bbox 507 3119 811 3212; x_wconf 82' lang='lat' dir='ltr'><strong>generationibus,</strong></span> <span class='ocrx_word' id='word_1_347' title='bbox 837 3118 958 3211; x_wconf 88' lang='lat' dir='ltr'><strong>quales</strong></span> <span class='ocrx_word' id='word_1_348' title='bbox 982 3140 1079 3185; x_wconf 91' lang='lat' dir='ltr'><strong>nunc</strong></span> <span class='ocrx_word' id='word_1_349' title='bbox 1103 3129 1184 3184; x_wconf 92' lang='lat' dir='ltr'><strong>sunt</strong></span> <span class='ocrx_word' id='word_1_350' title='bbox 1236 3115 1317 3186; x_wconf 82' lang='lat' dir='ltr'><strong>Non</strong></span> <span class='ocrx_word' id='word_1_351' title='bbox 1333 3138 1435 3207; x_wconf 88' lang='lat' dir='ltr'><strong>aqua</strong></span> <span class='ocrx_word' id='word_1_352' title='bbox 1456 3113 1591 3207; x_wconf 91' lang='lat' dir='ltr'><strong>inquit,</strong></span> <span class='ocrx_word' id='word_1_353' title='bbox 1618 3117 1678 3183; x_wconf 89' lang='lat' dir='ltr'><strong>sed</strong></span> <span class='ocrx_word' id='word_1_354' title='bbox 1695 3115 1785 3184; x_wconf 81' lang='lat' dir='ltr'><strong>illud</strong></span> <span class='ocrx_word' id='word_1_355' title='bbox 1800 3116 1894 3208; x_wconf 91' lang='lat' dir='ltr'><strong>quod</strong></span> <span class='ocrx_word' id='word_1_356' title='bbox 1911 3116 1999 3186; x_wconf 82' lang='lat' dir='ltr'><strong>atras</strong></span> <span class='ocrx_word' id='word_1_357' title='bbox 2014 3141 2126 3211; x_wconf 88' lang='lat' dir='ltr'><strong>aquae</strong></span> <span class='ocrx_word' id='word_1_358' title='bbox 2141 3142 2224 3210; x_wconf 87' lang='lat' dir='ltr'><strong>spe·</strong></span> 
     </span>
     <span class='ocr_line' id='line_1_30' title="bbox 205 3211 2222 3311; baseline 0.001 -24"><span class='ocrx_word' id='word_1_359' title='bbox 205 3219 247 3287; x_wconf 89' lang='lat' dir='ltr'><strong>in</strong></span> <span class='ocrx_word' id='word_1_360' title='bbox 265 3233 322 3286; x_wconf 81' lang='lat' dir='ltr'><strong>na</strong></span> <span class='ocrx_word' id='word_1_361' title='bbox 314 3243 389 3287; x_wconf 90' lang='lat' dir='ltr'><strong>ura</strong></span> <span class='ocrx_word' id='word_1_362' title='bbox 407 3243 455 3286; x_wconf 80' lang='lat' dir='ltr'><strong>stc</strong></span> <span class='ocrx_word' id='word_1_363' title='bbox 471 3219 645 3289; x_wconf 80' lang='lat' dir='ltr'><strong>ordinata</strong></span> <span class='ocrx_word' id='word_1_364' title='bbox 679 3217 866 3288; x_wconf 88' lang='lat' dir='ltr'><strong>Caeterum</strong></span> <span class='ocrx_word' id='word_1_365' title='bbox 883 3218 1044 3286; x_wconf 78' lang='lat' dir='ltr'><strong>doctrina</strong></span> <span class='ocrx_word' id='word_1_366' title='bbox 1060 3213 1184 3286; x_wconf 86' lang='lat' dir='ltr'><strong>Eccle-</strong></span> <span class='ocrx_word' id='word_1_367' title='bbox 1238 3216 1326 3285; x_wconf 90' lang='lat' dir='ltr'><strong>ciem</strong></span> <span class='ocrx_word' id='word_1_368' title='bbox 1351 3211 1477 3298; x_wconf 90' lang='lat' dir='ltr'><strong>habet,</strong></span> <span class='ocrx_word' id='word_1_369' title='bbox 1510 3214 1598 3283; x_wconf 89' lang='lat' dir='ltr'><strong>alias</strong></span> <span class='ocrx_word' id='word_1_370' title='bbox 1623 3215 1728 3283; x_wconf 91' lang='lat' dir='ltr'><strong>aliam</strong></span> <span class='ocrx_word' id='word_1_371' title='bbox 1754 3217 1924 3306; x_wconf 86' lang='lat' dir='ltr'><strong>speciem,</strong></span> <span class='ocrx_word' id='word_1_372' title='bbox 1955 3219 2071 3308; x_wconf 93' lang='lat' dir='ltr'><strong>prima</strong></span> <span class='ocrx_word' id='word_1_373' title='bbox 2093 3244 2222 3311; x_wconf 90' lang='lat' dir='ltr'><strong>corpo-</strong></span> 
     </span>
     <span class='ocr_line' id='line_1_31' title="bbox 204 3313 2224 3436; baseline 0 -48"><span class='ocrx_word' id='word_1_374' title='bbox 204 3319 276 3389; x_wconf 89' lang='lat' dir='ltr'><strong>siae</strong></span> <span class='ocrx_word' id='word_1_375' title='bbox 297 3320 476 3400; x_wconf 86' lang='lat' dir='ltr'><strong>adfirmat,</strong></span> <span class='ocrx_word' id='word_1_376' title='bbox 509 3316 624 3388; x_wconf 93' lang='lat' dir='ltr'><strong>Deum</strong></span> <span class='ocrx_word' id='word_1_377' title='bbox 649 3344 689 3388; x_wconf 87' lang='lat' dir='ltr'><strong>ex</strong></span> <span class='ocrx_word' id='word_1_378' title='bbox 712 3315 827 3387; x_wconf 85' lang='lat' dir='ltr'><strong>nihilo</strong></span> <span class='ocrx_word' id='word_1_379' title='bbox 851 3317 1050 3387; x_wconf 89' lang='lat' dir='ltr'><strong>condidisse</strong></span> <span class='ocrx_word' id='word_1_380' title='bbox 1071 3329 1184 3385; x_wconf 94' lang='lat' dir='ltr'><strong>totum</strong></span> <span class='ocrx_word' id='word_1_381' title='bbox 1238 3340 1316 3386; x_wconf 92' lang='lat' dir='ltr'><strong>rum</strong></span> <span class='ocrx_word' id='word_1_382' title='bbox 1333 3338 1454 3436; x_wconf 83' lang='lat' dir='ltr'><strong>quasi</strong></span> <span class='ocrx_word' id='word_1_383' title='bbox 1446 3328 1559 3384; x_wconf 87' lang='lat' dir='ltr'><strong>mater</strong></span> <span class='ocrx_word' id='word_1_384' title='bbox 1573 3329 1634 3385; x_wconf 89' lang='lat' dir='ltr'><strong>est</strong></span> <span class='ocrx_word' id='word_1_385' title='bbox 1686 3313 1754 3386; x_wconf 90' lang='grc' dir='ltr'><strong>Ηιι</strong></span> <span class='ocrx_word' id='word_1_386' title='bbox 1769 3341 1864 3386; x_wconf 86' lang='lat' dir='ltr'><strong>curm</strong></span> <span class='ocrx_word' id='word_1_387' title='bbox 1879 3318 2028 3387; x_wconf 83' lang='lat' dir='ltr'><strong>verbis</strong></span> <span class='ocrx_word' id='word_1_388' title='bbox 2016 3343 2055 3390; x_wconf 90' lang='grc' dir='ltr'><strong>ιιι</strong></span> <span class='ocrx_word' id='word_1_389' title='bbox 2073 3318 2224 3390; x_wconf 88' lang='lat' dir='ltr'><strong>Timaeo</strong></span> 
     </span>
     <span class='ocr_line' id='line_1_32' title="bbox 205 3408 2225 3533; baseline 0.002 -47"><span class='ocrx_word' id='word_1_390' title='bbox 205 3420 332 3488; x_wconf 90' lang='lat' dir='ltr'><strong>mundi</strong></span> <span class='ocrx_word' id='word_1_391' title='bbox 363 3419 563 3508; x_wconf 87' lang='lat' dir='ltr'><strong>opificium,</strong></span> <span class='ocrx_word' id='word_1_392' title='bbox 589 3433 621 3489; x_wconf 92' lang='lat' dir='ltr'><strong>et</strong></span> <span class='ocrx_word' id='word_1_393' title='bbox 643 3419 857 3502; x_wconf 86' lang='lat' dir='ltr'><strong>animantia,</strong></span> <span class='ocrx_word' id='word_1_394' title='bbox 897 3442 986 3521; x_wconf 89' lang='lat' dir='ltr'><strong>quae</strong></span> <span class='ocrx_word' id='word_1_395' title='bbox 1014 3417 1184 3487; x_wconf 91' lang='lat' dir='ltr'><strong>continet.</strong></span> <span class='ocrx_word' id='word_1_396' title='bbox 1238 3418 1368 3487; x_wconf 87' lang='lat' dir='ltr'><strong>utitur:</strong></span> <span class='ocrx_word' id='word_1_397' title='bbox 1402 3408 1521 3508; x_wconf 79' lang='grc' dir='ltr'><em>πάσης</em></span> <span class='ocrx_word' id='word_1_398' title='bbox 1548 3413 1724 3513; x_wconf 76' lang='grc' dir='ltr'><strong>γενέσεως</strong></span> <span class='ocrx_word' id='word_1_399' title='bbox 1760 3413 1928 3512; x_wconf 75' lang='grc' dir='ltr'><strong><em>ὑποδοχὴ</em></strong></span> <span class='ocrx_word' id='word_1_400' title='bbox 1957 3418 2038 3492; x_wconf 74' lang='lat' dir='ltr'><strong>aior</strong></span> <span class='ocrx_word' id='word_1_401' title='bbox 2072 3414 2225 3533; x_wconf 77' lang='grc' dir='ltr'><strong>τιθήνη,</strong></span> 
     </span>
     <span class='ocr_line' id='line_1_33' title="bbox 204 3514 2225 3612; baseline 0.002 -24"><span class='ocrx_word' id='word_1_402' title='bbox 204 3518 276 3588; x_wconf 89' lang='lat' dir='ltr'><strong>Sed</strong></span> <span class='ocrx_word' id='word_1_403' title='bbox 301 3514 508 3589; x_wconf 82' lang='lat' dir='ltr'><strong>Aristoteles</strong></span> <span class='ocrx_word' id='word_1_404' title='bbox 529 3520 610 3588; x_wconf 87' lang='lat' dir='ltr'><strong>idco</strong></span> <span class='ocrx_word' id='word_1_405' title='bbox 632 3521 895 3589; x_wconf 88' lang='lat' dir='ltr'><strong>mundumesse</strong></span> <span class='ocrx_word' id='word_1_406' title='bbox 914 3518 1185 3588; x_wconf 86' lang='lat' dir='ltr'><strong>aeternumdis·</strong></span> <span class='ocrx_word' id='word_1_407' title='bbox 1239 3519 1360 3603; x_wconf 88' lang='lat' dir='ltr'><strong>idest,</strong></span> <span class='ocrx_word' id='word_1_408' title='bbox 1388 3518 1504 3587; x_wconf 90' lang='lat' dir='ltr'><strong>omnis</strong></span> <span class='ocrx_word' id='word_1_409' title='bbox 1522 3518 1759 3606; x_wconf 89' lang='lat' dir='ltr'><strong>generationis</strong></span> <span class='ocrx_word' id='word_1_410' title='bbox 1782 3518 2043 3612; x_wconf 87' lang='lat' dir='ltr'><strong>receptaculum</strong></span> <span class='ocrx_word' id='word_1_411' title='bbox 2061 3533 2136 3609; x_wconf 88' lang='lat' dir='ltr'><strong>est,</strong></span> <span class='ocrx_word' id='word_1_412' title='bbox 2160 3546 2225 3592; x_wconf 84' lang='lat' dir='ltr'><strong>ve·</strong></span> 
     </span>
     <span class='ocr_line' id='line_1_34' title="bbox 205 3615 2054 3714; baseline -0.005 -24"><span class='ocrx_word' id='word_1_413' title='bbox 205 3633 326 3714; x_wconf 90' lang='lat' dir='ltr'><strong>putat,</strong></span> <span class='ocrx_word' id='word_1_414' title='bbox 361 3643 407 3687; x_wconf 91' lang='lat' dir='ltr'><strong>ne</strong></span> <span class='ocrx_word' id='word_1_415' title='bbox 432 3620 476 3689; x_wconf 90' lang='lat' dir='ltr'><strong>ab</strong></span> <span class='ocrx_word' id='word_1_416' title='bbox 501 3616 565 3690; x_wconf 88' lang='lat' dir='ltr'><strong>hac</strong></span> <span class='ocrx_word' id='word_1_417' title='bbox 593 3621 768 3689; x_wconf 83' lang='lat' dir='ltr'><strong>sententie</strong></span> <span class='ocrx_word' id='word_1_418' title='bbox 792 3620 962 3690; x_wconf 87' lang='lat' dir='ltr'><strong>discedat:</strong></span> <span class='ocrx_word' id='word_1_419' title='bbox 995 3615 1184 3689; x_wconf 83' lang='lat' dir='ltr'><strong>Exniltilo</strong></span> <span class='ocrx_word' id='word_1_420' title='bbox 1237 3620 1291 3690; x_wconf 92' lang='lat' dir='ltr'><strong>lut</strong></span> <span class='ocrx_word' id='word_1_421' title='bbox 1313 3618 1445 3691; x_wconf 86' lang='lat' dir='ltr'><strong>nutrix.</strong></span> <span class='ocrx_word' id='word_1_422' title='bbox 2051 3676 2054 3681; x_wconf 88' lang='lat'><strong>.</strong></span> 
     </span>
     <span class='ocr_line' id='line_1_35' title="bbox 204 3714 2225 3812; baseline 0.001 -21"><span class='ocrx_word' id='word_1_423' title='bbox 204 3715 298 3791; x_wconf 85' lang='lat' dir='ltr'><strong>nihil</strong></span> <span class='ocrx_word' id='word_1_424' title='bbox 321 3717 372 3790; x_wconf 86' lang='lat' dir='ltr'><strong>lit.</strong></span> <span class='ocrx_word' id='word_1_425' title='bbox 430 3717 515 3790; x_wconf 92' lang='lat' dir='ltr'><strong>ldeo</strong></span> <span class='ocrx_word' id='word_1_426' title='bbox 546 3723 720 3791; x_wconf 90' lang='lat' dir='ltr'><strong>mundum</strong></span> <span class='ocrx_word' id='word_1_427' title='bbox 751 3721 1046 3790; x_wconf 83' lang='lat' dir='ltr'><strong>necessariorum</strong></span> <span class='ocrx_word' id='word_1_428' title='bbox 1071 3721 1224 3811; x_wconf 90' lang='lat' dir='ltr'><strong>prima</strong></span> <span class='ocrx_word' id='word_1_429' title='bbox 1339 3714 1442 3789; x_wconf 85' lang='lat' dir='ltr'><strong>Hanc</strong></span> <span class='ocrx_word' id='word_1_430' title='bbox 1468 3719 1568 3811; x_wconf 89' lang='lat' dir='ltr'><strong>quasi</strong></span> <span class='ocrx_word' id='word_1_431' title='bbox 1595 3719 1785 3808; x_wconf 89' lang='lat' dir='ltr'><strong>imaginem</strong></span> <span class='ocrx_word' id='word_1_432' title='bbox 1807 3720 2032 3812; x_wconf 88' lang='lat' dir='ltr'><strong>aspicientes,</strong></span> <span class='ocrx_word' id='word_1_433' title='bbox 2057 3723 2225 3795; x_wconf 86' lang='lat' dir='ltr'><strong>videlieet</strong></span> 
     </span>
     <span class='ocr_line' id='line_1_36' title="bbox 205 3820 2223 3916; baseline 0.002 -26"><span class='ocrx_word' id='word_1_434' title='bbox 205 3843 307 3890; x_wconf 88' lang='lat' dir='ltr'><strong>causa</strong></span> <span class='ocrx_word' id='word_1_435' title='bbox 323 3820 468 3889; x_wconf 81' lang='lat' dir='ltr'><strong>existere</strong></span> <span class='ocrx_word' id='word_1_436' title='bbox 484 3822 624 3910; x_wconf 87' lang='lat' dir='ltr'><strong>cogitat,</strong></span> <span class='ocrx_word' id='word_1_437' title='bbox 651 3836 685 3894; x_wconf 91' lang='lat' dir='ltr'><strong>et</strong></span> <span class='ocrx_word' id='word_1_438' title='bbox 702 3835 819 3892; x_wconf 88' lang='lat' dir='ltr'><strong>tamen</strong></span> <span class='ocrx_word' id='word_1_439' title='bbox 832 3821 949 3891; x_wconf 89' lang='lat' dir='ltr'><strong>Deum</strong></span> <span class='ocrx_word' id='word_1_440' title='bbox 963 3822 1186 3890; x_wconf 89' lang='lat' dir='ltr'><strong>mundicau-</strong></span> <span class='ocrx_word' id='word_1_441' title='bbox 1239 3820 1355 3890; x_wconf 87' lang='lat' dir='ltr'><strong>varias</strong></span> <span class='ocrx_word' id='word_1_442' title='bbox 1371 3842 1482 3911; x_wconf 88' lang='lat' dir='ltr'><strong>aquae</strong></span> <span class='ocrx_word' id='word_1_443' title='bbox 1500 3820 1731 3904; x_wconf 85' lang='lat' dir='ltr'><strong>mutationes,</strong></span> <span class='ocrx_word' id='word_1_444' title='bbox 1757 3821 1894 3892; x_wconf 72' lang='lat' dir='ltr'><strong>besilius</strong></span> <span class='ocrx_word' id='word_1_445' title='bbox 1917 3824 2074 3911; x_wconf 82' lang='lat' dir='ltr'><strong>cogitare</strong></span> <span class='ocrx_word' id='word_1_446' title='bbox 2096 3847 2223 3916; x_wconf 90' lang='lat' dir='ltr'><strong>possu-</strong></span> 
     </span>
     <span class='ocr_line' id='line_1_37' title="bbox 205 3921 2224 4012; baseline 0.004 -22"><span class='ocrx_word' id='word_1_447' title='bbox 205 3945 280 3990; x_wconf 91' lang='lat' dir='ltr'><strong>sam</strong></span> <span class='ocrx_word' id='word_1_448' title='bbox 306 3944 379 3990; x_wconf 88' lang='lat' dir='ltr'><strong>esse</strong></span> <span class='ocrx_word' id='word_1_449' title='bbox 401 3923 582 4008; x_wconf 89' lang='lat' dir='ltr'><strong>concedit,</strong></span> <span class='ocrx_word' id='word_1_450' title='bbox 616 3925 798 4007; x_wconf 88' lang='lat' dir='ltr'><strong>videlicet,</strong></span> <span class='ocrx_word' id='word_1_451' title='bbox 828 3937 869 3994; x_wconf 90' lang='lat' dir='ltr'><strong>ut</strong></span> <span class='ocrx_word' id='word_1_452' title='bbox 889 3922 981 4011; x_wconf 88' lang='lat' dir='ltr'><strong>iguis</strong></span> <span class='ocrx_word' id='word_1_453' title='bbox 1008 3935 1060 3992; x_wconf 90' lang='lat' dir='ltr'><strong>est</strong></span> <span class='ocrx_word' id='word_1_454' title='bbox 1083 3944 1186 3991; x_wconf 88' lang='lat' dir='ltr'><strong>causa</strong></span> <span class='ocrx_word' id='word_1_455' title='bbox 1239 3946 1336 4006; x_wconf 88' lang='lat' dir='ltr'><strong>mus,</strong></span> <span class='ocrx_word' id='word_1_456' title='bbox 1360 3944 1433 3988; x_wconf 85' lang='lat' dir='ltr'><strong>esse</strong></span> <span class='ocrx_word' id='word_1_457' title='bbox 1448 3921 1592 4012; x_wconf 91' lang='lat' dir='ltr'><strong>aliquod</strong></span> <span class='ocrx_word' id='word_1_458' title='bbox 1609 3945 1797 3990; x_wconf 89' lang='lat' dir='ltr'><strong>commune</strong></span> <span class='ocrx_word' id='word_1_459' title='bbox 1814 3924 1995 3994; x_wconf 88' lang='lat' dir='ltr'><strong>elementis</strong></span> <span class='ocrx_word' id='word_1_460' title='bbox 2009 3926 2224 3999; x_wconf 87' lang='lat' dir='ltr'><strong>subiectum.</strong></span> 
     </span>
     <span class='ocr_line' id='line_1_38' title="bbox 205 4014 2224 4116; baseline 0.001 -23"><span class='ocrx_word' id='word_1_461' title='bbox 205 4023 352 4104; x_wconf 82' lang='lat' dir='ltr'><strong>celocis,</strong></span> <span class='ocrx_word' id='word_1_462' title='bbox 383 4021 445 4116; x_wconf 88' lang='lat' dir='ltr'><strong>qui</strong></span> <span class='ocrx_word' id='word_1_463' title='bbox 467 4031 605 4115; x_wconf 89' lang='lat' dir='ltr'><strong>semper</strong></span> <span class='ocrx_word' id='word_1_464' title='bbox 620 4024 725 4093; x_wconf 92' lang='lat' dir='ltr'><strong>simul</strong></span> <span class='ocrx_word' id='word_1_465' title='bbox 741 4039 887 4093; x_wconf 73' lang='lat' dir='ltr'><strong>esurum</strong></span> <span class='ocrx_word' id='word_1_466' title='bbox 904 4024 996 4112; x_wconf 84' lang='lat' dir='ltr'><strong>igne.</strong></span> <span class='ocrx_word' id='word_1_467' title='bbox 1237 4014 1286 4093; x_wconf 84' lang='lat' dir='ltr'><strong>Et</strong></span> <span class='ocrx_word' id='word_1_468' title='bbox 1306 4021 1524 4091; x_wconf 89' lang='lat' dir='ltr'><strong>considerata</strong></span> <span class='ocrx_word' id='word_1_469' title='bbox 1558 4015 1624 4091; x_wconf 89' lang='lat' dir='ltr'><strong>hac</strong></span> <span class='ocrx_word' id='word_1_470' title='bbox 1654 4022 1807 4112; x_wconf 85' lang='lat' dir='ltr'><strong>imagine</strong></span> <span class='ocrx_word' id='word_1_471' title='bbox 1831 4023 1970 4096; x_wconf 82' lang='lat' dir='ltr'><strong>facilius</strong></span> <span class='ocrx_word' id='word_1_472' title='bbox 1994 4025 2224 4099; x_wconf 82' lang='lat' dir='ltr'><strong>Aristotelica</strong></span> 
     </span>
     <span class='ocr_line' id='line_1_39' title="bbox 308 4118 1648 4212; baseline 0.001 -18"><span class='ocrx_word' id='word_1_473' title='bbox 308 4122 454 4194; x_wconf 80' lang='lat' dir='ltr'><strong>Fatetur</strong></span> <span class='ocrx_word' id='word_1_474' title='bbox 468 4137 501 4193; x_wconf 87' lang='lat' dir='ltr'><strong>ct</strong></span> <span class='ocrx_word' id='word_1_475' title='bbox 517 4118 606 4207; x_wconf 90' lang='lat' dir='ltr'><strong>hoc,</strong></span> <span class='ocrx_word' id='word_1_476' title='bbox 631 4148 706 4192; x_wconf 90' lang='lat' dir='ltr'><strong>non</strong></span> <span class='ocrx_word' id='word_1_477' title='bbox 729 4125 818 4194; x_wconf 90' lang='lat' dir='ltr'><strong>oriri</strong></span> <span class='ocrx_word' id='word_1_478' title='bbox 842 4137 977 4195; x_wconf 87' lang='lat' dir='ltr'><strong>motum</strong></span> <span class='ocrx_word' id='word_1_479' title='bbox 994 4145 1014 4191; x_wconf 90' lang='lat' dir='ltr'><strong>a</strong></span> <span class='ocrx_word' id='word_1_480' title='bbox 1029 4120 1187 4204; x_wconf 87' lang='lat' dir='ltr'><strong>materia,</strong></span> <span class='ocrx_word' id='word_1_481' title='bbox 1239 4121 1397 4193; x_wconf 88' lang='lat' dir='ltr'><strong>delinitio</strong></span> <span class='ocrx_word' id='word_1_482' title='bbox 1419 4122 1648 4212; x_wconf 85' lang='lat' dir='ltr'><strong>intelligetur.</strong></span> 
     </span>
     <span class='ocr_line' id='line_1_40' title="bbox 207 4219 2225 4321; baseline 0.001 -23"><span class='ocrx_word' id='word_1_483' title='bbox 207 4227 268 4298; x_wconf 88' lang='lat' dir='ltr'><strong>sed</strong></span> <span class='ocrx_word' id='word_1_484' title='bbox 283 4226 328 4297; x_wconf 89' lang='lat' dir='ltr'><strong>ab</strong></span> <span class='ocrx_word' id='word_1_485' title='bbox 346 4223 409 4295; x_wconf 92' lang='lat' dir='ltr'><strong>illa</strong></span> <span class='ocrx_word' id='word_1_486' title='bbox 427 4225 501 4317; x_wconf 91' lang='lat' dir='ltr'><strong>ipsa</strong></span> <span class='ocrx_word' id='word_1_487' title='bbox 519 4224 693 4295; x_wconf 87' lang='lat' dir='ltr'><strong>efficiente</strong></span> <span class='ocrx_word' id='word_1_488' title='bbox 708 4248 822 4297; x_wconf 87' lang='lat' dir='ltr'><strong>causa.</strong></span> <span class='ocrx_word' id='word_1_489' title='bbox 1341 4219 1395 4293; x_wconf 79' lang='lat' dir='ltr'><strong>Ar</strong></span> <span class='ocrx_word' id='word_1_490' title='bbox 1425 4223 1550 4292; x_wconf 88' lang='lat' dir='ltr'><strong>ordine</strong></span> <span class='ocrx_word' id='word_1_491' title='bbox 1580 4226 1687 4295; x_wconf 86' lang='lat' dir='ltr'><strong>verba</strong></span> <span class='ocrx_word' id='word_1_492' title='bbox 1720 4225 1937 4297; x_wconf 88' lang='lat' dir='ltr'><strong>delinitionis</strong></span> <span class='ocrx_word' id='word_1_493' title='bbox 1967 4229 2225 4321; x_wconf 81' lang='lat' dir='ltr'><strong>expendantur.</strong></span> 
     </span>
     <span class='ocr_line' id='line_1_41' title="bbox 311 4322 2223 4420; baseline 0.002 -22"><span class='ocrx_word' id='word_1_494' title='bbox 311 4325 434 4399; x_wconf 75' lang='lat' dir='ltr'><strong>Altera</strong></span> <span class='ocrx_word' id='word_1_495' title='bbox 451 4326 624 4396; x_wconf 88' lang='lat' dir='ltr'><strong>sententia</strong></span> <span class='ocrx_word' id='word_1_496' title='bbox 638 4337 757 4417; x_wconf 88' lang='lat' dir='ltr'><strong>postea</strong></span> <span class='ocrx_word' id='word_1_497' title='bbox 774 4325 958 4412; x_wconf 81' lang='lat' dir='ltr'><strong>profutura</strong></span> <span class='ocrx_word' id='word_1_498' title='bbox 971 4336 1022 4393; x_wconf 87' lang='lat' dir='ltr'><strong>cst</strong></span> <span class='ocrx_word' id='word_1_499' title='bbox 1037 4323 1075 4391; x_wconf 90' lang='lat' dir='ltr'><strong>in</strong></span> <span class='ocrx_word' id='word_1_500' title='bbox 1092 4322 1187 4391; x_wconf 90' lang='lat' dir='ltr'><strong>mul·</strong></span> <span class='ocrx_word' id='word_1_501' title='bbox 1238 4323 1380 4395; x_wconf 88' lang='lat' dir='ltr'><strong>Dicitur</strong></span> <span class='ocrx_word' id='word_1_502' title='bbox 1396 4326 1542 4395; x_wconf 88' lang='lat' dir='ltr'><strong>materia</strong></span> <span class='ocrx_word' id='word_1_503' title='bbox 1559 4326 1714 4415; x_wconf 86' lang='lat' dir='ltr'><strong>primum</strong></span> <span class='ocrx_word' id='word_1_504' title='bbox 1740 4327 1956 4410; x_wconf 87' lang='lat' dir='ltr'><strong>subiectum,</strong></span> <span class='ocrx_word' id='word_1_505' title='bbox 1980 4342 2022 4397; x_wconf 91' lang='grc' dir='ltr'><strong>ιιι</strong></span> <span class='ocrx_word' id='word_1_506' title='bbox 2044 4328 2223 4420; x_wconf 85' lang='lat' dir='ltr'><strong>significe-</strong></span> 
     </span>
     <span class='ocr_line' id='line_1_42' title="bbox 208 4423 2057 4543; baseline -0.001 -45"><span class='ocrx_word' id='word_1_507' title='bbox 208 4429 255 4498; x_wconf 90' lang='lat' dir='ltr'><strong>tis</strong></span> <span class='ocrx_word' id='word_1_508' title='bbox 284 4426 585 4519; x_wconf 87' lang='lat' dir='ltr'><strong>disputationibus</strong></span> <span class='ocrx_word' id='word_1_509' title='bbox 616 4426 722 4498; x_wconf 89' lang='lat' dir='ltr'><strong>etiam</strong></span> <span class='ocrx_word' id='word_1_510' title='bbox 748 4425 987 4497; x_wconf 84' lang='lat' dir='ltr'><strong>Medicorum:</strong></span> <span class='ocrx_word' id='word_1_511' title='bbox 1019 4423 1061 4493; x_wconf 89' lang='lat' dir='ltr'><strong>ln</strong></span> <span class='ocrx_word' id='word_1_512' title='bbox 1088 4423 1188 4492; x_wconf 88' lang='lat' dir='ltr'><strong>omui</strong></span> <span class='ocrx_word' id='word_1_513' title='bbox 1238 4437 1440 4497; x_wconf 85' lang='lat' dir='ltr'><strong>tornatura</strong></span> <span class='ocrx_word' id='word_1_514' title='bbox 1457 4427 1826 4543; x_wconf 82' lang='lat' dir='ltr'><strong>quaedamelemeotis</strong></span> <span class='ocrx_word' id='word_1_515' title='bbox 1846 4428 2057 4502; x_wconf 88' lang='lat' dir='ltr'><strong>communis.</strong></span> 
     </span>
     <span class='ocr_line' id='line_1_43' title="bbox 210 4524 2225 4620; baseline 0.001 -20"><span class='ocrx_word' id='word_1_516' title='bbox 210 4528 405 4600; x_wconf 81' lang='lat' dir='ltr'><strong>mutatione</strong></span> <span class='ocrx_word' id='word_1_517' title='bbox 440 4541 605 4618; x_wconf 89' lang='lat' dir='ltr'><strong>oportere</strong></span> <span class='ocrx_word' id='word_1_518' title='bbox 639 4527 835 4598; x_wconf 88' lang='lat' dir='ltr'><strong>subiectum</strong></span> <span class='ocrx_word' id='word_1_519' title='bbox 879 4538 1068 4615; x_wconf 89' lang='lat' dir='ltr'><strong>cognatum</strong></span> <span class='ocrx_word' id='word_1_520' title='bbox 1103 4546 1189 4609; x_wconf 89' lang='lat' dir='ltr'><strong>esse,</strong></span> <span class='ocrx_word' id='word_1_521' title='bbox 1344 4524 1484 4594; x_wconf 87' lang='lat' dir='ltr'><strong>Deinde</strong></span> <span class='ocrx_word' id='word_1_522' title='bbox 1509 4526 1670 4618; x_wconf 90' lang='lat' dir='ltr'><strong>sequitur</strong></span> <span class='ocrx_word' id='word_1_523' title='bbox 1689 4526 1728 4594; x_wconf 91' lang='lat' dir='ltr'><strong>in</strong></span> <span class='ocrx_word' id='word_1_524' title='bbox 1749 4528 1957 4599; x_wconf 80' lang='lat' dir='ltr'><strong>defiuitione</strong></span> <span class='ocrx_word' id='word_1_525' title='bbox 1969 4531 2063 4620; x_wconf 87' lang='lat' dir='ltr'><strong>apud</strong></span> <span class='ocrx_word' id='word_1_526' title='bbox 2081 4527 2225 4602; x_wconf 84' lang='lat' dir='ltr'><strong>Aristo-</strong></span> 
     </span>
     <span class='ocr_line' id='line_1_44' title="bbox 209 4622 2223 4749; baseline 0.002 -51"><span class='ocrx_word' id='word_1_527' title='bbox 209 4630 306 4724; x_wconf 86' lang='lat' dir='ltr'><strong>quod</strong></span> <span class='ocrx_word' id='word_1_528' title='bbox 322 4627 448 4714; x_wconf 80' lang='lat' dir='ltr'><strong>recipit</strong></span> <span class='ocrx_word' id='word_1_529' title='bbox 463 4630 624 4702; x_wconf 79' lang='lat' dir='ltr'><strong>formam</strong></span> <span class='ocrx_word' id='word_1_530' title='bbox 674 4627 729 4698; x_wconf 89' lang='lat' dir='ltr'><strong>De</strong></span> <span class='ocrx_word' id='word_1_531' title='bbox 746 4623 811 4697; x_wconf 92' lang='lat' dir='ltr'><strong>hac</strong></span> <span class='ocrx_word' id='word_1_532' title='bbox 826 4627 1000 4696; x_wconf 77' lang='lat' dir='ltr'><strong>sententia</strong></span> <span class='ocrx_word' id='word_1_533' title='bbox 1014 4626 1107 4694; x_wconf 78' lang='lat' dir='ltr'><strong>inira</strong></span> <span class='ocrx_word' id='word_1_534' title='bbox 1132 4626 1186 4693; x_wconf 90' lang='lat' dir='ltr'><strong>di·</strong></span> <span class='ocrx_word' id='word_1_535' title='bbox 1239 4628 1363 4698; x_wconf 87' lang='lat' dir='ltr'><strong>telem:</strong></span> <span class='ocrx_word' id='word_1_536' title='bbox 1398 4622 1454 4695; x_wconf 87' lang='grc' dir='ltr'><strong>Ειι</strong></span> <span class='ocrx_word' id='word_1_537' title='bbox 1476 4648 1549 4720; x_wconf 90' lang='lat' dir='ltr'><strong>quo</strong></span> <span class='ocrx_word' id='word_1_538' title='bbox 1571 4626 1611 4697; x_wconf 85' lang='lat' dir='ltr'><strong>ht</strong></span> <span class='ocrx_word' id='word_1_539' title='bbox 1631 4626 1787 4719; x_wconf 90' lang='lat' dir='ltr'><strong>aliquid,</strong></span> <span class='ocrx_word' id='word_1_540' title='bbox 1812 4642 1982 4749; x_wconf 80' lang='lat' dir='ltr'><strong>tanquam</strong></span> <span class='ocrx_word' id='word_1_541' title='bbox 2004 4633 2223 4725; x_wconf 78' lang='lat' dir='ltr'><strong>ex=eoquod</strong></span> 
     </span>
     <span class='ocr_line' id='line_1_45' title="bbox 140 4724 2224 4823; baseline -0.001 -23"><span class='ocrx_word' id='word_1_542' title='bbox 140 4778 142 4782; x_wconf 30' lang='grc' dir='ltr'><strong>ι</strong></span> <span class='ocrx_word' id='word_1_543' title='bbox 209 4744 324 4809; x_wconf 89' lang='lat' dir='ltr'><strong>cetur,</strong></span> <span class='ocrx_word' id='word_1_544' title='bbox 355 4728 420 4797; x_wconf 93' lang='lat' dir='ltr'><strong>ubi</strong></span> <span class='ocrx_word' id='word_1_545' title='bbox 442 4728 698 4821; x_wconf 89' lang='lat' dir='ltr'><strong>disputabitur,</strong></span> <span class='ocrx_word' id='word_1_546' title='bbox 731 4753 821 4823; x_wconf 89' lang='lat' dir='ltr'><strong>quae</strong></span> <span class='ocrx_word' id='word_1_547' title='bbox 857 4751 1004 4817; x_wconf 91' lang='lat' dir='ltr'><strong>corpora</strong></span> <span class='ocrx_word' id='word_1_548' title='bbox 1023 4724 1189 4818; x_wconf 88' lang='lat' dir='ltr'><strong>aquibus</strong></span> <span class='ocrx_word' id='word_1_549' title='bbox 1239 4729 1344 4802; x_wconf 83' lang='lat' dir='ltr'><strong>inest.</strong></span> <span class='ocrx_word' id='word_1_550' title='bbox 1393 4724 1483 4798; x_wconf 87' lang='lat' dir='ltr'><strong>Vult</strong></span> <span class='ocrx_word' id='word_1_551' title='bbox 1501 4727 1597 4796; x_wconf 89' lang='lat' dir='ltr'><strong>enim</strong></span> <span class='ocrx_word' id='word_1_552' title='bbox 1619 4726 1833 4815; x_wconf 87' lang='lat' dir='ltr'><strong>significare,</strong></span> <span class='ocrx_word' id='word_1_553' title='bbox 1859 4730 2042 4800; x_wconf 85' lang='lat' dir='ltr'><strong>materiam</strong></span> <span class='ocrx_word' id='word_1_554' title='bbox 2061 4727 2103 4800; x_wconf 87' lang='lat' dir='ltr'><strong>in</strong></span> <span class='ocrx_word' id='word_1_555' title='bbox 2124 4754 2224 4800; x_wconf 87' lang='lat' dir='ltr'><strong>oom-</strong></span> 
     </span>
     <span class='ocr_line' id='line_1_46' title="bbox 207 4827 2224 4923; baseline 0 -23"><span class='ocrx_word' id='word_1_556' title='bbox 207 4831 308 4900; x_wconf 90' lang='lat' dir='ltr'><strong>adtici</strong></span> <span class='ocrx_word' id='word_1_557' title='bbox 331 4828 486 4908; x_wconf 86' lang='lat' dir='ltr'><strong>oossint,</strong></span> <span class='ocrx_word' id='word_1_558' title='bbox 509 4852 570 4898; x_wconf 91' lang='lat' dir='ltr'><strong>seu</strong></span> <span class='ocrx_word' id='word_1_559' title='bbox 587 4855 676 4923; x_wconf 90' lang='lat' dir='ltr'><strong>quae</strong></span> <span class='ocrx_word' id='word_1_560' title='bbox 699 4845 846 4900; x_wconf 88' lang='lat' dir='ltr'><strong>naturae</strong></span> <span class='ocrx_word' id='word_1_561' title='bbox 871 4830 965 4898; x_wconf 90' lang='lat' dir='ltr'><strong>inter</strong></span> <span class='ocrx_word' id='word_1_562' title='bbox 983 4849 1059 4896; x_wconf 89' lang='lat' dir='ltr'><strong>sese</strong></span> <span class='ocrx_word' id='word_1_563' title='bbox 1084 4841 1190 4913; x_wconf 86' lang='lat' dir='ltr'><strong>agant</strong></span> <span class='ocrx_word' id='word_1_564' title='bbox 1241 4828 1354 4920; x_wconf 90' lang='lat' dir='ltr'><strong>posito</strong></span> <span class='ocrx_word' id='word_1_565' title='bbox 1370 4850 1524 4912; x_wconf 88' lang='lat' dir='ltr'><strong>manere,</strong></span> <span class='ocrx_word' id='word_1_566' title='bbox 1547 4827 1980 4913; x_wconf 84' lang='lat' dir='ltr'><strong>cumbuntsubstantiae,</strong></span> <span class='ocrx_word' id='word_1_567' title='bbox 2006 4831 2224 4902; x_wconf 82' lang='lat' dir='ltr'><strong>etsubsten-</strong></span> 
     </span>
     <span class='ocr_line' id='line_1_47' title="bbox 210 4929 2224 5023; baseline -0 -22"><span class='ocrx_word' id='word_1_568' title='bbox 210 4930 456 5022; x_wconf 87' lang='lat' dir='ltr'><strong>etpatiautur,</strong></span> <span class='ocrx_word' id='word_1_569' title='bbox 482 4944 521 4999; x_wconf 90' lang='lat' dir='ltr'><strong>ut</strong></span> <span class='ocrx_word' id='word_1_570' title='bbox 542 4931 697 5000; x_wconf 87' lang='lat' dir='ltr'><strong>calidum</strong></span> <span class='ocrx_word' id='word_1_571' title='bbox 723 4931 866 5023; x_wconf 93' lang='lat' dir='ltr'><strong>proprie</strong></span> <span class='ocrx_word' id='word_1_572' title='bbox 890 4952 963 4999; x_wconf 91' lang='lat' dir='ltr'><strong>non</strong></span> <span class='ocrx_word' id='word_1_573' title='bbox 985 4940 1187 4998; x_wconf 90' lang='lat' dir='ltr'><strong>certatcum</strong></span> <span class='ocrx_word' id='word_1_574' title='bbox 1238 4930 1369 5000; x_wconf 87' lang='lat' dir='ltr'><strong>tiarum</strong></span> <span class='ocrx_word' id='word_1_575' title='bbox 1386 4929 1560 5017; x_wconf 85' lang='lat' dir='ltr'><strong>originem</strong></span> <span class='ocrx_word' id='word_1_576' title='bbox 1586 4950 1660 4996; x_wconf 85' lang='lat' dir='ltr'><strong>esse</strong></span> <span class='ocrx_word' id='word_1_577' title='bbox 1681 4930 1876 5000; x_wconf 88' lang='lat' dir='ltr'><strong>materiam.</strong></span> <span class='ocrx_word' id='word_1_578' title='bbox 1926 4929 1987 5001; x_wconf 78' lang='lat' dir='ltr'><strong>Fit</strong></span> <span class='ocrx_word' id='word_1_579' title='bbox 2008 4946 2127 5002; x_wconf 86' lang='lat' dir='ltr'><strong>eutem</strong></span> <span class='ocrx_word' id='word_1_580' title='bbox 2147 4952 2224 5000; x_wconf 84' lang='grc' dir='ltr'><strong>ιιιιιι</strong></span> 
     </span>
     <span class='ocr_line' id='line_1_48' title="bbox 210 5026 2224 5122; baseline 0 -20"><span class='ocrx_word' id='word_1_581' title='bbox 210 5032 394 5115; x_wconf 87' lang='lat' dir='ltr'><strong>albedine,</strong></span> <span class='ocrx_word' id='word_1_582' title='bbox 418 5053 485 5100; x_wconf 90' lang='lat' dir='ltr'><strong>uec</strong></span> <span class='ocrx_word' id='word_1_583' title='bbox 501 5030 611 5119; x_wconf 86' lang='lat' dir='ltr'><strong>figora</strong></span> <span class='ocrx_word' id='word_1_584' title='bbox 625 5055 704 5101; x_wconf 92' lang='lat' dir='ltr'><strong>cum</strong></span> <span class='ocrx_word' id='word_1_585' title='bbox 720 5031 898 5104; x_wconf 88' lang='lat' dir='ltr'><strong>caliditate</strong></span> <span class='ocrx_word' id='word_1_586' title='bbox 911 5044 971 5100; x_wconf 92' lang='lat' dir='ltr'><strong>aut</strong></span> <span class='ocrx_word' id='word_1_587' title='bbox 985 5026 1190 5121; x_wconf 78' lang='lat' dir='ltr'><strong>frigiditate,</strong></span> <span class='ocrx_word' id='word_1_588' title='bbox 1241 5032 1437 5099; x_wconf 89' lang='lat' dir='ltr'><strong>secundnm</strong></span> <span class='ocrx_word' id='word_1_589' title='bbox 1461 5029 1635 5122; x_wconf 86' lang='lat' dir='ltr'><strong>accidens.</strong></span> <span class='ocrx_word' id='word_1_590' title='bbox 1688 5026 1728 5098; x_wconf 91' lang='lat' dir='ltr'><strong>ld</strong></span> <span class='ocrx_word' id='word_1_591' title='bbox 1753 5031 1886 5102; x_wconf 90' lang='lat' dir='ltr'><strong>dicitur</strong></span> <span class='ocrx_word' id='word_1_592' title='bbox 1905 5033 1949 5100; x_wconf 88' lang='lat' dir='ltr'><strong>ad</strong></span> <span class='ocrx_word' id='word_1_593' title='bbox 1971 5032 2224 5104; x_wconf 83' lang='lat' dir='ltr'><strong>discernendas</strong></span> 
     </span>
     <span class='ocr_line' id='line_1_49' title="bbox 209 5127 2224 5226; baseline -0.001 -21"><span class='ocrx_word' id='word_1_594' title='bbox 209 5146 273 5205; x_wconf 87' lang='lat' dir='ltr'><strong>aut</strong></span> <span class='ocrx_word' id='word_1_595' title='bbox 288 5127 511 5208; x_wconf 87' lang='lat' dir='ltr'><strong>humiditate,</strong></span> <span class='ocrx_word' id='word_1_596' title='bbox 536 5144 598 5202; x_wconf 84' lang='lat' dir='ltr'><strong>aut</strong></span> <span class='ocrx_word' id='word_1_597' title='bbox 611 5132 793 5206; x_wconf 72' lang='lat' dir='ltr'><strong>siccitate·</strong></span> <span class='ocrx_word' id='word_1_598' title='bbox 828 5130 899 5203; x_wconf 86' lang='lat' dir='ltr'><strong>Sed</strong></span> <span class='ocrx_word' id='word_1_599' title='bbox 912 5129 1082 5200; x_wconf 88' lang='lat' dir='ltr'><strong>certantia</strong></span> <span class='ocrx_word' id='word_1_600' title='bbox 1095 5128 1191 5201; x_wconf 87' lang='lat' dir='ltr'><strong>inter</strong></span> <span class='ocrx_word' id='word_1_601' title='bbox 1240 5128 1500 5226; x_wconf 78' lang='lat' dir='ltr'><strong>generationes,</strong></span> <span class='ocrx_word' id='word_1_602' title='bbox 1537 5141 1571 5198; x_wconf 88' lang='lat' dir='ltr'><strong>ct</strong></span> <span class='ocrx_word' id='word_1_603' title='bbox 1605 5130 1802 5201; x_wconf 81' lang='lat' dir='ltr'><strong>artificiales</strong></span> <span class='ocrx_word' id='word_1_604' title='bbox 1840 5132 2066 5208; x_wconf 86' lang='lat' dir='ltr'><strong>mutationes.</strong></span> <span class='ocrx_word' id='word_1_605' title='bbox 2130 5131 2224 5203; x_wconf 80' lang='lat' dir='ltr'><strong>Nam</strong></span> 
     </span>
     <span class='ocr_line' id='line_1_50' title="bbox 209 5228 2223 5323; baseline -0.002 -17"><span class='ocrx_word' id='word_1_606' title='bbox 209 5258 248 5305; x_wconf 86' lang='lat' dir='ltr'><strong>se</strong></span> <span class='ocrx_word' id='word_1_607' title='bbox 261 5247 383 5305; x_wconf 87' lang='lat' dir='ltr'><strong>mutua</strong></span> <span class='ocrx_word' id='word_1_608' title='bbox 405 5231 564 5314; x_wconf 88' lang='lat' dir='ltr'><strong>actione,</strong></span> <span class='ocrx_word' id='word_1_609' title='bbox 588 5246 729 5323; x_wconf 88' lang='lat' dir='ltr'><strong>oportet</strong></span> <span class='ocrx_word' id='word_1_610' title='bbox 752 5254 843 5317; x_wconf 87' lang='lat' dir='ltr'><strong>esse,</strong></span> <span class='ocrx_word' id='word_1_611' title='bbox 867 5246 908 5304; x_wconf 92' lang='lat' dir='ltr'><strong>ut</strong></span> <span class='ocrx_word' id='word_1_612' title='bbox 928 5231 1021 5301; x_wconf 85' lang='lat' dir='ltr'><strong>inira</strong></span> <span class='ocrx_word' id='word_1_613' title='bbox 1041 5229 1191 5316; x_wconf 90' lang='lat' dir='ltr'><strong>dicetur,</strong></span> <span class='ocrx_word' id='word_1_614' title='bbox 1241 5254 1322 5302; x_wconf 90' lang='lat' dir='ltr'><strong>cum</strong></span> <span class='ocrx_word' id='word_1_615' title='bbox 1345 5229 1536 5301; x_wconf 85' lang='lat' dir='ltr'><strong>statuarius</strong></span> <span class='ocrx_word' id='word_1_616' title='bbox 1549 5235 1591 5299; x_wconf 76' lang='grc' dir='ltr'><strong>ιι</strong></span> <span class='ocrx_word' id='word_1_617' title='bbox 1606 5228 1724 5321; x_wconf 90' lang='lat' dir='ltr'><strong>lapide</strong></span> <span class='ocrx_word' id='word_1_618' title='bbox 1736 5230 1958 5302; x_wconf 79' lang='lat' dir='ltr'><strong>Mercurium</strong></span> <span class='ocrx_word' id='word_1_619' title='bbox 1973 5233 2077 5317; x_wconf 79' lang='lat' dir='ltr'><strong>iacit,</strong></span> <span class='ocrx_word' id='word_1_620' title='bbox 2102 5234 2144 5304; x_wconf 75' lang='lat' dir='ltr'><strong>ht</strong></span> <span class='ocrx_word' id='word_1_621' title='bbox 2156 5232 2223 5303; x_wconf 90' lang='lat' dir='ltr'><strong>ali·</strong></span> 
     </span>
     <span class='ocr_line' id='line_1_51' title="bbox 197 5329 2226 5426; baseline -0 -19"><span class='ocrx_word' id='word_1_622' title='bbox 197 5359 337 5426; x_wconf 83' lang='lat' dir='ltr'><strong>genere</strong></span> <span class='ocrx_word' id='word_1_623' title='bbox 358 5331 606 5406; x_wconf 77' lang='lat' dir='ltr'><strong>eonvcnientia</strong></span> <span class='ocrx_word' id='word_1_624' title='bbox 626 5345 663 5404; x_wconf 91' lang='lat' dir='ltr'><strong>et</strong></span> <span class='ocrx_word' id='word_1_625' title='bbox 678 5333 883 5404; x_wconf 71' lang='lat' dir='ltr'><strong>‘differentia</strong></span> <span class='ocrx_word' id='word_1_626' title='bbox 903 5333 1037 5425; x_wconf 84' lang='lat' dir='ltr'><strong>specie,</strong></span> <span class='ocrx_word' id='word_1_627' title='bbox 1061 5343 1103 5402; x_wconf 90' lang='lat' dir='ltr'><strong>ut</strong></span> <span class='ocrx_word' id='word_1_628' title='bbox 1130 5354 1190 5404; x_wconf 86' lang='lat' dir='ltr'><strong>cc·</strong></span> <span class='ocrx_word' id='word_1_629' title='bbox 1239 5332 1346 5426; x_wconf 86' lang='lat' dir='ltr'><strong>qnid,</strong></span> <span class='ocrx_word' id='word_1_630' title='bbox 1369 5331 1511 5424; x_wconf 86' lang='lat' dir='ltr'><strong>scdpsr</strong></span> <span class='ocrx_word' id='word_1_631' title='bbox 1524 5330 1699 5408; x_wconf 85' lang='lat' dir='ltr'><strong>accidens.</strong></span> <span class='ocrx_word' id='word_1_632' title='bbox 1744 5329 1875 5403; x_wconf 79' lang='lat' dir='ltr'><strong>Manet</strong></span> <span class='ocrx_word' id='word_1_633' title='bbox 1888 5333 1991 5404; x_wconf 79' lang='lat' dir='ltr'><strong>anim</strong></span> <span class='ocrx_word' id='word_1_634' title='bbox 2004 5334 2226 5423; x_wconf 71' lang='lat' dir='ltr'><strong>snbstantias</strong></span> 
     </span>
    </p>
   </div>
   <div class='ocr_carea' id='block_1_7' title="bbox 0 0 2286 5748">
    <p class='ocr_par' dir='ltr' id='par_1_7' title="bbox 0 0 2286 5748">
     <span class='ocr_line' id='line_1_52' title="bbox 0 0 2286 5748; baseline 0 0"><span class='ocrx_word' id='word_1_635' title='bbox 0 0 2286 5748; x_wconf 95' lang='lat' dir='ltr'><strong> </strong></span> 
     </span>
    </p>
   </div>
  </div>
 </body>
</html>
