4538 5754
107 225 205 304 asa:
704 221 768 299 rx.
819 215 1541 300 commorasurnvsanuos.
1635 173 1637 177 ’
1958 194 1966 202 ’
2040 218 2141 300 :aas

103 399 262 470 rationes
278 393 470 478 celebrari,
496 393 587 467 sicut
602 393 737 490 inquit:
764 390 896 466 Invocs
911 417 969 465 me
982 392 1020 465 in
1039 393 1097 464 die
1251 391 1418 465 Narratio
1432 392 1612 465 beneficii:
1637 387 1829 492 Inquisivi
1840 389 2073 488 Dominum,
2106 400 2139 466 et

103 499 361 580 tribulationis,
378 512 415 570 et
430 498 578 591 eripiam
596 511 650 584 ιε,
666 513 701 570 ει
718 496 932 588 glorificabis
948 520 1017 583 me,
1033 509 1097 566 etc.
1148 488 1340 565 &audivit
1354 517 1420 565 me.
1472 494 1560 567 Mox
1575 496 1746 567 inseritur
1758 497 1934 588 generalis
1947 496 2137 592 promissio

104 599 153 674 Et
167 600 277 674 Num.
297 599 374 675 lla
400 599 651 693 Magnificatur
671 601 845 671 fortitudo
865 597 1032 684 Domini,
1056 612 1098 670 ut
1149 610 1182 668 et
1195 598 1476 670 accommodatio
1490 600 1536 669 ad
1554 599 1663 685 alios,
1687 599 1750 692 qui
1765 599 1961 692 respiciunt
1976 601 2021 671 ad
2046 622 2140 685 eum,

105 705 218 776 sciant
231 701 398 798 Aegyptii
413 705 511 799 quod
529 714 571 772 tu
586 701 625 771 in
638 697 707 773 hoc
722 701 855 794 populo
871 700 929 773 sis.
1147 711 1183 770 et
1211 713 1419 786 accurrunt,
1450 722 1513 770 seu
1536 701 1738 786 confluunt,
1773 696 1903 772 horum
1928 702 2036 773 iacies
2061 722 2137 770 non

205 798 433 876 Benedicam
452 799 635 878 Domino.
694 801 955 876 Universaliter
986 801 1096 894 grati·
1147 800 1407 888 contundetur,
1431 802 1533 896 quasi
1548 804 1660 886 dicat,
1687 826 1767 873 cum
1783 803 1950 874 dubitant
1970 797 2137 873 homines

105 907 193 979 tudo
225 920 280 979 est
298 906 413 979 virtus
436 908 631 1000 composita
663 929 706 976 es
730 906 870 978 duabus
896 904 1097 999 praecipuis
1147 925 1194 973 an
1208 904 1463 986 exaudiantur,
1491 927 1554 995 ego
1571 899 1665 975 hanc
1687 904 1946 976 dubitationem
1967 904 2136 997 planissi-

105 1010 318 1095 rirtutibus,
343 1009 477 1081 scilicet
497 1034 539 1079 ex
560 1007 708 1078 veritate
731 1022 766 1080 et
789 1008 939 1080 iusticia.
990 1006 1097 1077 Veri·
1146 1028 1204 1073 me
1218 1001 1459 1099 reprehendo,
1485 1019 1521 1078 et
1535 1007 1673 1077 affirmo
1688 1028 1770 1075 vere
1785 1006 1945 1076 exaudiri
1964 1006 2136 1077 invocan-

103 1122 154 1182 tss
179 1111 367 1203 profitetur
388 1113 485 1184 unde
505 1111 680 1204 acceperis
699 1111 932 1197 beneficium,
957 1108 1095 1181 iusticia
1146 1119 1200 1177 tes
1230 1131 1331 1193 enm,
1374 1122 1408 1179 et
1443 1108 1616 1200 repetitur
1648 1106 1799 1199 exempli
1832 1106 2135 1184 commemoratio.

100 1212 239 1305 obligat
250 1213 295 1282 ad
316 1226 440 1284 mutua
456 1213 591 1300 officia,
618 1225 652 1283 et
674 1212 921 1285 universaliter
935 1213 1095 1304 ingratus
1146 1202 1225 1279 Iste
1237 1232 1379 1308 pauper
1387 1205 1574 1296 clamavit,
1591 1206 1819 1281 etDomirras
1833 1203 2025 1281 exaudivit
2042 1230 2135 1285 eam.

96 1325 151 1386 est
165 1317 324 1385 mendas
339 1327 374 1387 et
396 1314 562 1388 iniustus.
614 1312 773 1387 Mendax
797 1330 867 1401 εει,
892 1314 975 1410 quia
991 1329 1095 1389 auto·
1146 1307 1224 1383 Hoc
1241 1334 1384 1382 carmen
1397 1315 1442 1383 ad
1459 1326 1494 1384 te
1508 1335 1651 1406 quoque
1664 1313 1923 1383 accommodes.
1973 1311 2027 1382 Τε
2042 1336 2134 1406 quo·

96 1438 177 1487 rem
202 1414 368 1487 beneficii
395 1441 470 1488 nou
496 1417 672 1508 agnoscit,
697 1441 764 1488 nec
777 1419 954 1500 celebrat,
975 1431 1037 1488 aut
1054 1417 1094 1486 in
1146 1437 1217 1507 qne
1233 1415 1397 1485 exaudiet
1409 1412 1588 1486 Dominus
1602 1416 1824 1488 clamantem.

96 1539 176 1590 sese
195 1517 304 1591 etiam
331 1516 449 1589 aliena
471 1519 562 1590 tacta
585 1519 769 1605 transfert,
799 1533 843 1592 ut
865 1543 947 1590 cum
973 1518 1095 1613 inquit
1247 1506 1519 1587 Circumvailat
1534 1512 1862 1611 angelasDomirri
1874 1511 2041 1587 timentes
2053 1536 2134 1586 eum

96 1613 449 1692 Nabuchodonosor:
481 1619 564 1692 Mea
589 1620 721 1695 virtute
741 1615 811 1693 hoc
840 1619 1114 1714 pulcerrimum
1145 1625 1178 1688 et
1201 1617 1327 1714 eripiet
1350 1642 1417 1690 eos.
1478 1617 1652 1691 Hebraeis
1678 1633 1730 1690 est
1757 1619 1908 1690 verbnm
1934 1631 2013 1699 mn
2037 1619 2134 1713 quod
2235 1636 2239 1644 ·

96 1720 295 1815 imperium
311 1736 452 1814 partum
466 1736 530 1797 est.
580 1720 724 1794 Deinde
741 1723 895 1797 iniustus
910 1735 983 1810 est,
1010 1722 1093 1817 quia
1144 1719 1319 1812 significat
1340 1734 1453 1793 castra
1475 1721 1584 1804 locat,
1612 1717 1889 1817 qrrodGraecus
1910 1735 2005 1793 recte
2027 1720 2135 1791 vertit

96 1846 176 1896 aon
191 1823 314 1893 reddit
334 1837 458 1895 mutua
479 1823 616 1910 officia,
641 1837 683 1896 ut
703 1819 907 1897 Alexander
926 1849 1001 1896 nou
1027 1826 1093 1896 ob·
1143 1820 1395 1918 παρεμβαλεῖ,
1428 1825 1524 1918 quod
1548 1835 1600 1894 εει
1629 1837 1741 1895 castra
1766 1822 1900 1912 iungit,
1935 1836 1970 1894 et
1990 1825 2132 1919 ιιαριμ-

96 1938 276 2018 εωρειει
289 1921 384 2009 Deo,
408 1924 494 1997 tacit
515 1948 590 1996 sese
604 1923 741 2009 Deum,
767 1926 935 2000 interficit
950 1929 1093 2000 amicos.
1143 1919 1238 2020 βολὴ
1255 1925 1436 2016 copiarum
1450 1926 1757 2019 supplementum,
1782 1926 1843 1994 sed
1859 1922 1992 1996 latinus
2018 1925 2132 1996 inter-

96 2025 166 2097 iis
183 2024 401 2120 turpissimis
416 2026 515 2098 vitiis
531 2026 785 2116 consideratis,
809 2031 923 2121 magis
938 2028 1094 2121 intelligi
1145 2050 1224 2118 pres
1246 2048 1405 2117 graecam
1431 2023 1581 2119 phrasin
1606 2051 1680 2099 non
1699 2026 1884 2098 intellexit.
1935 2025 2060 2099 Sumta
2080 2038 2133 2096 est

96 2138 238 2222 ιοιεει,
269 2151 380 2223 quare
400 2129 554 2221 postulet
575 2127 672 2201 Deus
695 2130 959 2222 gratitudinem.
1011 2131 1093 2202 Pri·
1142 2143 1259 2201 autern
1284 2129 1398 2199 forma
1420 2130 1595 2201 sermonis
1620 2154 1662 2200 ex
1686 2127 1818 2200 Genesi
1850 2151 1927 2220 cap.
1951 2133 2034 2212 82„
2066 2126 2132 2198 nbi

96 2253 199 2303 num
225 2229 303 2300 vult
323 2252 390 2298 nos
412 2254 486 2301 non
515 2253 590 2301 esse
611 2233 816 2319 mendaces,
850 2235 928 2306 vult
948 2234 1092 2324 agnosci
1143 2231 1338 2323 conspectis
1363 2232 1497 2321 angelis
1514 2231 1619 2302 Iacob
1643 2231 1777 2326 inquit:
1804 2227 1927 2301 Castra
1944 2231 2016 2302 Dei
2035 2241 2132 2304 sunt.
2197 2287 2200 2292 .

96 2345 125 2406 :t
150 2330 331 2402 celebrari
355 2346 516 2404 autorem
537 2333 721 2419 beneficii,
751 2349 791 2407 ut
816 2335 993 2407 discamus
1023 2334 1092 2428 ipsi
1143 2331 1232 2404 Item
1260 2356 1301 2403 ex
1325 2327 1476 2404 historia
1493 2332 1609 2419 Mosi,
1634 2329 1749 2408 Exod.
1763 2331 1841 2407 bb:
1869 2329 1910 2402 Si
1930 2342 2006 2404 no'n
2024 2354 2131 2426 prae-

96 2434 182 2532 gnis
196 2433 246 2503 sit
258 2430 374 2519 Deus,
400 2447 434 2505 et
449 2434 565 2529 qualis
581 2435 637 2507 sit.
688 2432 829 2508 Deinde
843 2437 924 2509 ideo
939 2460 1092 2533 quoque,
1142 2436 1245 2506 cedes
1267 2457 1352 2520 nos,
1384 2458 1460 2504 non
1486 2437 1614 2507 educas
1634 2460 1701 2507 nos
1723 2436 1767 2505 de
1790 2433 1869 2504 loco
1888 2433 1967 2509 isto.
2020 2431 2129 2505 Item:

96 2551 133 2609 ιι
151 2534 223 2607 alii
237 2535 445 2622 doceantur,
460 2548 495 2606 ει
508 2537 767 2609 invitenturad
783 2539 999 2631 agnitionem
1011 2537 1091 2619 Dei,
1140 2534 1220 2608 Nisi
1240 2537 1479 2608 ambulaveris
1504 2539 1692 2609 nobiscum
1717 2551 1783 2612 etc.
1840 2533 2020 2626 Angelum
2043 2559 2130 2606 vero

96 2639 139 2710 td
171 2636 301 2723 fidem,
332 2637 595 2708 invocationem
627 2651 663 2709 et
691 2662 809 2730 spem,
849 2655 885 2713 et
909 2642 1092 2733 erigantur
1142 2637 1302 2728 intelligo
1325 2637 1443 2732 ipsum
1473 2637 1607 2711 Filium
1627 2635 1714 2726 Dei,
1746 2638 1928 2709 custodem
1951 2633 2131 2710 Ecclesiae

96 2736 363 2825 simulatione,
400 2738 634 2826 adiuventur,
666 2753 701 2812 et
728 2742 818 2813 salvi
846 2744 945 2820 liant.
1004 2741 1089 2814 Ideo
1140 2764 1242 2825 suae,
1274 2741 1365 2811 sicut
1389 2739 1495 2811 Iacob
1517 2741 1658 2835 inquit,
1693 2739 1807 2813 Gens.
1832 2735 1911 2814 Ab:
1947 2737 2047 2811 Deus
2067 2762 2131 2832 pa·

96 2841 220 2936 ‚nquit
242 2839 283 2908 in
305 2833 374 2911 hoc
393 2838 554 2911 Psalmo:
581 2835 744 2913 Audient
763 2844 885 2914 miseri
908 2858 943 2916 et
958 2847 1091 2936 gande·
1140 2857 1235 2915 trum
1256 2865 1417 2912 meorum
1440 2837 1608 2913 Abrahae
1631 2855 1665 2913 et
1689 2842 1804 2927 Isaac,
1837 2853 1871 2912 et
1896 2842 2042 2933 augelus
2067 2840 2131 2934 qui

96 2956 204 3018 nunt.
254 2938 303 3012 Et
325 2939 517 3014 Psal.21.:
550 2941 712 3014 Narrabo
735 2968 869 3016 nornen
893 2960 995 3018 tuum
1018 2947 1092 3017 fra·
1140 2944 1272 3036 eripuit
1294 2968 1351 3014 me
1378 2968 1421 3014 ex
1445 2943 1614 3015 omnibus
1646 2944 1769 3024 malis,
1804 2943 1990 3016 benedicat
2011 2941 2130 3036 pueris

96 3045 216 3118 trihus
236 3042 344 3123 meis,
371 3044 409 3112 in
431 3044 549 3114 medio
564 3040 744 3115 Ecclesiae
765 3047 920 3118 laudabo
943 3061 990 3122 tc.
1043 3044 1091 3121 Et
1139 3047 1227 3120 istis.

96 3141 247 3218 exhibet
266 3143 365 3216 Deus
389 3146 583 3233 beneficia,
615 3160 657 3218 ut
677 3159 797 3218 extent
818 3149 1019 3221 testimonia
1046 3152 1091 3222 de
1239 3145 1380 3220 Rursus
1401 3162 1520 3221 autem
1542 3149 1675 3221 intexta
1698 3164 1749 3222 est
1764 3147 1952 3240 promissio
1968 3149 2012 3218 de
2027 3167 2128 3239 prae-

96 3253 201 3343 ipso,
226 3259 271 3318 ut
292 3245 479 3319 confirmet
499 3271 564 3317 nos
588 3262 623 3321 et
636 3248 738 3324 alios.
789 3246 1089 3343 Utl.Reg.17.:
1138 3250 1252 3321 sentia
1277 3263 1312 3322 ει
1332 3250 1465 3321 anxilio
1481 3248 1566 3337 Dei,
1592 3275 1684 3345 qnae
1704 3265 1738 3323 et
1761 3248 1848 3321 alibi
1862 3273 1964 3342 saepe
1979 3247 2128 3341 repetita

96 3351 195 3424 Sciat
220 3347 338 3417 omnis
366 3360 459 3433 terra
486 3351 584 3443 quod
605 3349 651 3422 sit
671 3347 846 3422 Dominus
858 3348 957 3424 Deus
971 3353 1090 3426 Israel.
1139 3367 1211 3438 est,
1238 3364 1279 3422 ut
1294 3349 1378 3427 Esa.
1394 3353 1474 3428 aa:
1500 3348 1578 3442 Ego
1603 3355 1746 3444 gestabo
1769 3375 1850 3437 vos,
1876 3351 1982 3423 etiam
2007 3349 2045 3419 in
2072 3373 2128 3419 se·

96 3449 164 3524 Dat
192 3449 304 3540 igitur
334 3448 480 3520 initium
505 3449 639 3521 Psalmi
670 3451 865 3544 propositio
895 3457 1088 3546 gratiarum
1138 3469 1240 3527 necta
1265 3476 1328 3544 ego
1350 3453 1493 3526 salvabo
1510 3477 1583 3528 vos.
1636 3450 1767 3527 Matth.
1779 3453 1924 3526 ultimo:
1949 3451 2039 3527 Ecce
2062 3473 2127 3542 ego

96 3552 266 3626 actionis:
298 3548 514 3622 Benedicam
539 3549 717 3641 Domino,
739 3554 778 3625 id
799 3568 869 3643 εει,
903 3559 1088 3630 celebrabo
1139 3557 1323 3627 vobiscum
1348 3578 1427 3626 sum
1449 3579 1563 3650 usque
1584 3557 1629 3627 ad
1646 3556 1987 3629 consummationem
2003 3552 2154 3627 seculi..
2207 3610 2212 3619 .

96 3678 192 3740 eum,
216 3665 251 3724 et
265 3652 460 3745 profitebor
474 3653 511 3724 id
528 3657 625 3749 quod
639 3678 696 3728 res
712 3669 764 3727 εει
780 3679 838 3728 me
856 3658 902 3729 ab
917 3658 993 3751 ipso
1010 3683 1088 3731 ser·
1138 3654 1356 3730 Iohan.14.:
1382 3655 1575 3728 Veniemus
1597 3660 1643 3729 ad
1666 3683 1748 3730 eum
1772 3671 1837 3730 etc.
1887 3652 2020 3729 Matth.
2049 3655 2127 3727 10.:

96 3768 224 3828 vatum
238 3777 326 3829 esse.
1137 3754 1277 3830 Omnes
1307 3758 1428 3850 capilli
1450 3760 1574 3851 capitis
1595 3761 1702 3833 vestri
1730 3759 1908 3830 numerati
1934 3771 2030 3832 sunt.
2079 3753 2129 3829 Et

198 3852 252 3925 In
266 3851 438 3926 Domino
451 3851 684 3951 gloriabitur
698 3856 831 3930 anima
846 3881 948 3947 mea,
974 3860 1088 3944 idest,
1137 3863 1231 3933 totus
1245 3859 1339 3931 Psal.
1357 3858 1434 3934 9t.:
1462 3860 1536 3951 Qui
1552 3855 1690 3934 habitat
1705 3862 1743 3931 in
1758 3860 1938 3931 adiutorio
1962 3856 2126 3932 altissimi

96 3982 173 4031 uon
188 3957 372 4048 gloriabor
387 3982 464 4029 mea
480 3959 652 4051 sapientia
668 3973 732 4032 aut
747 3985 825 4032 mea
840 3962 992 4049 virtute,
1018 3965 1087 4035 sic·
1139 3977 1205 4035 etc.
1255 3959 1363 4033 Item:
1390 3961 1482 4035 Cum
1498 3962 1575 4056 ipso
1590 3986 1669 4034 sum
1685 3964 1724 4033 in
1739 3962 1982 4036 tribulatione.
2031 3957 2126 4032 Psal.

96 4075 136 4135 nt
151 4054 487 4132 Nabuchodonosor
504 4062 639 4155 inquit:
666 4059 751 4132 Mea
773 4063 907 4135 virtute
929 4060 997 4136 hoc
1018 4065 1105 4143 im·¹
1135 4060 1215 4140 64.:
1236 4061 1330 4136 lacta
1355 4089 1476 4136 curam
1501 4080 1598 4138 tuam
1618 4066 1657 4136 in
1678 4062 1816 4153 Deum,
1841 4081 1876 4138 et
1899 4066 1974 4158 ipse
1998 4076 2031 4134 te
2047 4082 2125 4131 ειιε-

96 4161 237 4258 perium
254 4175 396 4255 partum
410 4175 472 4234 est.
522 4160 569 4234 lt:
589 4162 680 4234 sicut
694 4162 813 4258 inquit
827 4161 1087 4241 Sennacherib:
1135 4166 1298 4240 tentabit.

96 4264 256 4356 Quinam
278 4278 362 4336 sunt
382 4264 453 4350 dii,
476 4264 538 4359 qui
554 4265 709 4337 liberent
720 4288 804 4351 vos,
830 4263 891 4338 sed
906 4267 1088 4358 gloriabor
1132 4259 1135 4262 ’
1239 4259 1396 4338 Gustata
1412 4276 1444 4337 et
1462 4263 1586 4340 videte.
1637 4265 1810 4339 Doctrina
1827 4278 1877 4337 est
1899 4266 1945 4335 de
1966 4263 2125 4356 applica-

95 4367 133 4436 in
148 4363 251 4452 Deo,
273 4365 312 4435 id
327 4379 400 4453 est,
424 4365 582 4438 tribuam
596 4367 667 4460 ipsi
680 4366 850 4458 gloriam,
874 4370 1012 4441 affirmo
1028 4396 1085 4442 me
1135 4371 1234 4443 tione
1248 4369 1546 4463 promissionum,
1574 4371 1676 4465 quasi
1694 4369 1808 4452 dicat,
1835 4379 1937 4438 antea
1952 4367 2123 4467 proposui
2189 4375 2191 4379 ’

96 4468 235 4562 abipso
253 4481 431 4540 servatum
453 4474 547 4557 e'sse,
571 4469 664 4541 sicut
678 4468 811 4540 Daniel
827 4471 963 4566 inquit:
988 4469 1086 4546 Dens
1135 4471 1334 4564 exemplum
1360 4495 1456 4543 meae
1477 4471 1718 4553 liberationis,
1745 4483 1780 4541 et
1794 4466 2124 4568 adiungopromit·

96 4592 197 4643 meos
211 4568 308 4641 misit
322 4571 509 4660 angelum,
534 4572 598 4666 qni
611 4571 738 4643 clausit
758 4595 822 4642 ora
835 4571 993 4651 leonum.
1133 4574 1264 4660 sinnas,
1290 4595 1377 4668 quas
1393 4575 1532 4645 affirmo
1548 4575 1593 4645 ad
1612 4596 1676 4642 vos
1693 4596 1835 4667 quoque
1851 4571 2042 4665 pertinere,
2062 4571 2124 4641 sed

194 4669 367 4764 Secpritur
395 4672 585 4764 applicatio
608 4675 654 4743 de
675 4673 796 4745 fructu
816 4673 1084 4750 celebrationis:
1129 4689 1274 4768 oportet
1297 4699 1360 4746 vos
1383 4677 1542 4748 converti
1570 4677 1615 4746 ad
1638 4671 1774 4761 Deum,
1808 4689 1844 4747 ει
1867 4675 1936 4745 fide
1958 4672 2124 4765 amplecti

96 4764 258 4844 Audierat
272 4771 402 4843 miseri
417 4769 690 4869 etgaadehuat,
706 4775 830 4859 idest,
845 4777 950 4848 etiam
968 4803 1085 4850 esem-
1133 4777 1424 4871 promissionem,
1450 4775 1741 4871 expresseigitur
1761 4775 1910 4869 ponitur
1931 4773 2121 4869 applicatio

96 4874 264 4970 ptisanas
287 4875 428 4946 celebro
449 4876 660 4949 beneficium
675 4873 761 4964 Dei,
786 4890 826 4950 ut
846 4878 909 4949 atii
928 4880 1084 4953 inviten-
1133 4875 1243 4951 huius
1258 4878 1436 4951 beneficii:
1461 4878 1788 4960 BonusDominus,
1815 4877 1944 4950 Beatus
1958 4876 2021 4973 qni
2036 4885 2148 4948 con·'

96 4990 154 5050 tur
183 4975 470 5069 adagnitionem
493 4977 580 5066 Dei,
612 4981 719 5052 tidem
744 4993 780 5052 et
810 4979 1085 5072 invocationem,
1133 4982 1212 5055 fidit
1225 4982 1264 5052 in
1282 5006 1343 5063 eo,
1368 4995 1433 5053 etc.

96 5093 126 5152 et
143 5077 331 5169 erigantur
343 5080 607 5163 consolatione,
632 5096 667 5154 et
679 5080 768 5152 salvi
782 5082 880 5159 fiant.
1234 5081 1442 5178 Sequuntur
1461 5082 1721 5155 consolationes
1745 5082 1790 5152 de
1808 5078 2060 5160 conversione,
2087 5093 2121 5152 et

195 5173 453 5276 Magnificate
466 5178 675 5255 Dominam
694 5179 822 5257 simul.
875 5184 1085 5281 Alloquitur
1131 5187 1177 5257 de
1204 5185 1381 5258 fructibus
1408 5184 1670 5266 conversionis,
1710 5198 1745 5257 et
1776 5182 1884 5256 simul
1910 5192 2122 5273 repetuntur

96 5279 311 5368 Decimium,
335 5297 376 5354 ut
393 5283 439 5355 sit
455 5285 552 5356 testis
572 5282 680 5358 huius
696 5284 948 5374 confessionis,
973 5301 1007 5360 ει
1026 5312 1082 5360 ce-
1132 5287 1397 5382 promissiones.
1448 5280 1589 5358 Timete
1603 5281 1813 5357 Dominum
1839 5304 1963 5354 omnes
1988 5277 2125 5353 Sancti
2184 5285 2186 5290 ’

96 5387 206 5459 :ebret
221 5385 297 5480 ipsa
312 5409 457 5485 quoqne
470 5381 539 5460 hoc
556 5386 790 5477 beneficium,
815 5403 850 5461 et
867 5390 942 5468 alii.
1133 5387 1233 5477 eires,
1257 5388 1295 5462 id
1317 5402 1369 5463 est
1375 5443 1389 5497 ‚
1413 5402 1633 5485 perseverate
1654 5390 1694 5460 in
1716 5412 1798 5462 vera
1821 5382 2056 5474 contritione,
2080 5384 2136 5465 in,
