4538 5754
97 235 116 307 1
321 240 324 249 ·
598 293 603 301 .
661 228 709 306 v,
758 180 1081 304 nnornuarl
1106 218 1442 303 nincncnens.
1995 215 2069 301 ιεε

97 405 249 494 egoricis
264 402 565 488 contradictoriis,
588 415 657 474 uts
679 399 744 473 Sol
760 415 945 489 movetur,
968 399 1032 473 Sol
1085 399 1124 469 in
1139 399 1247 468 altera
1263 386 1532 491 propositione,
1551 399 1687 469 etiarnsi
1705 421 1777 468 non
1795 399 1855 470 fiat
1870 401 2065 486 conversio,

96 532 118 575 u
139 522 313 580 movetur.

465 629 604 718 Regulo.

133 742 356 835 Impossibile
374 754 426 811 εει
445 741 534 809 duas
555 736 866 821 contradictorias,
892 736 931 805 in
950 734 1031 829 qui-

96 869 108 916 s
123 869 200 916 non
216 836 269 914 est
282 840 506 931 ambiguitas,
527 840 635 910 simul
651 860 752 907 veras
766 852 829 908 aut
843 838 951 908 simul
963 836 1032 905 fat-

112 970 208 1030 esse,
235 968 344 1038 quare
360 965 431 1013 una
454 955 552 1033 parte
566 939 859 1010 contradictionis
881 951 1031 1029 recepta,

96 1072 185 1118 resse
200 1060 252 1117 εει
267 1046 413 1116 ειιεεεπε
429 1042 540 1113 reiici.
591 1040 688 1111 Haec
703 1053 759 1111 εει
779 1041 901 1131 regula
916 1039 1031 1110 divini

96 1146 243 1219 humani
260 1147 385 1216 indicii
403 1161 543 1215 aeterna
559 1155 594 1213 ει
607 1142 766 1215 immota.
807 1140 929 1231 Quare
944 1165 1031 1232 pru·

96 1267 169 1321 nter
184 1252 379 1318 cavendum
395 1260 458 1331 est,
473 1268 524 1315 ne
538 1244 772 1315 assentiamur
787 1243 1030 1315 contradicto-

96 1375 116 1421 ι.
171 1349 263 1420 Nam
295 1350 428 1441 pariter
463 1347 619 1437 recipere
648 1344 942 1429 contradictoria,
978 1357 1031 1416 εει

96 1453 207 1521 linem
223 1442 351 1520 mentis
365 1449 509 1519 divinae
523 1449 680 1536 turbare,
705 1459 739 1516 ει
755 1459 864 1518 totam
883 1446 1028 1517 univer-

96 1567 181 1625 rtem
196 1551 315 1625 rerum
331 1551 549 1621 confundere
563 1562 599 1619 et
615 1561 783 1618 evertere.

221 1727 354 1805 Forma
376 1743 446 1814 per
471 1721 842 1812 contrapositionem.

146 1840 216 1911 Hic
239 1840 405 1910 recitetur
433 1849 468 1907 ει
490 1835 590 1906 utilis
618 1837 734 1904 forma
758 1834 1036 1926 argumentandi⁴

96 1941 475 2034 econtrapositionem,
500 1961 581 2006 cum
598 1936 762 2009 videlicet
781 1961 823 2007 ex
836 1936 1030 2009 universali

96 2045 273 2124 triniatim,
314 2042 476 2111 ducimus
509 2062 572 2129 per
605 2039 872 2109 conversionem
907 2061 1029 2109 conse-

96 2169 157 2220 ens
175 2145 379 2235 negativum
398 2167 415 2209 a
432 2163 559 2231 genere
574 2143 619 2211 ad
641 2139 811 2232 speciem,
837 2152 891 2211 ut:

198 2243 330 2318 Omnis
344 2239 455 2313 homo
470 2256 521 2314 εει
537 2242 689 2327 animal,

197 2346 293 2438 Ergo
316 2345 487 2441 quicquid
514 2367 589 2414 non
617 2357 669 2414 εει
697 2342 849 2428 animal,
883 2353 1030 2411 nonest

245 2445 366 2522 homo.

144 2552 244 2624 Haec
263 2549 511 2643 consequentia
529 2548 620 2618 valet
643 2569 706 2637 per
719 2547 837 2617 locum
860 2567 881 2614 ε
902 2566 1030 2635 genere

100 2657 267 2748 speciem.
318 2652 389 2725 Sed
403 2674 483 2722 cum
501 2651 551 2719 sic
565 2649 765 2719 contexitur
783 2672 864 2718 cum
883 2646 1030 2717 univer·

96 2760 110 2829 i
124 2756 351 2839 affirmativa,
378 2752 588 2821 nominatur
600 2750 852 2845 consequentia
867 2770 1030 2839 percon-

96 2859 324 2952 positionem.
377 2853 449 2924 Nec
465 2869 515 2925 εει
530 2852 646 2921 inanis
667 2852 791 2943 ludus,
818 2851 880 2939 sed
897 2851 1029 2921 multae

1083 515 1117 571 ει
1132 502 1226 571 valet
1243 501 1506 594 consequentia,
1527 524 1606 571 cum
1622 502 1817 571 subiectum
1836 512 1871 572 et
1883 503 2066 591 praedica*

1081 616 1157 675 tum
1171 616 1253 673 sunt
1269 603 1388 693 paria,
1414 614 1468 672 ut:

1233 698 1364 774 Omnis
1379 726 1485 793 agens
1502 701 1765 795 poenitentiam,
1785 717 1819 774 et
1835 704 1981 773 credens
1996 704 2066 774 sibi

1284 805 1418 877 remitti
1435 820 1572 896 peccata
1589 818 1734 898 propter
1748 802 1880 877 Filium
1895 801 1981 884 Dei,
2009 830 2066 875 re-

1285 907 1415 998 cipitur
1431 932 1451 976 a
1469 909 1559 991 Deo,

1233 1006 1331 1099 Ergo
1361 1011 1479 1079 omnis
1509 1032 1584 1077 non
1615 1030 1723 1097 agens
1750 1004 2005 1099 poenitentiam
2031 1023 2065 1079 ct

1285 1133 1361 1180 non
1375 1112 1541 1196 credens,
1565 1133 1641 1181 non
1656 1108 1840 1202 recipitur.

1495 1274 1647 1349 Aliud.

1233 1408 1449 1506 Ubicunque
1464 1411 1537 1481 duo
1555 1424 1616 1483 aut
1629 1424 1699 1482 tres
1712 1411 1914 1502 congregati
1928 1425 2012 1484 sunt
2028 1413 2067 1481 in

1283 1515 1430 1584 nomine
1447 1536 1545 1596 meo,
1571 1512 1609 1581 in
1623 1512 1743 1583 medio
1759 1538 1881 1584 eorum
1899 1538 1990 1595 sum,

1231 1612 1328 1706 Ergo
1345 1616 1384 1685 in
1401 1615 1481 1685 aliis
1495 1615 1845 1705 congregationibus,
1873 1640 1963 1710 quae
1977 1616 2067 1688 liunt

1283 1717 1361 1788 sine
1382 1717 1609 1795 invocatione
1629 1715 1714 1786 Filii
1728 1715 1815 1804 Dei,
1842 1733 1988 1789 nonest
2009 1741 2066 1788 sa·

1284 1819 1358 1905 lus,
1389 1833 1430 1890 ut
1460 1819 1499 1887 in
1527 1819 1799 1909 congregatione
1827 1818 1980 1891 Turcica
2005 1832 2067 1890 aut
2117 1866 2120 1869 ι

1282 1916 1451 2010 Ethnica,

1232 2020 1380 2093 Necesse
1396 2034 1448 2092 est
1464 2021 1571 2114 igitur
1587 2022 1740 2095 infantes
1750 2018 1927 2096 Ecclesiae
1942 2024 2064 2098 inseri.

1438 2286 1441 2291 ,
1492 2204 1649 2286 Aliud,

1229 2342 1447 2417 chclicinm
1462 2349 1568 2419 datur
1591 2364 1735 2440 propter
1750 2350 1924 2435 officium,
1949 2349 1987 2423 id
2003 2361 2072 2437 est,

1284 2448 1439 2519 officium
1456 2463 1506 2519 est
1521 2473 1623 2521 causa
1639 2452 1776 2539 finalis,
1799 2466 2063 2546 propterquam

1283 2550 1389 2620 datur
1409 2551 1633 2639 beneficium,

1231 2647 1327 2740 Ergo
1354 2674 1429 2721 non
1459 2652 1591 2724 faciens
1614 2654 1789 2743 officium,
1822 2680 1896 2727 non
1925 2655 2065 2729 fruatur

1283 2754 1467 2827 beneficio.

1181 2868 1285 2941 Valet
1308 2870 1418 2960 igitur
1441 2867 1526 2943 haec
1550 2875 1681 2963 forma,
1713 2901 1794 2948 curn
1823 2878 2063 2968 praedicatum

96 2983 240 3052 ffl⁸d⁰³0
259 2981 313 3027 ¹²⁸
327 2952 395 3026 h⁰⁰
410 2957 517 3058 ¹¹¹9d⁰
534 2954 751 3072 indicatur·
802 2949 908 3037 Rom.
927 2951 977 3021 ⁸⁶
1079 2986 1130 3043 est
1143 2971 1303 3044 delinitio
1318 2985 1379 3042 aut
1393 2974 1597 3065 proprium,
1622 2994 1683 3051 aut
1697 3003 1777 3050 curn
1792 2981 1906 3049 causis
1924 2977 2063 3071 proprii

198 3058 336 3151 Omnes
352 3057 453 3128 electi
469 3070 552 3126 ⁸11¹ss
567 3069 699 3138 vocaus
724 3067 786 3124 ³¹1¹
803 3065 985 3138 V⁰⁰³¹¹¹¹¹fs
1078 3073 1222 3143 effectus
1244 3084 1464 3160 attexuntur,
1490 3091 1551 3149 aut
1575 3094 1729 3155 econtra.
1776 3079 1847 3153 Sed
1864 3105 1943 3152 cum
1959 3103 2061 3178 prae-

196 3154 294 3252 Ergo
309 3159 458 3252 quinon
477 3171 560 3228 sunt
575 3158 614 3226 in
636 3169 737 3227 coetu
753 3169 957 3225 vocatorum
973 3155 1028 3222 vi·
1077 3171 1232 3247 dicatum
1256 3190 1308 3247 e„
1329 3198 1460 3266 gem,
1486 3181 1659 3253 utendum
1684 3195 1736 3254 m
1757 3184 1872 3254 forma
1892 3195 1958 3275 per-
1975 3204 2062 3252 con·

248 3262 365 3346 sibili,
397 3284 462 3328 nec
485 3258 576 3328 liunt
597 3260 740 3328 tandem
768 3258 926 3326 membra
952 3279 1029 3326 erus
1078 3277 1364 3370 graposffionem,
1390 3292 1446 3348 ut,
1574 3337 1577 3341 ι

248 3378 388 3446 coetus,
414 3385 488 3429 non
503 3373 587 3431 sunt
601 3358 715 3433 electi.
766 3358 839 3428 Nec
854 3356 942 3432 alibi
957 3359 1027 3427 elc-

247 3480 384 3537 ctorum
409 3460 566 3535 Ecclesia
590 3460 793 3555 quaerenda
816 3473 887 3542 est,
922 3484 1029 3553 quam

246 3567 285 3636 in
302 3562 369 3635 hoc
385 3562 518 3633 visibili
533 3578 647 3637 coetu.

147 3670 268 3759 Quare
286 3690 423 3756 semper
436 3665 475 3733 in
490 3679 592 3736 coctu
601 3678 806 3737 vocatorum
821 3662 931 3758 aliqui
947 3675 1030 3733 sunt

96 3775 167 3859 acti,
201 3794 292 3865 quac
320 3766 493 3837 sententia
523 3770 567 3836 de
596 3787 723 3856 magna
746 3789 786 3834 re
814 3766 892 3861 pios
917 3767 1030 3850 docet,

96 3878 246 3948 nsolatur
263 3885 297 3941 et
310 3869 506 3940 confirmat.
561 3863 685 3938 lohan.
703 3868 755 3939 80:
815 3866 822 3879 '

197 3969 329 4045 Omnis
347 3970 409 4064 qui
424 3983 476 4040 est
492 3995 532 4039 ex
548 3966 643 4054 Deo,
668 3970 775 4040 verba
792 3966 859 4040 Dei
877 3968 989 4053 audit,

195 4071 291 4165 Ergo
308 4073 426 4142 omnis
438 4096 513 4141 non
528 4071 675 4141 audiens
692 4084 834 4141 nonest
850 4096 890 4140 ex
906 4068 995 4140 Deo.

125 4175 204 4249 Etsi
218 4191 334 4247 autem
349 4173 410 4242 alii
425 4186 618 4266 quaerunt,
645 4172 824 4264 quomodo
839 4167 907 4241 hoc
924 4193 1029 4261 argu-

96 4293 202 4351 entum
220 4273 356 4349 Christi
378 4276 418 4343 in
434 4273 629 4369 syllogismi
645 4275 797 4344 lormarn
810 4273 925 4362 redigi
946 4297 1029 4364 pos-

101 4432 110 4463 ,
133 4395 254 4452 tamen
272 4378 402 4448 rectius
425 4389 461 4447 et
481 4373 676 4469 expeditius
700 4388 768 4457 est,
795 4398 868 4446 non
891 4375 1030 4465 illigare

96 4482 269 4573 llogismo,
305 4480 366 4549 sed
389 4478 524 4564 dicere,
559 4477 846 4571 consequentiam
871 4499 944 4546 esse
966 4500 1031 4568 per

96 4582 394 4676 utrapositionem.
430 4580 484 4649 Ita
501 4603 719 4673 consequens
735 4580 935 4650 doctrinam
952 4603 1029 4648 am-

96 4688 236 4759 ssimam
259 4684 394 4772 tradet,
428 4681 609 4767 videlicet,
644 4679 771 4752 Nullos
795 4704 869 4751 esse
891 4681 1029 4765 electos,

97 4890 215 4960 icnreo
232 4898 413 4956 contemtu
427 4884 644 4986 despiciunt,
664 4898 725 4957 aut
742 4885 851 4975 impia
863 4884 1025 4976 ‘pertina-

110 4991 230 5062 delere
244 5000 430 5059 conantur.

333 5161 367 5230 A
391 5161 579 5231 contrario
604 5178 731 5231 sensu.

1227 3375 1365 3450 Iniuria
1381 3392 1432 3449 εει
1447 3380 1609 3468 offensio,
1629 3407 1720 3479 quae
1737 3386 1776 3456 lit
1792 3384 1966 3468 consulto,
1986 3398 2061 3455 stu·

1279 3481 1341 3551 dio
1358 3481 1535 3568 laedendi,
1553 3506 1627 3571 sen,
1646 3499 1686 3558 ut
1702 3487 1808 3578 vulgo
1823 3486 1960 3567 dicunt,
1981 3487 2061 3557 ani-

1280 3606 1339 3653 mo
1362 3583 1578 3672 iniuriandi,
1603 3612 1790 3673 noncasu,
1814 3612 1888 3659 non
1902 3579 2036 3672 errore,

1228 3678 1324 3773 Ergo
1339 3683 1488 3802 offensio
1509 3712 1583 3758 non
1600 3692 1763 3762 consulto
1778 3693 1889 3778 lacta,
1914 3713 1989 3761 non
2010 3703 2062 3762 εει

1279 3809 1423 3861 iniuria.

1179 3901 1249 3975 Sed
1264 3928 1344 3974 cum
1361 3905 1600 3995 praedicatum
1616 3919 1669 3978 est
1682 3909 1845 3981 accidens
1859 3935 2059 3998 commune,

1076 4027 1180 4075 neca
1203 4005 1381 4078 contrario
1403 4029 1527 4088 sensu,
1554 4029 1619 4077 nec
1641 4032 1702 4099 per
1723 4014 2060 4106 contrapositionem

1075 4108 1166 4180 valet
1181 4108 1450 4201 consequentia,
1475 4123 1533 4194 ut,
1557 4105 1653 4180 nihil
1674 4109 1839 4187 cohaeret
1854 4140 1933 4187 curn
1952 4115 2057 4186 dicis:

1229 4204 1376 4279 Amicus
1391 4223 1443 4280 εει
1457 4212 1651 4300 mutabilis,
1884 4300 1887 4305 .

1225 4307 1324 4407 Ergo
1341 4334 1415 4380 non
1429 4314 1562 4385 amicus
1580 4338 1655 4386 non
1672 4327 1725 4386 est
1738 4315 1933 4388 mutabilis.

1173 4407 1245 4482 Nec
1261 4411 1323 4481 illa
1339 4406 1544 4485 cohaerent:

1225 4514 1373 4586 Amicus
1387 4529 1438 4588 est
1455 4515 1647 4600 mutabilis,

1186 4686 1188 4690 e
1224 4613 1411 4707 Ergo'non
1427 4618 1609 4690 mutabilis
1624 4640 1699 4687 non
1714 4632 1766 4691 est
1778 4620 1923 4693 amicus.

95 4788 264 4857 imanent
279 4783 394 4874 ignari
409 4784 591 4855 doctrinae
606 4783 776 4880 coelestis,
797 4797 857 4853 aut
873 4784 935 4877 qui
951 4807 1027 4853 eam
1146 4821 1151 4843 :
1173 4731 1270 4806 Haec
1293 4737 1499 4808 d¹⁵⁶r¹¹¹¹¹⁰³
1528 4761 1568 4807 ¹¹¹
1590 4753 1814 4828 argument&
1827 4764 1848 4811 θ
1875 4755 2056 4815 c⁰¹111'itr10

1074 4836 1182 4909 sendt
1208 4838 1433 4908 considerare
1461 4839 1625 4931 prodest,
1662 4853 1702 4911 ut
1729 4842 1793 4913 ubi
1823 4845 1926 4917 firma
1949 4869 2056 4939 argu·

1074 4954 1188 5013 rnenta
1204 4940 1321 5011 extrui
1337 4939 1492 5031 possint,
1516 4940 1750 5033 intelligatur.

1420 5144 1455 5215 A
1479 5143 1702 5238 dispnrotto.

139 5279 201 5352 Sic
235 5291 383 5348 vocatur
414 5278 541 5348 usitate
574 5278 689 5346 forma
721 5288 1026 5369 argumentorum,
1170 5275 1358 5370 Disparata
1392 5294 1566 5352 vocantur
1597 5287 1689 5355 duae
1722 5287 1853 5377 species
1883 5288 2054 5375 diversae,

96 5407 119 5454 n
142 5380 307 5456 subiecto
328 5393 364 5450 et
390 5380 590 5471 praedicato
612 5383 794 5453 adduntur
823 5377 1026 5471 negationes
1073 5381 1308 5473 qraeletiarnsi
1319 5404 1393 5450 non
1409 5375 1542 5456 habent
1554 5387 1771 5460 contrariam
1780 5386 2080 5458 interessetis-
