<?xml version="1.0" encoding="UTF-8"?>
<!DOCTYPE html PUBLIC "-//W3C//DTD XHTML 1.0 Transitional//EN"
    "http://www.w3.org/TR/xhtml1/DTD/xhtml1-transitional.dtd">
<html xmlns="http://www.w3.org/1999/xhtml" xml:lang="en" lang="en">
 <head>
  <title>
</title>
<meta http-equiv="Content-Type" content="text/html;charset=utf-8" />
  <meta name='ocr-system' content='tesseract 3.04.00' />
  <meta name='ocr-capabilities' content='ocr_page ocr_carea ocr_par ocr_line ocrx_word'/>
</head>
<body>
  <div class='ocr_page' id='page_1' title='image "./corpusreformato11melagoog_0673.png"; bbox 0 0 4538 5754; ppageno 0'>
   <div class='ocr_carea' id='block_1_1' title="bbox 128 169 2147 315">
    <p class='ocr_par' dir='ltr' id='par_1_1' title="bbox 128 169 2147 315">
     <span class='ocr_line' id='line_1_1' title="bbox 128 169 2147 315; baseline -0.008 -9"><span class='ocrx_word' id='word_1_1' title='bbox 128 169 271 309; x_wconf 60' lang='lat' dir='ltr'>1sss&#39;</span> <span class='ocrx_word' id='word_1_2' title='bbox 335 266 338 275; x_wconf 85' lang='lat'>·</span> <span class='ocrx_word' id='word_1_3' title='bbox 717 211 844 289; x_wconf 75' lang='lat' dir='ltr'>ento</span> <span class='ocrx_word' id='word_1_4' title='bbox 871 212 989 292; x_wconf 76' lang='lat' dir='ltr'>nnn</span> <span class='ocrx_word' id='word_1_5' title='bbox 1012 210 1226 289; x_wconf 79' lang='lat' dir='ltr'>senum</span> <span class='ocrx_word' id='word_1_6' title='bbox 1251 210 1550 293; x_wconf 70' lang='lat' dir='ltr'>amonstro.</span> <span class='ocrx_word' id='word_1_7' title='bbox 1951 215 1978 315; x_wconf 64' lang='lat' dir='ltr'><strong><em>J</em></strong></span> <span class='ocrx_word' id='word_1_8' title='bbox 2064 227 2147 306; x_wconf 77' lang='lat' dir='ltr'>nn</span> 
     </span>
    </p>
   </div>
   <div class='ocr_carea' id='block_1_2' title="bbox 124 357 2147 584">
    <p class='ocr_par' dir='ltr' id='par_1_2' title="bbox 124 357 2147 584">
     <span class='ocr_line' id='line_1_2' title="bbox 225 357 2147 491; baseline -0.007 -18"><span class='ocrx_word' id='word_1_9' title='bbox 225 397 276 473; x_wconf 82' lang='lat' dir='ltr'>Et</span> <span class='ocrx_word' id='word_1_10' title='bbox 296 410 447 488; x_wconf 88' lang='lat' dir='ltr'>utraque</span> <span class='ocrx_word' id='word_1_11' title='bbox 468 357 630 461; x_wconf 87' lang='lat' dir='ltr'>doctrina</span> <span class='ocrx_word' id='word_1_12' title='bbox 652 410 743 480; x_wconf 88' lang='lat' dir='ltr'>opus</span> <span class='ocrx_word' id='word_1_13' title='bbox 764 400 817 458; x_wconf 89' lang='lat' dir='ltr'>est</span> <span class='ocrx_word' id='word_1_14' title='bbox 830 384 1030 475; x_wconf 71' lang='lat' dir='ltr'>Ecclesiae,</span> <span class='ocrx_word' id='word_1_15' title='bbox 1055 387 1110 456; x_wconf 84' lang='lat' dir='ltr'>vi·</span> <span class='ocrx_word' id='word_1_16' title='bbox 1136 414 1139 463; x_wconf 88' lang='grc'>;</span> <span class='ocrx_word' id='word_1_17' title='bbox 1162 384 1222 459; x_wconf 92' lang='lat' dir='ltr'>hie</span> <span class='ocrx_word' id='word_1_18' title='bbox 1254 390 1445 479; x_wconf 87' lang='lat' dir='ltr'>repetenda</span> <span class='ocrx_word' id='word_1_19' title='bbox 1479 404 1552 481; x_wconf 88' lang='lat' dir='ltr'>est,</span> <span class='ocrx_word' id='word_1_20' title='bbox 1586 392 1625 462; x_wconf 92' lang='lat' dir='ltr'>in</span> <span class='ocrx_word' id='word_1_21' title='bbox 1658 395 1827 467; x_wconf 89' lang='lat' dir='ltr'>concione</span> <span class='ocrx_word' id='word_1_22' title='bbox 1843 400 1902 469; x_wconf 84' lang='lat' dir='ltr'>&#39;de</span> <span class='ocrx_word' id='word_1_23' title='bbox 1935 397 2043 471; x_wconf 87' lang='lat' dir='ltr'>bonis</span> <span class='ocrx_word' id='word_1_24' title='bbox 2076 424 2147 491; x_wconf 77' lang='lat' dir='ltr'>ope.</span> 
     </span>
     <span class='ocr_line' id='line_1_3' title="bbox 124 490 1275 584; baseline -0.017 -6"><span class='ocrx_word' id='word_1_25' title='bbox 124 507 269 583; x_wconf 82' lang='lat' dir='ltr'>delicet,</span> <span class='ocrx_word' id='word_1_26' title='bbox 303 512 345 572; x_wconf 89' lang='lat' dir='ltr'>ut</span> <span class='ocrx_word' id='word_1_27' title='bbox 367 492 482 568; x_wconf 84' lang='lat' dir='ltr'>teneat</span> <span class='ocrx_word' id='word_1_28' title='bbox 506 490 622 562; x_wconf 88' lang='lat' dir='ltr'>Deum</span> <span class='ocrx_word' id='word_1_29' title='bbox 654 490 763 579; x_wconf 87' lang='lat' dir='ltr'>gratis</span> <span class='ocrx_word' id='word_1_30' title='bbox 783 490 943 560; x_wconf 86' lang='lat' dir='ltr'>misereri</span> <span class='ocrx_word' id='word_1_31' title='bbox 967 501 1113 584; x_wconf 87' lang='lat' dir='ltr'>propter</span> <span class='ocrx_word' id='word_1_32' title='bbox 1136 491 1139 555; x_wconf 90' lang='grc' dir='ltr'>Ι</span> <span class='ocrx_word' id='word_1_33' title='bbox 1163 490 1275 561; x_wconf 87' lang='lat' dir='ltr'>ribus.</span> 
     </span>
    </p>
   </div>
   <div class='ocr_carea' id='block_1_3' title="bbox 27 592 2147 1019">
    <p class='ocr_par' dir='ltr' id='par_1_3' title="bbox 27 592 2147 1019">
     <span class='ocr_line' id='line_1_4' title="bbox 124 592 2147 712; baseline 0.011 -33"><span class='ocrx_word' id='word_1_34' title='bbox 124 605 328 686; x_wconf 80' lang='lat' dir='ltr'>Christum,</span> <span class='ocrx_word' id='word_1_35' title='bbox 354 613 387 671; x_wconf 79' lang='lat' dir='ltr'>et</span> <span class='ocrx_word' id='word_1_36' title='bbox 409 596 581 665; x_wconf 61' lang='lat' dir='ltr'>iniustum</span> <span class='ocrx_word' id='word_1_37' title='bbox 604 613 695 677; x_wconf 69' lang='lat'>0⁸⁸²,</span> <span class='ocrx_word' id='word_1_38' title='bbox 729 592 766 661; x_wconf 68' lang='lat' dir='ltr'>id</span> <span class='ocrx_word' id='word_1_39' title='bbox 788 606 859 680; x_wconf 73' lang='lat'>⁰⁸¹2</span> <span class='ocrx_word' id='word_1_40' title='bbox 886 593 1112 662; x_wconf 64' lang='lat' dir='ltr'>“fldfflllbffl</span> <span class='ocrx_word' id='word_1_41' title='bbox 1266 602 1318 676; x_wconf 80' lang='lat' dir='ltr'>Ac</span> <span class='ocrx_word' id='word_1_42' title='bbox 1343 612 1487 698; x_wconf 89' lang='lat' dir='ltr'>prodest</span> <span class='ocrx_word' id='word_1_43' title='bbox 1511 613 1553 683; x_wconf 88' lang='lat' dir='ltr'>ad</span> <span class='ocrx_word' id='word_1_44' title='bbox 1580 617 1814 688; x_wconf 87' lang='lat' dir='ltr'>consolandas</span> <span class='ocrx_word' id='word_1_45' title='bbox 1841 621 1920 712; x_wconf 84' lang='lat' dir='ltr'>pias</span> <span class='ocrx_word' id='word_1_46' title='bbox 1945 642 2084 700; x_wconf 85' lang='lat' dir='ltr'>mentes</span> <span class='ocrx_word' id='word_1_47' title='bbox 2116 645 2147 702; x_wconf 82' lang='lat' dir='ltr'>et</span> 
     </span>
     <span class='ocr_line' id='line_1_5' title="bbox 124 686 2147 808; baseline 0.012 -27"><span class='ocrx_word' id='word_1_48' title='bbox 124 710 347 787; x_wconf 76' lang='lat' dir='ltr'>benefacere,</span> <span class='ocrx_word' id='word_1_49' title='bbox 388 713 422 771; x_wconf 88' lang='lat' dir='ltr'>et</span> <span class='ocrx_word' id='word_1_50' title='bbox 458 696 588 789; x_wconf 89' lang='lat' dir='ltr'>impios</span> <span class='ocrx_word' id='word_1_51' title='bbox 620 694 762 784; x_wconf 89' lang='lat' dir='ltr'>punire.</span> <span class='ocrx_word' id='word_1_52' title='bbox 822 692 913 763; x_wconf 84' lang='lat' dir='ltr'>Nam</span> <span class='ocrx_word' id='word_1_53' title='bbox 948 718 1028 764; x_wconf 89' lang='lat' dir='ltr'>cum</span> <span class='ocrx_word' id='word_1_54' title='bbox 1063 693 1113 763; x_wconf 89' lang='lat' dir='ltr'>ita</span> <span class='ocrx_word' id='word_1_55' title='bbox 1164 703 1403 779; x_wconf 79' lang='lat' dir='ltr'>adhortandas</span> <span class='ocrx_word' id='word_1_56' title='bbox 1424 716 1468 781; x_wconf 89' lang='lat' dir='ltr'>ad</span> <span class='ocrx_word' id='word_1_57' title='bbox 1493 715 1584 785; x_wconf 89' lang='lat' dir='ltr'>hene</span> <span class='ocrx_word' id='word_1_58' title='bbox 1609 721 1851 808; x_wconf 88' lang='lat' dir='ltr'>operandum,</span> <span class='ocrx_word' id='word_1_59' title='bbox 1886 686 2099 803; x_wconf 65' lang='lat' dir='ltr'>ostendere’</span> <span class='ocrx_word' id='word_1_60' title='bbox 2119 749 2147 805; x_wconf 88' lang='lat' dir='ltr'>et</span> 
     </span>
     <span class='ocr_line' id='line_1_6' title="bbox 27 785 2145 925; baseline 0.027 -104"><span class='ocrx_word' id='word_1_61' title='bbox 27 810 32 821; x_wconf 74' lang='grc'>,</span> <span class='ocrx_word' id='word_1_62' title='bbox 125 809 346 903; x_wconf 69' lang='lat' dir='ltr'>agnoscimus</span> <span class='ocrx_word' id='word_1_63' title='bbox 369 815 561 891; x_wconf 89' lang='lat' dir='ltr'>utrumque</span> <span class='ocrx_word' id='word_1_64' title='bbox 584 819 673 887; x_wconf 92' lang='lat' dir='ltr'>opus</span> <span class='ocrx_word' id='word_1_65' title='bbox 689 793 777 884; x_wconf 86' lang='lat' dir='ltr'>Dei,</span> <span class='ocrx_word' id='word_1_66' title='bbox 801 819 884 864; x_wconf 89' lang='lat' dir='ltr'>vere</span> <span class='ocrx_word' id='word_1_67' title='bbox 906 795 1113 887; x_wconf 87' lang='lat' dir='ltr'>concipiunt</span> <span class='ocrx_word' id='word_1_68' title='bbox 1163 812 1258 905; x_wconf 67' lang='lat' dir='ltr'>quod</span> <span class='ocrx_word' id='word_1_69' title='bbox 1291 808 1388 880; x_wconf 64' lang='lat' dir='ltr'>Deus</span> <span class='ocrx_word' id='word_1_70' title='bbox 1416 818 1572 908; x_wconf 60' lang='lat' dir='ltr'>requirat</span> <span class='ocrx_word' id='word_1_71' title='bbox 1602 822 1862 907; x_wconf 56' lang='lat' dir='ltr'>obedientiam,</span> <span class='ocrx_word' id='word_1_72' title='bbox 1905 840 1941 898; x_wconf 61' lang='lat' dir='ltr'>eg</span> <span class='ocrx_word' id='word_1_73' title='bbox 1978 785 2145 925; x_wconf 60' lang='lat' dir='ltr'><strong>quom’odo</strong></span> 
     </span>
     <span class='ocr_line' id='line_1_7' title="bbox 125 894 2146 1019; baseline 0.01 -34"><span class='ocrx_word' id='word_1_74' title='bbox 125 914 230 985; x_wconf 91' lang='lat' dir='ltr'>corda</span> <span class='ocrx_word' id='word_1_75' title='bbox 248 909 353 976; x_wconf 85' lang='lat' dir='ltr'>fidem</span> <span class='ocrx_word' id='word_1_76' title='bbox 369 917 402 973; x_wconf 91' lang='lat' dir='ltr'>et</span> <span class='ocrx_word' id='word_1_77' title='bbox 419 902 592 972; x_wconf 88' lang='lat' dir='ltr'>timorem.</span> <span class='ocrx_word' id='word_1_78' title='bbox 635 894 1113 990; x_wconf 82' lang='lat' dir='ltr'>ldeoquePsalmusutrun-</span> <span class='ocrx_word' id='word_1_79' title='bbox 1164 912 1346 1003; x_wconf 80' lang='lat' dir='ltr'>approbet.</span> <span class='ocrx_word' id='word_1_80' title='bbox 1379 913 1506 1009; x_wconf 84' lang='lat' dir='ltr'>Fitque</span> <span class='ocrx_word' id='word_1_81' title='bbox 1524 920 1571 987; x_wconf 82' lang='lat' dir='ltr'>ita</span> <span class='ocrx_word' id='word_1_82' title='bbox 1588 923 1738 991; x_wconf 81' lang='lat' dir='ltr'>maxime</span> <span class='ocrx_word' id='word_1_83' title='bbox 1754 924 1905 996; x_wconf 90' lang='lat' dir='ltr'>illustris</span> <span class='ocrx_word' id='word_1_84' title='bbox 1923 931 2146 1019; x_wconf 89' lang='lat' dir='ltr'>honitasDei,</span> 
     </span>
    </p>
   </div>
   <div class='ocr_carea' id='block_1_4' title="bbox 2178 40 2183 261">
    <p class='ocr_par' dir='ltr' id='par_1_4' title="bbox 2178 40 2183 261">
     <span class='ocr_line' id='line_1_8' title="bbox 2178 40 2183 261; baseline 0 0"><span class='ocrx_word' id='word_1_85' title='bbox 2178 40 2183 261; x_wconf 87' lang='lat' dir='ltr'>l</span> 
     </span>
    </p>
   </div>
   <div class='ocr_carea' id='block_1_5' title="bbox 2180 266 2183 346">
    <p class='ocr_par' dir='ltr' id='par_1_5' title="bbox 2180 266 2183 346">
     <span class='ocr_line' id='line_1_9' title="bbox 2180 266 2183 346; baseline 0 -4"><span class='ocrx_word' id='word_1_86' title='bbox 2180 266 2183 346; x_wconf 83' lang='lat' dir='ltr'>l</span> 
     </span>
    </p>
   </div>
   <div class='ocr_carea' id='block_1_6' title="bbox 126 995 2183 1115">
    <p class='ocr_par' dir='ltr' id='par_1_6' title="bbox 126 995 2183 1115">
     <span class='ocr_line' id='line_1_10' title="bbox 126 995 2183 1115; baseline 0.012 -30"><span class='ocrx_word' id='word_1_87' title='bbox 126 1039 195 1110; x_wconf 91' lang='lat' dir='ltr'>que</span> <span class='ocrx_word' id='word_1_88' title='bbox 220 1006 407 1104; x_wconf 85' lang='lat' dir='ltr'>proponit,</span> <span class='ocrx_word' id='word_1_89' title='bbox 434 1014 475 1073; x_wconf 86' lang='lat' dir='ltr'>ut</span> <span class='ocrx_word' id='word_1_90' title='bbox 497 995 564 1068; x_wconf 67' lang='lat' dir='ltr'>hac</span> <span class='ocrx_word' id='word_1_91' title='bbox 584 999 755 1068; x_wconf 65' lang='lat' dir='ltr'>⁶⁰¹¹cl⁰¹¹⁸</span> <span class='ocrx_word' id='word_1_92' title='bbox 777 999 864 1068; x_wconf 49' lang='lat' dir='ltr'>fid&amp;</span> <span class='ocrx_word' id='word_1_93' title='bbox 886 1013 919 1069; x_wconf 65' lang='lat' dir='ltr'>‘l</span> <span class='ocrx_word' id='word_1_94' title='bbox 940 999 1050 1086; x_wconf 69' lang='lat' dir='ltr'>llm⁰¹</span> <span class='ocrx_word' id='word_1_95' title='bbox 1073 998 1111 1065; x_wconf 63' lang='lat'>5¹¹</span> <span class='ocrx_word' id='word_1_96' title='bbox 1165 1014 1446 1102; x_wconf 86' lang='lat' dir='ltr'>eumaudimus,</span> <span class='ocrx_word' id='word_1_97' title='bbox 1472 1033 1607 1090; x_wconf 89' lang='lat' dir='ltr'>tantam</span> <span class='ocrx_word' id='word_1_98' title='bbox 1633 1026 2000 1115; x_wconf 87' lang='lat' dir='ltr'>esseamplitudinem</span> <span class='ocrx_word' id='word_1_99' title='bbox 2024 1038 2146 1108; x_wconf 85' lang='lat' dir='ltr'>miseri-</span> <span class='ocrx_word' id='word_1_100' title='bbox 2181 1049 2183 1057; x_wconf 78' lang='grc'>’</span> 
     </span>
    </p>
   </div>
   <div class='ocr_carea' id='block_1_7' title="bbox 124 1096 2145 1417">
    <p class='ocr_par' dir='ltr' id='par_1_7' title="bbox 124 1096 2145 1417">
     <span class='ocr_line' id='line_1_11' title="bbox 126 1096 2145 1223; baseline 0.016 -43"><span class='ocrx_word' id='word_1_101' title='bbox 126 1109 494 1187; x_wconf 82' lang='lat' dir='ltr'>nobiseruscitentur.</span> <span class='ocrx_word' id='word_1_102' title='bbox 534 1099 806 1170; x_wconf 89' lang='lat' dir='ltr'>Meminerimus</span> <span class='ocrx_word' id='word_1_103' title='bbox 823 1124 906 1190; x_wconf 91' lang='lat' dir='ltr'>ergo</span> <span class='ocrx_word' id='word_1_104' title='bbox 921 1096 1018 1171; x_wconf 89' lang='lat' dir='ltr'>hunc</span> <span class='ocrx_word' id='word_1_105' title='bbox 1034 1125 1113 1169; x_wconf 84' lang='lat' dir='ltr'>ver·</span> <span class='ocrx_word' id='word_1_106' title='bbox 1165 1116 1326 1207; x_wconf 88' lang='lat' dir='ltr'>cordiae,</span> <span class='ocrx_word' id='word_1_107' title='bbox 1360 1131 1400 1186; x_wconf 91' lang='lat' dir='ltr'>ut</span> <span class='ocrx_word' id='word_1_108' title='bbox 1423 1120 1460 1186; x_wconf 92' lang='lat' dir='ltr'>in</span> <span class='ocrx_word' id='word_1_109' title='bbox 1485 1125 1708 1194; x_wconf 80' lang='lat' dir='ltr'>credentibus</span> <span class='ocrx_word' id='word_1_110' title='bbox 1733 1121 1826 1197; x_wconf 90' lang='lat' dir='ltr'>hanc</span> <span class='ocrx_word' id='word_1_111' title='bbox 1849 1132 2098 1223; x_wconf 83' lang='lat' dir='ltr'>imperfectam</span> <span class='ocrx_word' id='word_1_112' title='bbox 2119 1157 2145 1211; x_wconf 83' lang='lat' dir='ltr'>et</span> 
     </span>
     <span class='ocr_line' id='line_1_12' title="bbox 124 1200 2144 1320; baseline 0.011 -31"><span class='ocrx_word' id='word_1_113' title='bbox 124 1218 275 1290; x_wconf 88' lang='lat' dir='ltr'>siculum</span> <span class='ocrx_word' id='word_1_114' title='bbox 310 1211 349 1278; x_wconf 93' lang='lat' dir='ltr'>in</span> <span class='ocrx_word' id='word_1_115' title='bbox 382 1203 450 1275; x_wconf 94' lang='lat' dir='ltr'>hoc</span> <span class='ocrx_word' id='word_1_116' title='bbox 480 1200 620 1272; x_wconf 79' lang='lat' dir='ltr'>Psalmo</span> <span class='ocrx_word' id='word_1_117' title='bbox 649 1202 880 1292; x_wconf 82' lang='lat' dir='ltr'>principalem</span> <span class='ocrx_word' id='word_1_118' title='bbox 914 1202 1113 1320; x_wconf 65' lang='lat' dir='ltr'>doctrinam</span> <span class='ocrx_word' id='word_1_119' title='bbox 1165 1219 1441 1288; x_wconf 82' lang='lat' dir='ltr'>contaminatam</span> <span class='ocrx_word' id='word_1_120' title='bbox 1475 1225 1714 1295; x_wconf 86' lang='lat' dir='ltr'>obedientiam</span> <span class='ocrx_word' id='word_1_121' title='bbox 1749 1234 1942 1320; x_wconf 89' lang='lat' dir='ltr'>approbet,</span> <span class='ocrx_word' id='word_1_122' title='bbox 1988 1253 2025 1310; x_wconf 88' lang='lat' dir='ltr'>et</span> <span class='ocrx_word' id='word_1_123' title='bbox 2056 1258 2144 1312; x_wconf 86' lang='lat' dir='ltr'>ornet</span> 
     </span>
     <span class='ocr_line' id='line_1_13' title="bbox 125 1298 1934 1417; baseline 0.008 -27"><span class='ocrx_word' id='word_1_124' title='bbox 125 1319 326 1397; x_wconf 88' lang='lat' dir='ltr'>continere,</span> <span class='ocrx_word' id='word_1_125' title='bbox 340 1309 420 1379; x_wconf 84' lang='lat' dir='ltr'>fidei</span> <span class='ocrx_word' id='word_1_126' title='bbox 435 1319 470 1376; x_wconf 87' lang='lat' dir='ltr'>et</span> <span class='ocrx_word' id='word_1_127' title='bbox 486 1303 645 1386; x_wconf 91' lang='lat' dir='ltr'>timoris,</span> <span class='ocrx_word' id='word_1_128' title='bbox 670 1327 731 1372; x_wconf 91' lang='lat' dir='ltr'>seu</span> <span class='ocrx_word' id='word_1_129' title='bbox 744 1298 931 1394; x_wconf 76' lang='lat' dir='ltr'>Evangelii</span> <span class='ocrx_word' id='word_1_130' title='bbox 947 1319 980 1375; x_wconf 87' lang='lat' dir='ltr'>et</span> <span class='ocrx_word' id='word_1_131' title='bbox 993 1305 1091 1394; x_wconf 69' lang='lat' dir='ltr'>legts·</span> <span class='ocrx_word' id='word_1_132' title='bbox 1166 1320 1355 1409; x_wconf 84' lang='lat' dir='ltr'>praemiis,</span> <span class='ocrx_word' id='word_1_133' title='bbox 1382 1322 1530 1412; x_wconf 87' lang='lat' dir='ltr'>perinde</span> <span class='ocrx_word' id='word_1_134' title='bbox 1545 1351 1584 1394; x_wconf 93' lang='lat' dir='ltr'>ac</span> <span class='ocrx_word' id='word_1_135' title='bbox 1603 1328 1633 1394; x_wconf 88' lang='lat' dir='ltr'>si</span> <span class='ocrx_word' id='word_1_136' title='bbox 1652 1328 1720 1417; x_wconf 89' lang='lat' dir='ltr'>legi</span> <span class='ocrx_word' id='word_1_137' title='bbox 1736 1333 1934 1407; x_wconf 85' lang='lat' dir='ltr'>satisfieret.</span> 
     </span>
    </p>
   </div>
   <div class='ocr_carea' id='block_1_8' title="bbox 227 1437 2146 1738">
    <p class='ocr_par' dir='ltr' id='par_1_8' title="bbox 227 1437 2146 1738">
     <span class='ocr_line' id='line_1_14' title="bbox 1267 1437 2145 1543; baseline 0.028 -38"><span class='ocrx_word' id='word_1_138' title='bbox 1267 1437 1363 1507; x_wconf 84' lang='lat' dir='ltr'>llaec</span> <span class='ocrx_word' id='word_1_139' title='bbox 1382 1442 1446 1509; x_wconf 90' lang='lat' dir='ltr'>etsi</span> <span class='ocrx_word' id='word_1_140' title='bbox 1468 1465 1572 1533; x_wconf 90' lang='lat' dir='ltr'>supra</span> <span class='ocrx_word' id='word_1_141' title='bbox 1590 1446 1778 1538; x_wconf 89' lang='lat' dir='ltr'>aliquoties</span> <span class='ocrx_word' id='word_1_142' title='bbox 1794 1452 1889 1523; x_wconf 91' lang='lat' dir='ltr'>dicta</span> <span class='ocrx_word' id='word_1_143' title='bbox 1908 1470 2016 1543; x_wconf 89' lang='lat' dir='ltr'>sunt,</span> <span class='ocrx_word' id='word_1_144' title='bbox 2041 1461 2145 1530; x_wconf 84' lang='lat' dir='ltr'>bresi-</span> 
     </span>
     <span class='ocr_line' id='line_1_15' title="bbox 1165 1537 2145 1646; baseline 0.024 -37"><span class='ocrx_word' id='word_1_145' title='bbox 1165 1553 1220 1609; x_wconf 90' lang='lat' dir='ltr'>ter</span> <span class='ocrx_word' id='word_1_146' title='bbox 1233 1553 1351 1608; x_wconf 83' lang='lat' dir='ltr'>tamen</span> <span class='ocrx_word' id='word_1_147' title='bbox 1366 1537 1434 1611; x_wconf 91' lang='lat' dir='ltr'>hoc</span> <span class='ocrx_word' id='word_1_148' title='bbox 1448 1544 1486 1612; x_wconf 89' lang='lat' dir='ltr'>in</span> <span class='ocrx_word' id='word_1_149' title='bbox 1503 1547 1579 1615; x_wconf 92' lang='lat' dir='ltr'>loco</span> <span class='ocrx_word' id='word_1_150' title='bbox 1597 1548 1641 1616; x_wconf 91' lang='lat' dir='ltr'>de</span> <span class='ocrx_word' id='word_1_151' title='bbox 1658 1553 1823 1639; x_wconf 90' lang='lat' dir='ltr'>operibus</span> <span class='ocrx_word' id='word_1_152' title='bbox 1842 1558 2009 1646; x_wconf 86' lang='lat' dir='ltr'>repetivi,</span> <span class='ocrx_word' id='word_1_153' title='bbox 2036 1576 2075 1632; x_wconf 90' lang='lat' dir='ltr'>ut</span> <span class='ocrx_word' id='word_1_154' title='bbox 2088 1564 2145 1632; x_wconf 87' lang='lat' dir='ltr'>im·</span> 
     </span>
     <span class='ocr_line' id='line_1_16' title="bbox 227 1632 2146 1738; baseline 0.016 -34"><span class='ocrx_word' id='word_1_155' title='bbox 227 1641 407 1712; x_wconf 77' lang='lat' dir='ltr'>Hactenus</span> <span class='ocrx_word' id='word_1_156' title='bbox 429 1633 635 1724; x_wconf 90' lang='lat' dir='ltr'>principalis</span> <span class='ocrx_word' id='word_1_157' title='bbox 662 1632 827 1704; x_wconf 90' lang='lat' dir='ltr'>doctrina</span> <span class='ocrx_word' id='word_1_158' title='bbox 859 1634 903 1703; x_wconf 93' lang='lat' dir='ltr'>de</span> <span class='ocrx_word' id='word_1_159' title='bbox 931 1633 1058 1704; x_wconf 86' lang='lat' dir='ltr'>timore</span> <span class='ocrx_word' id='word_1_160' title='bbox 1081 1643 1115 1701; x_wconf 90' lang='lat' dir='ltr'>et</span> <span class='ocrx_word' id='word_1_161' title='bbox 1167 1641 1269 1732; x_wconf 90' lang='lat' dir='ltr'>periti</span> <span class='ocrx_word' id='word_1_162' title='bbox 1287 1646 1499 1733; x_wconf 90' lang='lat' dir='ltr'>respondere</span> <span class='ocrx_word' id='word_1_163' title='bbox 1514 1649 1649 1738; x_wconf 78' lang='lat' dir='ltr'>possint</span> <span class='ocrx_word' id='word_1_164' title='bbox 1659 1701 1671 1734; x_wconf 95' lang='lat'>,</span> <span class='ocrx_word' id='word_1_165' title='bbox 1687 1652 1716 1718; x_wconf 90' lang='lat' dir='ltr'>si</span> <span class='ocrx_word' id='word_1_166' title='bbox 1734 1646 1941 1726; x_wconf 88' lang='lat' dir='ltr'>huiusmodi</span> <span class='ocrx_word' id='word_1_167' title='bbox 1956 1660 2056 1732; x_wconf 89' lang='lat' dir='ltr'>dicta</span> <span class='ocrx_word' id='word_1_168' title='bbox 2071 1688 2146 1734; x_wconf 87' lang='lat' dir='ltr'>con·</span> 
     </span>
    </p>
   </div>
   <div class='ocr_carea' id='block_1_9' title="bbox 25 1734 2165 3472">
    <p class='ocr_par' dir='ltr' id='par_1_9' title="bbox 25 1734 2165 3257">
     <span class='ocr_line' id='line_1_17' title="bbox 125 1734 2165 1845; baseline 0.007 -25"><span class='ocrx_word' id='word_1_169' title='bbox 125 1743 338 1820; x_wconf 86' lang='lat' dir='ltr'>fidetradita</span> <span class='ocrx_word' id='word_1_170' title='bbox 362 1749 434 1815; x_wconf 64' lang='lat' dir='ltr'>est,</span> <span class='ocrx_word' id='word_1_171' title='bbox 458 1734 665 1805; x_wconf 69' lang='lat' dir='ltr'>sunteliam</span> <span class='ocrx_word' id='word_1_172' title='bbox 684 1736 825 1804; x_wconf 64' lang='lat' dir='ltr'>addilae</span> <span class='ocrx_word' id='word_1_173' title='bbox 850 1735 1116 1826; x_wconf 60' lang='lat' dir='ltr'>promissiones,</span> <span class='ocrx_word' id='word_1_174' title='bbox 1166 1757 1219 1813; x_wconf 90' lang='lat' dir='ltr'>tra</span> <span class='ocrx_word' id='word_1_175' title='bbox 1237 1744 1434 1814; x_wconf 88' lang='lat' dir='ltr'>doctrinam</span> <span class='ocrx_word' id='word_1_176' title='bbox 1450 1748 1495 1815; x_wconf 91' lang='lat' dir='ltr'>de</span> <span class='ocrx_word' id='word_1_177' title='bbox 1515 1750 1583 1818; x_wconf 85' lang='lat' dir='ltr'>fide</span> <span class='ocrx_word' id='word_1_178' title='bbox 1601 1752 1892 1845; x_wconf 83' lang='lat' dir='ltr'>detorqueantur.</span> <span class='ocrx_word' id='word_1_179' title='bbox 1946 1759 2035 1831; x_wconf 91' lang='lat' dir='ltr'>Non</span> <span class='ocrx_word' id='word_1_180' title='bbox 2061 1766 2165 1834; x_wconf 86' lang='lat' dir='ltr'>enim</span> 
     </span>
     <span class='ocr_line' id='line_1_18' title="bbox 125 1835 2148 1960; baseline 0.008 -39"><span class='ocrx_word' id='word_1_181' title='bbox 125 1874 222 1922; x_wconf 91' lang='lat' dir='ltr'>nunc</span> <span class='ocrx_word' id='word_1_182' title='bbox 247 1842 347 1915; x_wconf 89' lang='lat' dir='ltr'>addit</span> <span class='ocrx_word' id='word_1_183' title='bbox 371 1861 472 1906; x_wconf 84' lang='lat' dir='ltr'>veros</span> <span class='ocrx_word' id='word_1_184' title='bbox 502 1836 616 1906; x_wconf 89' lang='lat' dir='ltr'>cultus</span> <span class='ocrx_word' id='word_1_185' title='bbox 651 1835 758 1920; x_wconf 88' lang='lat' dir='ltr'>alios,</span> <span class='ocrx_word' id='word_1_186' title='bbox 793 1835 958 1907; x_wconf 87' lang='lat' dir='ltr'>videlicet</span> <span class='ocrx_word' id='word_1_187' title='bbox 989 1836 1115 1920; x_wconf 84' lang='lat' dir='ltr'>officia,</span> <span class='ocrx_word' id='word_1_188' title='bbox 1167 1845 1259 1913; x_wconf 89' lang='lat' dir='ltr'>valet</span> <span class='ocrx_word' id='word_1_189' title='bbox 1283 1862 1544 1934; x_wconf 76' lang='lat' dir='ltr'>argumentum,</span> <span class='ocrx_word' id='word_1_190' title='bbox 1581 1853 1610 1919; x_wconf 89' lang='lat' dir='ltr'>si</span> <span class='ocrx_word' id='word_1_191' title='bbox 1632 1854 1711 1946; x_wconf 87' lang='lat' dir='ltr'>quis</span> <span class='ocrx_word' id='word_1_192' title='bbox 1733 1857 1893 1929; x_wconf 86' lang='lat' dir='ltr'>obiiciat:</span> <span class='ocrx_word' id='word_1_193' title='bbox 1925 1859 2062 1936; x_wconf 86' lang='lat' dir='ltr'>Beatus</span> <span class='ocrx_word' id='word_1_194' title='bbox 2092 1868 2148 1960; x_wconf 88' lang='lat' dir='ltr'>qni</span> 
     </span>
     <span class='ocr_line' id='line_1_19' title="bbox 126 1936 2147 2048; baseline 0.009 -29"><span class='ocrx_word' id='word_1_195' title='bbox 126 1975 216 2048; x_wconf 88' lang='lat' dir='ltr'>quae</span> <span class='ocrx_word' id='word_1_196' title='bbox 239 1969 318 2034; x_wconf 89' lang='lat' dir='ltr'>erga</span> <span class='ocrx_word' id='word_1_197' title='bbox 348 1939 548 2033; x_wconf 81' lang='lat' dir='ltr'>proximum</span> <span class='ocrx_word' id='word_1_198' title='bbox 573 1939 781 2027; x_wconf 84' lang='lat' dir='ltr'>praestanda</span> <span class='ocrx_word' id='word_1_199' title='bbox 804 1951 898 2009; x_wconf 85' lang='lat' dir='ltr'>sunt.</span> <span class='ocrx_word' id='word_1_200' title='bbox 958 1936 1060 2008; x_wconf 82' lang='lat' dir='ltr'>Sicut</span> <span class='ocrx_word' id='word_1_201' title='bbox 1081 1951 1115 2007; x_wconf 78' lang='lat' dir='ltr'>el</span> <span class='ocrx_word' id='word_1_202' title='bbox 1165 1959 1290 2023; x_wconf 88' lang='lat' dir='ltr'>mutuo</span> <span class='ocrx_word' id='word_1_203' title='bbox 1314 1950 1391 2029; x_wconf 92' lang='lat' dir='ltr'>dat,</span> <span class='ocrx_word' id='word_1_204' title='bbox 1417 1945 1512 2039; x_wconf 79' lang='lat' dir='ltr'>Ergo</span> <span class='ocrx_word' id='word_1_205' title='bbox 1537 1971 1681 2045; x_wconf 89' lang='lat' dir='ltr'>propter</span> <span class='ocrx_word' id='word_1_206' title='bbox 1697 1981 1802 2048; x_wconf 85' lang='lat' dir='ltr'>opera</span> <span class='ocrx_word' id='word_1_207' title='bbox 1818 1962 2017 2038; x_wconf 87' lang='lat' dir='ltr'>salvamur.</span> <span class='ocrx_word' id='word_1_208' title='bbox 2066 1966 2147 2037; x_wconf 80' lang='lat' dir='ltr'>Nem</span> 
     </span>
     <span class='ocr_line' id='line_1_20' title="bbox 125 2034 2149 2163; baseline 0.007 -40"><span class='ocrx_word' id='word_1_209' title='bbox 125 2053 258 2124; x_wconf 91' lang='lat' dir='ltr'>Paulus</span> <span class='ocrx_word' id='word_1_210' title='bbox 286 2042 419 2138; x_wconf 85' lang='lat' dir='ltr'>inquit:</span> <span class='ocrx_word' id='word_1_211' title='bbox 462 2038 503 2109; x_wconf 90' lang='lat' dir='ltr'>ln</span> <span class='ocrx_word' id='word_1_212' title='bbox 526 2034 671 2108; x_wconf 83' lang='lat' dir='ltr'>Christo</span> <span class='ocrx_word' id='word_1_213' title='bbox 698 2036 778 2108; x_wconf 89' lang='lat' dir='ltr'>lesu</span> <span class='ocrx_word' id='word_1_214' title='bbox 803 2062 869 2107; x_wconf 93' lang='lat' dir='ltr'>nec</span> <span class='ocrx_word' id='word_1_215' title='bbox 890 2038 1113 2108; x_wconf 91' lang='lat' dir='ltr'>circumcisio</span> <span class='ocrx_word' id='word_1_216' title='bbox 1165 2049 1375 2118; x_wconf 87' lang='lat' dir='ltr'>antecedens</span> <span class='ocrx_word' id='word_1_217' title='bbox 1391 2052 1496 2121; x_wconf 89' lang='lat' dir='ltr'>debet</span> <span class='ocrx_word' id='word_1_218' title='bbox 1509 2053 1662 2146; x_wconf 88' lang='lat' dir='ltr'>intelligi</span> <span class='ocrx_word' id='word_1_219' title='bbox 1676 2059 1719 2125; x_wconf 94' lang='lat' dir='ltr'>de</span> <span class='ocrx_word' id='word_1_220' title='bbox 1735 2064 1917 2132; x_wconf 91' lang='lat' dir='ltr'>credente:</span> <span class='ocrx_word' id='word_1_221' title='bbox 1946 2064 2149 2163; x_wconf 85' lang='lat' dir='ltr'>Beatusqui</span> 
     </span>
     <span class='ocr_line' id='line_1_21' title="bbox 125 2141 2149 2251; baseline 0.007 -25"><span class='ocrx_word' id='word_1_222' title='bbox 125 2152 262 2247; x_wconf 80' lang='lat' dir='ltr'>aliquid</span> <span class='ocrx_word' id='word_1_223' title='bbox 279 2146 391 2227; x_wconf 60' lang='lat' dir='ltr'>valet,</span> <span class='ocrx_word' id='word_1_224' title='bbox 417 2141 742 2233; x_wconf 66' lang='lat' dir='ltr'>¹¹²⁰P1³⁰P¹¹¹l¹¹m2</span> <span class='ocrx_word' id='word_1_225' title='bbox 765 2141 827 2208; x_wconf 66' lang='lat' dir='ltr'>Sed</span> <span class='ocrx_word' id='word_1_226' title='bbox 850 2141 934 2209; x_wconf 64' lang='lat' dir='ltr'>fides</span> <span class='ocrx_word' id='word_1_227' title='bbox 953 2164 1042 2234; x_wconf 67' lang='lat' dir='ltr'>quae</span> <span class='ocrx_word' id='word_1_228' title='bbox 1063 2153 1114 2210; x_wconf 69' lang='lat'>0⁸1</span> <span class='ocrx_word' id='word_1_229' title='bbox 1165 2149 1326 2219; x_wconf 90' lang='lat' dir='ltr'>creditin</span> <span class='ocrx_word' id='word_1_230' title='bbox 1344 2147 1545 2235; x_wconf 87' lang='lat' dir='ltr'>Christum,</span> <span class='ocrx_word' id='word_1_231' title='bbox 1573 2170 1607 2225; x_wconf 92' lang='lat' dir='ltr'>et</span> <span class='ocrx_word' id='word_1_232' title='bbox 1629 2153 1693 2226; x_wconf 93' lang='lat' dir='ltr'>hac</span> <span class='ocrx_word' id='word_1_233' title='bbox 1708 2160 1776 2229; x_wconf 86' lang='lat' dir='ltr'>fide</span> <span class='ocrx_word' id='word_1_234' title='bbox 1798 2185 1999 2251; x_wconf 91' lang='lat' dir='ltr'>agnoscens</span> <span class='ocrx_word' id='word_1_235' title='bbox 2020 2172 2149 2240; x_wconf 87' lang='lat' dir='ltr'>miscri-</span> 
     </span>
     <span class='ocr_line' id='line_1_22' title="bbox 124 2243 2148 2362; baseline 0.008 -37"><span class='ocrx_word' id='word_1_236' title='bbox 124 2280 189 2349; x_wconf 89' lang='lat' dir='ltr'>per</span> <span class='ocrx_word' id='word_1_237' title='bbox 205 2249 429 2323; x_wconf 90' lang='lat' dir='ltr'>dilectionem</span> <span class='ocrx_word' id='word_1_238' title='bbox 445 2243 581 2312; x_wconf 80' lang='lat' dir='ltr'>efficax.</span> <span class='ocrx_word' id='word_1_239' title='bbox 1164 2251 1321 2318; x_wconf 87' lang='lat' dir='ltr'>cordiam</span> <span class='ocrx_word' id='word_1_240' title='bbox 1338 2251 1405 2322; x_wconf 84' lang='lat' dir='ltr'>Dei</span> <span class='ocrx_word' id='word_1_241' title='bbox 1428 2254 1553 2346; x_wconf 89' lang='lat' dir='ltr'>incipit</span> <span class='ocrx_word' id='word_1_242' title='bbox 1578 2259 1733 2330; x_wconf 90' lang='lat' dir='ltr'>obedire.</span> <span class='ocrx_word' id='word_1_243' title='bbox 1793 2261 1886 2333; x_wconf 91' lang='lat' dir='ltr'>Cum</span> <span class='ocrx_word' id='word_1_244' title='bbox 1910 2284 2035 2339; x_wconf 90' lang='lat' dir='ltr'>autem</span> <span class='ocrx_word' id='word_1_245' title='bbox 2059 2274 2148 2362; x_wconf 87' lang='lat' dir='ltr'>prius</span> 
     </span>
     <span class='ocr_line' id='line_1_23' title="bbox 25 2352 2148 2456; baseline -0.001 -12"><span class='ocrx_word' id='word_1_246' title='bbox 25 2439 26 2443; x_wconf 73' lang='grc'>,</span> <span class='ocrx_word' id='word_1_247' title='bbox 151 2380 156 2390; x_wconf 92' lang='grc'><strong>’</strong></span> <span class='ocrx_word' id='word_1_248' title='bbox 226 2368 280 2439; x_wconf 74' lang='lat' dir='ltr'>Ac</span> <span class='ocrx_word' id='word_1_249' title='bbox 304 2364 480 2456; x_wconf 91' lang='lat' dir='ltr'>primum,</span> <span class='ocrx_word' id='word_1_250' title='bbox 505 2359 591 2453; x_wconf 88' lang='lat' dir='ltr'>quia</span> <span class='ocrx_word' id='word_1_251' title='bbox 615 2355 779 2428; x_wconf 90' lang='lat' dir='ltr'>Psalmus</span> <span class='ocrx_word' id='word_1_252' title='bbox 800 2359 938 2429; x_wconf 85' lang='lat' dir='ltr'>nullam</span> <span class='ocrx_word' id='word_1_253' title='bbox 960 2360 1112 2430; x_wconf 77' lang='lat' dir='ltr'>mentio-</span> <span class='ocrx_word' id='word_1_254' title='bbox 1164 2352 1359 2444; x_wconf 85' lang='lat' dir='ltr'>requiritur</span> <span class='ocrx_word' id='word_1_255' title='bbox 1375 2355 1478 2440; x_wconf 86' lang='lat' dir='ltr'>fides,</span> <span class='ocrx_word' id='word_1_256' title='bbox 1503 2359 1700 2430; x_wconf 86' lang='lat' dir='ltr'>excluditur</span> <span class='ocrx_word' id='word_1_257' title='bbox 1715 2363 1868 2451; x_wconf 90' lang='lat' dir='ltr'>dignitas</span> <span class='ocrx_word' id='word_1_258' title='bbox 1887 2385 2028 2456; x_wconf 90' lang='lat' dir='ltr'>nostra,</span> <span class='ocrx_word' id='word_1_259' title='bbox 2055 2388 2089 2444; x_wconf 89' lang='lat' dir='ltr'>et</span> <span class='ocrx_word' id='word_1_260' title='bbox 2102 2376 2148 2442; x_wconf 90' lang='lat' dir='ltr'>si·</span> 
     </span>
     <span class='ocr_line' id='line_1_24' title="bbox 124 2452 2148 2560; baseline -0 -15"><span class='ocrx_word' id='word_1_261' title='bbox 124 2498 207 2544; x_wconf 93' lang='lat' dir='ltr'>nem</span> <span class='ocrx_word' id='word_1_262' title='bbox 223 2470 308 2540; x_wconf 82' lang='lat' dir='ltr'>facit</span> <span class='ocrx_word' id='word_1_263' title='bbox 323 2461 625 2543; x_wconf 88' lang='lat' dir='ltr'>ceremoniarum,</span> <span class='ocrx_word' id='word_1_264' title='bbox 652 2475 685 2530; x_wconf 90' lang='lat' dir='ltr'>et</span> <span class='ocrx_word' id='word_1_265' title='bbox 704 2462 880 2550; x_wconf 88' lang='lat' dir='ltr'>praedicat</span> <span class='ocrx_word' id='word_1_266' title='bbox 893 2461 1007 2531; x_wconf 87' lang='lat' dir='ltr'>officia</span> <span class='ocrx_word' id='word_1_267' title='bbox 1022 2462 1113 2532; x_wconf 92' lang='lat' dir='ltr'>dile·</span> <span class='ocrx_word' id='word_1_268' title='bbox 1163 2452 1367 2541; x_wconf 82' lang='lat' dir='ltr'>gnificatnr,</span> <span class='ocrx_word' id='word_1_269' title='bbox 1393 2458 1488 2549; x_wconf 83' lang='lat' dir='ltr'>quod</span> <span class='ocrx_word' id='word_1_270' title='bbox 1504 2458 1571 2527; x_wconf 87' lang='lat' dir='ltr'>fide</span> <span class='ocrx_word' id='word_1_271' title='bbox 1588 2477 1731 2552; x_wconf 86' lang='lat' dir='ltr'>propter</span> <span class='ocrx_word' id='word_1_272' title='bbox 1747 2460 1934 2537; x_wconf 88' lang='lat' dir='ltr'>Christum</span> <span class='ocrx_word' id='word_1_273' title='bbox 1959 2475 2073 2560; x_wconf 89' lang='lat' dir='ltr'>gratis</span> <span class='ocrx_word' id='word_1_274' title='bbox 2096 2498 2148 2545; x_wconf 83' lang='lat' dir='ltr'>so·</span> 
     </span>
     <span class='ocr_line' id='line_1_25' title="bbox 125 2554 2147 2654; baseline 0.017 -43"><span class='ocrx_word' id='word_1_275' title='bbox 125 2572 276 2654; x_wconf 71' lang='lat' dir='ltr'>ctioniS,</span> <span class='ocrx_word' id='word_1_276' title='bbox 303 2566 385 2636; x_wconf 50' lang='grc' dir='ltr'>ως,</span> <span class='ocrx_word' id='word_1_277' title='bbox 411 2561 601 2651; x_wconf 57' lang='lat' dir='ltr'>significat,</span> <span class='ocrx_word' id='word_1_278' title='bbox 629 2584 734 2651; x_wconf 66' lang='grc' dir='ltr'><strong>ορρη,</strong></span> <span class='ocrx_word' id='word_1_279' title='bbox 755 2561 956 2631; x_wconf 60' lang='lat' dir='ltr'>dilectionis</span> <span class='ocrx_word' id='word_1_280' title='bbox 977 2564 1112 2633; x_wconf 67' lang='lat' dir='ltr'>ansefe.</span> <span class='ocrx_word' id='word_1_281' title='bbox 1163 2554 1335 2645; x_wconf 88' lang='lat' dir='ltr'>cipiamus</span> <span class='ocrx_word' id='word_1_282' title='bbox 1349 2557 1591 2629; x_wconf 88' lang='lat' dir='ltr'>remissionem</span> <span class='ocrx_word' id='word_1_283' title='bbox 1610 2579 1849 2652; x_wconf 90' lang='lat' dir='ltr'>peccatorum,</span> <span class='ocrx_word' id='word_1_284' title='bbox 1876 2583 1913 2639; x_wconf 91' lang='lat' dir='ltr'>et</span> <span class='ocrx_word' id='word_1_285' title='bbox 1927 2572 2058 2645; x_wconf 84' lang='lat' dir='ltr'>fiamus</span> <span class='ocrx_word' id='word_1_286' title='bbox 2072 2570 2147 2646; x_wconf 84' lang='lat' dir='ltr'>hae·</span> 
     </span>
     <span class='ocr_line' id='line_1_26' title="bbox 124 2653 2145 2763; baseline 0.003 -24"><span class='ocrx_word' id='word_1_287' title='bbox 124 2662 563 2746; x_wconf 77' lang='lat' dir='ltr'>rendaesseceremoniis.</span> <span class='ocrx_word' id='word_1_288' title='bbox 605 2660 705 2731; x_wconf 88' lang='lat' dir='ltr'>Sicut</span> <span class='ocrx_word' id='word_1_289' title='bbox 724 2661 832 2751; x_wconf 89' lang='lat' dir='ltr'>igitur</span> <span class='ocrx_word' id='word_1_290' title='bbox 847 2663 934 2733; x_wconf 90' lang='lat' dir='ltr'>alibi</span> <span class='ocrx_word' id='word_1_291' title='bbox 951 2658 1111 2755; x_wconf 76' lang='lat' dir='ltr'>Prophe.</span> <span class='ocrx_word' id='word_1_292' title='bbox 1164 2656 1264 2725; x_wconf 88' lang='lat' dir='ltr'>redes</span> <span class='ocrx_word' id='word_1_293' title='bbox 1278 2653 1357 2731; x_wconf 87' lang='lat' dir='ltr'>Dei.</span> <span class='ocrx_word' id='word_1_294' title='bbox 1407 2655 1455 2729; x_wconf 88' lang='lat' dir='ltr'>Et</span> <span class='ocrx_word' id='word_1_295' title='bbox 1470 2673 1586 2730; x_wconf 87' lang='lat' dir='ltr'>tamen</span> <span class='ocrx_word' id='word_1_296' title='bbox 1604 2688 1743 2752; x_wconf 86' lang='lat' dir='ltr'>necesse</span> <span class='ocrx_word' id='word_1_297' title='bbox 1759 2681 1826 2750; x_wconf 90' lang='lat' dir='ltr'>est,</span> <span class='ocrx_word' id='word_1_298' title='bbox 1850 2673 1955 2763; x_wconf 85' lang='lat' dir='ltr'>sequi</span> <span class='ocrx_word' id='word_1_299' title='bbox 1979 2676 2145 2748; x_wconf 75' lang='lat' dir='ltr'>incoatum</span> 
     </span>
     <span class='ocr_line' id='line_1_27' title="bbox 123 2755 2141 2859; baseline -0.001 -10"><span class='ocrx_word' id='word_1_300' title='bbox 123 2793 179 2849; x_wconf 91' lang='lat' dir='ltr'>tae</span> <span class='ocrx_word' id='word_1_301' title='bbox 193 2792 350 2845; x_wconf 90' lang='lat' dir='ltr'>errorem</span> <span class='ocrx_word' id='word_1_302' title='bbox 364 2762 629 2859; x_wconf 87' lang='lat' dir='ltr'>hypocritarum</span> <span class='ocrx_word' id='word_1_303' title='bbox 648 2776 779 2847; x_wconf 81' lang='lat' dir='ltr'>taxant,</span> <span class='ocrx_word' id='word_1_304' title='bbox 805 2765 866 2857; x_wconf 90' lang='lat' dir='ltr'>qui</span> <span class='ocrx_word' id='word_1_305' title='bbox 881 2765 1110 2855; x_wconf 90' lang='lat' dir='ltr'>negligebant</span> <span class='ocrx_word' id='word_1_306' title='bbox 1162 2755 1413 2831; x_wconf 89' lang='lat' dir='ltr'>obedientiam.</span> <span class='ocrx_word' id='word_1_307' title='bbox 1467 2760 1551 2832; x_wconf 91' lang='lat' dir='ltr'>ldeo</span> <span class='ocrx_word' id='word_1_308' title='bbox 1569 2766 1663 2833; x_wconf 91' lang='lat' dir='ltr'>enim</span> <span class='ocrx_word' id='word_1_309' title='bbox 1681 2770 1973 2856; x_wconf 88' lang='lat' dir='ltr'>reconciliamur,</span> <span class='ocrx_word' id='word_1_310' title='bbox 1990 2779 2141 2848; x_wconf 86' lang='lat' dir='ltr'>utvitam</span> 
     </span>
     <span class='ocr_line' id='line_1_28' title="bbox 124 2864 2142 2970; baseline 0 -24"><span class='ocrx_word' id='word_1_311' title='bbox 124 2899 232 2970; x_wconf 87' lang='lat' dir='ltr'>opera</span> <span class='ocrx_word' id='word_1_312' title='bbox 251 2866 470 2956; x_wconf 90' lang='lat' dir='ltr'>dilectionis,</span> <span class='ocrx_word' id='word_1_313' title='bbox 494 2878 528 2935; x_wconf 90' lang='lat' dir='ltr'>et</span> <span class='ocrx_word' id='word_1_314' title='bbox 548 2866 683 2933; x_wconf 88' lang='lat' dir='ltr'>interea</span> <span class='ocrx_word' id='word_1_315' title='bbox 703 2864 932 2938; x_wconf 88' lang='lat' dir='ltr'>cumulabant</span> <span class='ocrx_word' id='word_1_316' title='bbox 953 2891 1111 2937; x_wconf 89' lang='lat' dir='ltr'>ceremo·</span> <span class='ocrx_word' id='word_1_317' title='bbox 1163 2882 1296 2927; x_wconf 76' lang='lat' dir='ltr'>novam</span> <span class='ocrx_word' id='word_1_318' title='bbox 1318 2871 1350 2928; x_wconf 72' lang='lat' dir='ltr'>el</span> <span class='ocrx_word' id='word_1_319' title='bbox 1374 2875 1550 2932; x_wconf 74' lang='lat' dir='ltr'>aeternam</span> <span class='ocrx_word' id='word_1_320' title='bbox 1572 2890 1847 2961; x_wconf 88' lang='lat' dir='ltr'>consequamur,</span> <span class='ocrx_word' id='word_1_321' title='bbox 1883 2898 1980 2965; x_wconf 87' lang='lat' dir='ltr'>quae</span> <span class='ocrx_word' id='word_1_322' title='bbox 2004 2892 2058 2949; x_wconf 88' lang='lat' dir='ltr'>est</span> <span class='ocrx_word' id='word_1_323' title='bbox 2080 2881 2142 2970; x_wconf 82' lang='lat' dir='ltr'>ipss</span> 
     </span>
     <span class='ocr_line' id='line_1_29' title="bbox 124 2961 2136 3064; baseline -0.002 -16"><span class='ocrx_word' id='word_1_324' title='bbox 124 2981 221 3060; x_wconf 88' lang='lat' dir='ltr'>nias,</span> <span class='ocrx_word' id='word_1_325' title='bbox 247 2989 281 3044; x_wconf 90' lang='lat' dir='ltr'>et</span> <span class='ocrx_word' id='word_1_326' title='bbox 295 2971 469 3064; x_wconf 87' lang='lat' dir='ltr'>putabant</span> <span class='ocrx_word' id='word_1_327' title='bbox 486 2990 522 3035; x_wconf 87' lang='lat' dir='ltr'>se</span> <span class='ocrx_word' id='word_1_328' title='bbox 540 2967 650 3036; x_wconf 88' lang='lat' dir='ltr'>iustos</span> <span class='ocrx_word' id='word_1_329' title='bbox 672 2988 752 3054; x_wconf 38' lang='lat' dir='ltr'>esse,</span> <span class='ocrx_word' id='word_1_330' title='bbox 768 2961 825 3034; x_wconf 91' lang='lat' dir='ltr'>his</span> <span class='ocrx_word' id='word_1_331' title='bbox 849 2970 1036 3058; x_wconf 88' lang='lat' dir='ltr'>operibus,</span> <span class='ocrx_word' id='word_1_332' title='bbox 1062 2971 1110 3040; x_wconf 90' lang='lat' dir='ltr'>ita</span> <span class='ocrx_word' id='word_1_333' title='bbox 1162 2983 1254 3029; x_wconf 75' lang='lat' dir='ltr'>nova</span> <span class='ocrx_word' id='word_1_334' title='bbox 1283 2961 1497 3036; x_wconf 67' lang='lat' dir='ltr'>obedientia.</span> <span class='ocrx_word' id='word_1_335' title='bbox 1554 2962 1602 3039; x_wconf 85' lang='lat' dir='ltr'>Et</span> <span class='ocrx_word' id='word_1_336' title='bbox 1637 2984 1820 3060; x_wconf 84' lang='lat' dir='ltr'>propterea</span> <span class='ocrx_word' id='word_1_337' title='bbox 1853 2975 2018 3047; x_wconf 83' lang='lat' dir='ltr'>donatur</span> <span class='ocrx_word' id='word_1_338' title='bbox 2048 2982 2136 3050; x_wconf 81' lang='lat' dir='ltr'>nobis</span> 
     </span>
     <span class='ocr_line' id='line_1_30' title="bbox 122 3058 2139 3159; baseline -0.001 -7"><span class='ocrx_word' id='word_1_339' title='bbox 122 3079 284 3152; x_wconf 90' lang='lat' dir='ltr'>hocloco</span> <span class='ocrx_word' id='word_1_340' title='bbox 300 3074 361 3142; x_wconf 90' lang='lat' dir='ltr'>illa</span> <span class='ocrx_word' id='word_1_341' title='bbox 385 3070 471 3139; x_wconf 85' lang='lat' dir='ltr'>falsa</span> <span class='ocrx_word' id='word_1_342' title='bbox 488 3067 668 3159; x_wconf 91' lang='lat' dir='ltr'>persuasio</span> <span class='ocrx_word' id='word_1_343' title='bbox 691 3063 984 3159; x_wconf 86' lang='lat' dir='ltr'>reprehenditur,</span> <span class='ocrx_word' id='word_1_344' title='bbox 1011 3082 1110 3140; x_wconf 85' lang='lat' dir='ltr'>ante·</span> <span class='ocrx_word' id='word_1_345' title='bbox 1162 3058 1317 3150; x_wconf 59' lang='lat' dir='ltr'>spirim</span> <span class='ocrx_word' id='word_1_346' title='bbox 1337 3076 1496 3149; x_wconf 65' lang='lat' dir='ltr'>⁸2¹¹clu⁸s</span> <span class='ocrx_word' id='word_1_347' title='bbox 1534 3080 1574 3137; x_wconf 70' lang='lat' dir='ltr'>Ul</span> <span class='ocrx_word' id='word_1_348' title='bbox 1596 3069 1656 3138; x_wconf 70' lang='lat' dir='ltr'>illa</span> <span class='ocrx_word' id='word_1_349' title='bbox 1683 3096 1775 3140; x_wconf 76' lang='lat' dir='ltr'>nova</span> <span class='ocrx_word' id='word_1_350' title='bbox 1800 3072 1873 3143; x_wconf 75' lang='lat' dir='ltr'>vila</span> <span class='ocrx_word' id='word_1_351' title='bbox 1898 3076 1937 3145; x_wconf 85' lang='lat' dir='ltr'>in</span> <span class='ocrx_word' id='word_1_352' title='bbox 1965 3083 2072 3151; x_wconf 88' lang='lat' dir='ltr'>nobis</span> <span class='ocrx_word' id='word_1_353' title='bbox 2093 3083 2139 3149; x_wconf 89' lang='lat' dir='ltr'>io·</span> 
     </span>
     <span class='ocr_line' id='line_1_31' title="bbox 124 3165 1295 3257; baseline -0.014 -3"><span class='ocrx_word' id='word_1_354' title='bbox 124 3187 292 3254; x_wconf 84' lang='lat' dir='ltr'>feruntur</span> <span class='ocrx_word' id='word_1_355' title='bbox 316 3173 411 3243; x_wconf 92' lang='lat' dir='ltr'>enim</span> <span class='ocrx_word' id='word_1_356' title='bbox 435 3169 582 3238; x_wconf 89' lang='lat' dir='ltr'>moralia</span> <span class='ocrx_word' id='word_1_357' title='bbox 607 3192 723 3257; x_wconf 87' lang='lat' dir='ltr'>opera.</span> <span class='ocrx_word' id='word_1_358' title='bbox 777 3165 908 3242; x_wconf 82' lang='lat' dir='ltr'>Extant</span> <span class='ocrx_word' id='word_1_359' title='bbox 922 3172 1111 3242; x_wconf 90' lang='lat' dir='ltr'>conciones</span> <span class='ocrx_word' id='word_1_360' title='bbox 1162 3174 1295 3237; x_wconf 81' lang='lat' dir='ltr'>eostur.</span> 
     </span>
    </p>

    <p class='ocr_par' dir='ltr' id='par_1_10' title="bbox 124 3265 1362 3359">
     <span class='ocr_line' id='line_1_32' title="bbox 124 3265 1362 3359; baseline -0.009 -5"><span class='ocrx_word' id='word_1_361' title='bbox 124 3287 164 3354; x_wconf 89' lang='lat' dir='ltr'>in</span> <span class='ocrx_word' id='word_1_362' title='bbox 188 3279 281 3352; x_wconf 91' lang='lat' dir='ltr'>hanc</span> <span class='ocrx_word' id='word_1_363' title='bbox 302 3272 512 3347; x_wconf 89' lang='lat' dir='ltr'>sententiam</span> <span class='ocrx_word' id='word_1_364' title='bbox 536 3270 667 3341; x_wconf 88' lang='lat' dir='ltr'>multae</span> <span class='ocrx_word' id='word_1_365' title='bbox 689 3265 817 3339; x_wconf 86' lang='lat' dir='ltr'>Esaiae</span> <span class='ocrx_word' id='word_1_366' title='bbox 841 3272 871 3342; x_wconf 86' lang='lat'>1.</span> <span class='ocrx_word' id='word_1_367' title='bbox 925 3272 1013 3343; x_wconf 91' lang='lat' dir='ltr'>ltem</span> <span class='ocrx_word' id='word_1_368' title='bbox 1031 3270 1109 3347; x_wconf 80' lang='lat'><strong>58.:</strong></span> <span class='ocrx_word' id='word_1_369' title='bbox 1284 3340 1292 3356; x_wconf 78' lang='grc'>,</span> <span class='ocrx_word' id='word_1_370' title='bbox 1356 3342 1362 3359; x_wconf 77' lang='grc'>,</span> 
     </span>
    </p>

    <p class='ocr_par' dir='ltr' id='par_1_11' title="bbox 122 3335 1507 3472">
     <span class='ocr_line' id='line_1_33' title="bbox 122 3335 1507 3472; baseline -0.006 -17"><span class='ocrx_word' id='word_1_371' title='bbox 122 3385 261 3472; x_wconf 85' lang='lat' dir='ltr'>Frange</span> <span class='ocrx_word' id='word_1_372' title='bbox 285 3374 453 3449; x_wconf 87' lang='lat' dir='ltr'>esurienti</span> <span class='ocrx_word' id='word_1_373' title='bbox 478 3395 605 3465; x_wconf 90' lang='lat' dir='ltr'>panem</span> <span class='ocrx_word' id='word_1_374' title='bbox 629 3385 694 3441; x_wconf 90' lang='lat' dir='ltr'>etc.</span> <span class='ocrx_word' id='word_1_375' title='bbox 745 3366 861 3441; x_wconf 89' lang='lat' dir='ltr'>Oseae</span> <span class='ocrx_word' id='word_1_376' title='bbox 885 3371 936 3443; x_wconf 82' lang='grc'>6.;</span> <span class='ocrx_word' id='word_1_377' title='bbox 964 3373 1109 3444; x_wconf 90' lang='lat' dir='ltr'>Miseri·</span> <span class='ocrx_word' id='word_1_378' title='bbox 1211 3335 1288 3437; x_wconf 68' lang='lat' dir='ltr'>Qm</span> <span class='ocrx_word' id='word_1_379' title='bbox 1307 3354 1507 3421; x_wconf 56' lang='lat' dir='ltr'>&#39;&#39;mum&#39;‘</span> 
     </span>
    </p>
   </div>
   <div class='ocr_carea' id='block_1_10' title="bbox 28 3469 2162 4100">
    <p class='ocr_par' dir='ltr' id='par_1_12' title="bbox 122 3469 2134 3584">
     <span class='ocr_line' id='line_1_34' title="bbox 122 3469 2134 3584; baseline 0.012 -29"><span class='ocrx_word' id='word_1_380' title='bbox 122 3487 281 3556; x_wconf 91' lang='lat' dir='ltr'>cordiam</span> <span class='ocrx_word' id='word_1_381' title='bbox 298 3478 406 3560; x_wconf 87' lang='lat' dir='ltr'>volui,</span> <span class='ocrx_word' id='word_1_382' title='bbox 432 3498 505 3543; x_wconf 91' lang='lat' dir='ltr'>non</span> <span class='ocrx_word' id='word_1_383' title='bbox 522 3472 745 3546; x_wconf 86' lang='lat' dir='ltr'>sacrificium.</span> <span class='ocrx_word' id='word_1_384' title='bbox 790 3469 1021 3546; x_wconf 82' lang='lat' dir='ltr'>Micheae6.:</span> <span class='ocrx_word' id='word_1_385' title='bbox 1048 3474 1109 3545; x_wconf 89' lang='lat' dir='ltr'>ln·</span> <span class='ocrx_word' id='word_1_386' title='bbox 1262 3491 1465 3584; x_wconf 77' lang='lat' dir='ltr'>spiritualis</span> <span class='ocrx_word' id='word_1_387' title='bbox 1480 3497 1680 3571; x_wconf 91' lang='lat' dir='ltr'>obedientia</span> <span class='ocrx_word' id='word_1_388' title='bbox 1696 3515 1764 3583; x_wconf 88' lang='lat' dir='ltr'>est,</span> <span class='ocrx_word' id='word_1_389' title='bbox 1791 3530 1864 3575; x_wconf 94' lang='lat' dir='ltr'>non</span> <span class='ocrx_word' id='word_1_390' title='bbox 1881 3521 2026 3581; x_wconf 90' lang='lat' dir='ltr'>tantum</span> <span class='ocrx_word' id='word_1_391' title='bbox 2041 3525 2134 3582; x_wconf 83' lang='lat' dir='ltr'>exter·</span> 
     </span>
    </p>

    <p class='ocr_par' dir='ltr' id='par_1_13' title="bbox 123 3575 2162 3692">
     <span class='ocr_line' id='line_1_35' title="bbox 123 3575 2162 3692; baseline 0.016 -36"><span class='ocrx_word' id='word_1_392' title='bbox 123 3587 250 3658; x_wconf 92' lang='lat' dir='ltr'>dicabo</span> <span class='ocrx_word' id='word_1_393' title='bbox 282 3581 347 3650; x_wconf 89' lang='lat' dir='ltr'>tibi</span> <span class='ocrx_word' id='word_1_394' title='bbox 369 3577 455 3672; x_wconf 88' lang='lat' dir='ltr'>qnid</span> <span class='ocrx_word' id='word_1_395' title='bbox 479 3576 525 3646; x_wconf 87' lang='lat' dir='ltr'>sit</span> <span class='ocrx_word' id='word_1_396' title='bbox 554 3576 709 3656; x_wconf 85' lang='lat' dir='ltr'>bonum,</span> <span class='ocrx_word' id='word_1_397' title='bbox 742 3575 856 3692; x_wconf 70' lang='lat' dir='ltr'>lacere</span> <span class='ocrx_word' id='word_1_398' title='bbox 879 3576 1050 3648; x_wconf 69' lang='lat' dir='ltr'>iudicium</span> <span class='ocrx_word' id='word_1_399' title='bbox 1075 3590 1110 3648; x_wconf 66' lang='lat' dir='ltr'>el</span> <span class='ocrx_word' id='word_1_400' title='bbox 1160 3618 1206 3664; x_wconf 91' lang='lat' dir='ltr'>na</span> <span class='ocrx_word' id='word_1_401' title='bbox 1219 3617 1326 3687; x_wconf 90' lang='lat' dir='ltr'>opera</span> <span class='ocrx_word' id='word_1_402' title='bbox 1341 3619 1380 3664; x_wconf 90' lang='lat' dir='ltr'>ac</span> <span class='ocrx_word' id='word_1_403' title='bbox 1394 3597 1617 3688; x_wconf 80' lang='lat' dir='ltr'>disciplinam</span> <span class='ocrx_word' id='word_1_404' title='bbox 1633 3617 1826 3692; x_wconf 86' lang='lat' dir='ltr'>praestare,</span> <span class='ocrx_word' id='word_1_405' title='bbox 1849 3612 1913 3678; x_wconf 83' lang='lat' dir='ltr'>sed</span> <span class='ocrx_word' id='word_1_406' title='bbox 1938 3609 2067 3682; x_wconf 87' lang='lat' dir='ltr'>habere</span> <span class='ocrx_word' id='word_1_407' title='bbox 2088 3613 2133 3680; x_wconf 85' lang='lat' dir='ltr'>in·</span> <span class='ocrx_word' id='word_1_408' title='bbox 2160 3600 2162 3604; x_wconf 27' lang='lat'><strong><em>¹</em></strong></span> 
     </span>
    </p>

    <p class='ocr_par' dir='ltr' id='par_1_14' title="bbox 122 3671 2131 3800">
     <span class='ocr_line' id='line_1_36' title="bbox 122 3671 2131 3800; baseline 0.013 -45"><span class='ocrx_word' id='word_1_409' title='bbox 122 3688 270 3776; x_wconf 89' lang='lat' dir='ltr'>diligere</span> <span class='ocrx_word' id='word_1_410' title='bbox 294 3677 584 3794; x_wconf 78' lang='lat' dir='ltr'>misericordiam.</span> <span class='ocrx_word' id='word_1_411' title='bbox 611 3671 828 3794; x_wconf 36' lang='lat' dir='ltr'>&#39;Zachariae</span> <span class='ocrx_word' id='word_1_412' title='bbox 851 3679 903 3748; x_wconf 92' lang='grc'>7.</span> <span class='ocrx_word' id='word_1_413' title='bbox 931 3677 1108 3750; x_wconf 86' lang='lat' dir='ltr'>Iudicium</span> <span class='ocrx_word' id='word_1_414' title='bbox 1161 3695 1308 3766; x_wconf 89' lang='lat' dir='ltr'>teriores</span> <span class='ocrx_word' id='word_1_415' title='bbox 1321 3712 1439 3767; x_wconf 88' lang='lat' dir='ltr'>motus</span> <span class='ocrx_word' id='word_1_416' title='bbox 1456 3701 1569 3768; x_wconf 93' lang='lat' dir='ltr'>honos</span> <span class='ocrx_word' id='word_1_417' title='bbox 1586 3707 1835 3776; x_wconf 88' lang='lat' dir='ltr'>convenientes</span> <span class='ocrx_word' id='word_1_418' title='bbox 1856 3710 1928 3800; x_wconf 89' lang='lat' dir='ltr'>legi</span> <span class='ocrx_word' id='word_1_419' title='bbox 1946 3713 2030 3783; x_wconf 86' lang='lat' dir='ltr'>Dei.</span> <span class='ocrx_word' id='word_1_420' title='bbox 2063 3713 2131 3782; x_wconf 82' lang='lat' dir='ltr'>ldco</span> 
     </span>
    </p>

    <p class='ocr_par' dir='ltr' id='par_1_15' title="bbox 28 3779 2133 4000">
     <span class='ocr_line' id='line_1_37' title="bbox 28 3779 2133 3890; baseline 0.03 -62"><span class='ocrx_word' id='word_1_421' title='bbox 28 3789 31 3796; x_wconf 51' lang='lat'>*</span> <span class='ocrx_word' id='word_1_422' title='bbox 123 3813 247 3859; x_wconf 65' lang='lat' dir='ltr'>,emm</span> <span class='ocrx_word' id='word_1_423' title='bbox 262 3785 432 3864; x_wconf 72' lang='lat' dir='ltr'>iudicate,</span> <span class='ocrx_word' id='word_1_424' title='bbox 454 3792 487 3848; x_wconf 92' lang='lat' dir='ltr'>et</span> <span class='ocrx_word' id='word_1_425' title='bbox 504 3781 781 3847; x_wconf 77' lang='lat' dir='ltr'>miscricordiam</span> <span class='ocrx_word' id='word_1_426' title='bbox 796 3779 912 3854; x_wconf 79' lang='lat' dir='ltr'>facite.</span> <span class='ocrx_word' id='word_1_427' title='bbox 1160 3791 1338 3888; x_wconf 87' lang='lat' dir='ltr'>Propheta</span> <span class='ocrx_word' id='word_1_428' title='bbox 1355 3799 1508 3889; x_wconf 89' lang='lat' dir='ltr'>primum</span> <span class='ocrx_word' id='word_1_429' title='bbox 1531 3805 1576 3870; x_wconf 94' lang='lat' dir='ltr'>de</span> <span class='ocrx_word' id='word_1_430' title='bbox 1602 3804 1763 3876; x_wconf 87' lang='lat' dir='ltr'>interiori</span> <span class='ocrx_word' id='word_1_431' title='bbox 1782 3823 1884 3880; x_wconf 90' lang='lat' dir='ltr'>motu</span> <span class='ocrx_word' id='word_1_432' title='bbox 1907 3816 2133 3890; x_wconf 69' lang='lat' dir='ltr'>concionatur,</span> 
     </span>
     <span class='ocr_line' id='line_1_38' title="bbox 224 3896 2131 4000; baseline 0.016 -47"><span class='ocrx_word' id='word_1_433' title='bbox 224 3902 409 3980; x_wconf 63' lang='lat' dir='ltr'>secundo,</span> <span class='ocrx_word' id='word_1_434' title='bbox 443 3896 482 3963; x_wconf 93' lang='lat' dir='ltr'>in</span> <span class='ocrx_word' id='word_1_435' title='bbox 510 3896 672 3964; x_wconf 89' lang='lat' dir='ltr'>doctrina</span> <span class='ocrx_word' id='word_1_436' title='bbox 707 3920 856 3987; x_wconf 89' lang='lat' dir='ltr'>opernm</span> <span class='ocrx_word' id='word_1_437' title='bbox 886 3921 1025 3968; x_wconf 91' lang='lat' dir='ltr'>necesse</span> <span class='ocrx_word' id='word_1_438' title='bbox 1058 3912 1110 3968; x_wconf 86' lang='lat' dir='ltr'>est</span> <span class='ocrx_word' id='word_1_439' title='bbox 1163 3900 1226 3990; x_wconf 91' lang='lat' dir='ltr'>qui</span> <span class='ocrx_word' id='word_1_440' title='bbox 1246 3923 1319 3968; x_wconf 93' lang='lat' dir='ltr'>non</span> <span class='ocrx_word' id='word_1_441' title='bbox 1342 3913 1394 3970; x_wconf 92' lang='lat' dir='ltr'>est</span> <span class='ocrx_word' id='word_1_442' title='bbox 1413 3900 1451 3968; x_wconf 91' lang='lat' dir='ltr'>in</span> <span class='ocrx_word' id='word_1_443' title='bbox 1476 3902 1614 3993; x_wconf 88' lang='lat' dir='ltr'>impiis,</span> <span class='ocrx_word' id='word_1_444' title='bbox 1639 3921 1700 3977; x_wconf 87' lang='lat' dir='ltr'>aut</span> <span class='ocrx_word' id='word_1_445' title='bbox 1718 3909 1823 4000; x_wconf 92' lang='lat' dir='ltr'>longe</span> <span class='ocrx_word' id='word_1_446' title='bbox 1840 3913 2031 3985; x_wconf 91' lang='lat' dir='ltr'>dissimilis</span> <span class='ocrx_word' id='word_1_447' title='bbox 2044 3917 2131 3985; x_wconf 89' lang='lat' dir='ltr'>mise·</span> 
     </span>
    </p>

    <p class='ocr_par' dir='ltr' id='par_1_16' title="bbox 122 3995 1503 4100">
     <span class='ocr_line' id='line_1_39' title="bbox 122 3995 1503 4100; baseline -0.003 -20"><span class='ocrx_word' id='word_1_448' title='bbox 122 4031 261 4100; x_wconf 89' lang='lat' dir='ltr'>semper</span> <span class='ocrx_word' id='word_1_449' title='bbox 276 4001 360 4072; x_wconf 90' lang='lat' dir='ltr'>addi</span> <span class='ocrx_word' id='word_1_450' title='bbox 373 3996 571 4068; x_wconf 88' lang='lat' dir='ltr'>doctrinam</span> <span class='ocrx_word' id='word_1_451' title='bbox 586 4001 630 4065; x_wconf 90' lang='lat' dir='ltr'>de</span> <span class='ocrx_word' id='word_1_452' title='bbox 645 3996 730 4079; x_wconf 88' lang='lat' dir='ltr'>fide,</span> <span class='ocrx_word' id='word_1_453' title='bbox 745 3997 829 4088; x_wconf 91' lang='lat' dir='ltr'>quia</span> <span class='ocrx_word' id='word_1_454' title='bbox 845 3998 900 4067; x_wconf 81' lang='lat' dir='ltr'>lex</span> <span class='ocrx_word' id='word_1_455' title='bbox 917 3995 1107 4068; x_wconf 89' lang='lat' dir='ltr'>sineChri-</span> <span class='ocrx_word' id='word_1_456' title='bbox 1161 4000 1334 4068; x_wconf 89' lang='lat' dir='ltr'>ricordiae</span> <span class='ocrx_word' id='word_1_457' title='bbox 1352 4002 1503 4091; x_wconf 82' lang='lat' dir='ltr'>piorum.</span> 
     </span>
    </p>
   </div>
   <div class='ocr_carea' id='block_1_11' title="bbox 122 4093 2133 4223">
    <p class='ocr_par' dir='ltr' id='par_1_17' title="bbox 122 4093 2133 4223">
     <span class='ocr_line' id='line_1_40' title="bbox 122 4093 2133 4223; baseline 0.011 -41"><span class='ocrx_word' id='word_1_458' title='bbox 122 4127 175 4182; x_wconf 91' lang='lat' dir='ltr'>sto</span> <span class='ocrx_word' id='word_1_459' title='bbox 189 4133 264 4179; x_wconf 90' lang='lat' dir='ltr'>non</span> <span class='ocrx_word' id='word_1_460' title='bbox 281 4105 434 4198; x_wconf 74' lang='lat' dir='ltr'>prodest·</span> <span class='ocrx_word' id='word_1_461' title='bbox 484 4093 532 4167; x_wconf 71' lang='lat' dir='ltr'>El</span> <span class='ocrx_word' id='word_1_462' title='bbox 551 4096 1108 4186; x_wconf 63' lang='lat' dir='ltr'>Palm⁸⁶i²b³¹¹¹¹¹⁰¹²⁵³ll⁵fleri</span> <span class='ocrx_word' id='word_1_463' title='bbox 1264 4114 1444 4190; x_wconf 86' lang='lat' dir='ltr'>Differunt</span> <span class='ocrx_word' id='word_1_464' title='bbox 1473 4123 1568 4190; x_wconf 91' lang='lat' dir='ltr'>enim</span> <span class='ocrx_word' id='word_1_465' title='bbox 1598 4139 1714 4195; x_wconf 90' lang='lat' dir='ltr'>motus</span> <span class='ocrx_word' id='word_1_466' title='bbox 1742 4129 1797 4197; x_wconf 90' lang='lat' dir='ltr'>illi</span> <span class='ocrx_word' id='word_1_467' title='bbox 1827 4133 2032 4223; x_wconf 90' lang='lat' dir='ltr'>tripliciter.</span> <span class='ocrx_word' id='word_1_468' title='bbox 2069 4134 2133 4204; x_wconf 88' lang='lat' dir='ltr'>Pri·</span> 
     </span>
    </p>
   </div>
   <div class='ocr_carea' id='block_1_12' title="bbox 121 4197 2134 4323">
    <p class='ocr_par' dir='ltr' id='par_1_18' title="bbox 121 4197 2134 4323">
     <span class='ocr_line' id='line_1_41' title="bbox 121 4197 2134 4323; baseline 0.013 -42"><span class='ocrx_word' id='word_1_469' title='bbox 121 4214 209 4304; x_wconf 89' lang='lat' dir='ltr'>legi,</span> <span class='ocrx_word' id='word_1_470' title='bbox 236 4232 300 4278; x_wconf 89' lang='lat' dir='ltr'>nec</span> <span class='ocrx_word' id='word_1_471' title='bbox 324 4207 461 4298; x_wconf 88' lang='lat' dir='ltr'>placere</span> <span class='ocrx_word' id='word_1_472' title='bbox 481 4221 607 4290; x_wconf 91' lang='lat' dir='ltr'>opera,</span> <span class='ocrx_word' id='word_1_473' title='bbox 641 4197 711 4267; x_wconf 92' lang='lat' dir='ltr'>nisi</span> <span class='ocrx_word' id='word_1_474' title='bbox 736 4200 819 4291; x_wconf 89' lang='lat' dir='ltr'>quia</span> <span class='ocrx_word' id='word_1_475' title='bbox 840 4202 971 4292; x_wconf 83' lang='lat' dir='ltr'>recepti</span> <span class='ocrx_word' id='word_1_476' title='bbox 994 4216 1110 4273; x_wconf 73' lang='lat' dir='ltr'>essent</span> <span class='ocrx_word' id='word_1_477' title='bbox 1162 4242 1259 4287; x_wconf 87' lang='lat' dir='ltr'>mum</span> <span class='ocrx_word' id='word_1_478' title='bbox 1285 4221 1374 4307; x_wconf 85' lang='lat' dir='ltr'>fine,</span> <span class='ocrx_word' id='word_1_479' title='bbox 1400 4235 1441 4291; x_wconf 92' lang='lat' dir='ltr'>ut</span> <span class='ocrx_word' id='word_1_480' title='bbox 1461 4223 1661 4313; x_wconf 86' lang='lat' dir='ltr'>Augustus,</span> <span class='ocrx_word' id='word_1_481' title='bbox 1688 4232 1752 4299; x_wconf 91' lang='lat' dir='ltr'>etsi</span> <span class='ocrx_word' id='word_1_482' title='bbox 1773 4244 1824 4300; x_wconf 89' lang='lat' dir='ltr'>est</span> <span class='ocrx_word' id='word_1_483' title='bbox 1848 4237 2072 4323; x_wconf 86' lang='lat' dir='ltr'>moderatus,</span> <span class='ocrx_word' id='word_1_484' title='bbox 2093 4252 2134 4308; x_wconf 89' lang='lat' dir='ltr'>ta·</span> 
     </span>
    </p>
   </div>
   <div class='ocr_carea' id='block_1_13' title="bbox 121 4302 2133 4513">
    <p class='ocr_par' dir='ltr' id='par_1_19' title="bbox 121 4302 2133 4513">
     <span class='ocr_line' id='line_1_42' title="bbox 122 4302 2133 4426; baseline 0.012 -45"><span class='ocrx_word' id='word_1_485' title='bbox 122 4339 185 4407; x_wconf 86' lang='lat' dir='ltr'>per</span> <span class='ocrx_word' id='word_1_486' title='bbox 207 4305 509 4422; x_wconf 67' lang='lat' dir='ltr'>misericord{³m‚</span> <span class='ocrx_word' id='word_1_487' title='bbox 535 4313 681 4391; x_wconf 67' lang='grc' dir='ltr'>ΡῑῡΡῑθῑ</span> <span class='ocrx_word' id='word_1_488' title='bbox 702 4302 966 4421; x_wconf 53' lang='grc' dir='ltr'>Ρΐθῐῦἱδδῑθῐξθδ·</span> <span class='ocrx_word' id='word_1_489' title='bbox 1022 4303 1107 4375; x_wconf 69' lang='grc' dir='ltr'>Ῑᾶθῠ</span> <span class='ocrx_word' id='word_1_490' title='bbox 1160 4344 1242 4388; x_wconf 91' lang='lat' dir='ltr'>men</span> <span class='ocrx_word' id='word_1_491' title='bbox 1268 4345 1342 4390; x_wconf 92' lang='lat' dir='ltr'>non</span> <span class='ocrx_word' id='word_1_492' title='bbox 1364 4323 1513 4392; x_wconf 87' lang='lat' dir='ltr'>afficitur</span> <span class='ocrx_word' id='word_1_493' title='bbox 1536 4327 1796 4423; x_wconf 86' lang='lat' dir='ltr'>misericordia,</span> <span class='ocrx_word' id='word_1_494' title='bbox 1828 4348 1867 4404; x_wconf 89' lang='lat' dir='ltr'>ut</span> <span class='ocrx_word' id='word_1_495' title='bbox 1890 4334 1970 4406; x_wconf 87' lang='lat' dir='ltr'>Deo</span> <span class='ocrx_word' id='word_1_496' title='bbox 1996 4338 2133 4426; x_wconf 86' lang='lat' dir='ltr'>obediat,</span> 
     </span>
     <span class='ocr_line' id='line_1_43' title="bbox 121 4407 1523 4513; baseline -0.006 -27"><span class='ocrx_word' id='word_1_497' title='bbox 121 4420 158 4486; x_wconf 93' lang='lat' dir='ltr'>in</span> <span class='ocrx_word' id='word_1_498' title='bbox 173 4410 242 4485; x_wconf 91' lang='lat' dir='ltr'>hoc</span> <span class='ocrx_word' id='word_1_499' title='bbox 254 4410 393 4480; x_wconf 89' lang='lat' dir='ltr'>Psalmo</span> <span class='ocrx_word' id='word_1_500' title='bbox 417 4418 650 4494; x_wconf 77' lang='lat' dir='ltr'>interspersae</span> <span class='ocrx_word' id='word_1_501' title='bbox 667 4417 750 4474; x_wconf 92' lang='lat' dir='ltr'>sunt</span> <span class='ocrx_word' id='word_1_502' title='bbox 769 4417 963 4477; x_wconf 80' lang='lat' dir='ltr'>sententiae</span> <span class='ocrx_word' id='word_1_503' title='bbox 979 4408 1023 4474; x_wconf 93' lang='lat' dir='ltr'>de</span> <span class='ocrx_word' id='word_1_504' title='bbox 1039 4407 1105 4475; x_wconf 90' lang='lat' dir='ltr'>mi·</span> <span class='ocrx_word' id='word_1_505' title='bbox 1160 4435 1194 4490; x_wconf 66' lang='lat' dir='ltr'>et</span> <span class='ocrx_word' id='word_1_506' title='bbox 1210 4420 1325 4492; x_wconf 66' lang='lat' dir='ltr'>Deum</span> <span class='ocrx_word' id='word_1_507' title='bbox 1342 4423 1523 4513; x_wconf 61' lang='lat' dir='ltr'>glorificet,</span> 
     </span>
    </p>
   </div>
   <div class='ocr_carea' id='block_1_14' title="bbox 122 4508 515 4607">
    <p class='ocr_par' dir='ltr' id='par_1_20' title="bbox 122 4508 515 4607">
     <span class='ocr_line' id='line_1_44' title="bbox 122 4508 515 4607; baseline -0.031 -20"><span class='ocrx_word' id='word_1_508' title='bbox 122 4514 312 4607; x_wconf 87' lang='lat' dir='ltr'>sericordia</span> <span class='ocrx_word' id='word_1_509' title='bbox 328 4523 362 4579; x_wconf 93' lang='lat' dir='ltr'>et</span> <span class='ocrx_word' id='word_1_510' title='bbox 376 4511 420 4577; x_wconf 93' lang='lat' dir='ltr'>de</span> <span class='ocrx_word' id='word_1_511' title='bbox 434 4508 515 4575; x_wconf 83' lang='lat' dir='ltr'>fide.</span> 
     </span>
    </p>
   </div>
   <div class='ocr_carea' id='block_1_15' title="bbox 174 1480 942 1585">
    <p class='ocr_par' dir='ltr' id='par_1_21' title="bbox 174 1480 942 1585">
     <span class='ocr_line' id='line_1_45' title="bbox 174 1480 942 1585; baseline -0.014 -17"><span class='ocrx_word' id='word_1_512' title='bbox 174 1494 276 1568; x_wconf 80' lang='lat' dir='ltr'>Bene</span> <span class='ocrx_word' id='word_1_513' title='bbox 290 1495 368 1564; x_wconf 78' lang='lat' dir='ltr'>viro</span> <span class='ocrx_word' id='word_1_514' title='bbox 384 1485 451 1585; x_wconf 82' lang='lat' dir='ltr'>qui</span> <span class='ocrx_word' id='word_1_515' title='bbox 463 1483 654 1555; x_wconf 79' lang='lat' dir='ltr'>miseretur</span> <span class='ocrx_word' id='word_1_516' title='bbox 671 1492 702 1553; x_wconf 81' lang='lat' dir='ltr'>el</span> <span class='ocrx_word' id='word_1_517' title='bbox 718 1492 846 1554; x_wconf 79' lang='lat' dir='ltr'>mutuo</span> <span class='ocrx_word' id='word_1_518' title='bbox 864 1480 942 1559; x_wconf 79' lang='lat' dir='ltr'>dal.</span> 
     </span>
    </p>
   </div>
   <div class='ocr_carea' id='block_1_16' title="bbox 223 4537 2135 4754">
    <p class='ocr_par' dir='ltr' id='par_1_22' title="bbox 223 4537 2135 4754">
     <span class='ocr_line' id='line_1_46' title="bbox 1261 4537 2135 4644; baseline 0.025 -36"><span class='ocrx_word' id='word_1_519' title='bbox 1261 4537 1426 4610; x_wconf 89' lang='lat' dir='ltr'>Secundo</span> <span class='ocrx_word' id='word_1_520' title='bbox 1444 4543 1608 4629; x_wconf 87' lang='lat' dir='ltr'>obiectis,</span> <span class='ocrx_word' id='word_1_521' title='bbox 1635 4550 1718 4641; x_wconf 86' lang='lat' dir='ltr'>quia</span> <span class='ocrx_word' id='word_1_522' title='bbox 1736 4550 1930 4644; x_wconf 90' lang='lat' dir='ltr'>impiorum</span> <span class='ocrx_word' id='word_1_523' title='bbox 1949 4561 2135 4632; x_wconf 89' lang='lat' dir='ltr'>misericor·</span> 
     </span>
     <span class='ocr_line' id='line_1_47' title="bbox 223 4636 2135 4754; baseline 0.021 -63"><span class='ocrx_word' id='word_1_524' title='bbox 223 4649 281 4718; x_wconf 59' lang='lat' dir='ltr'>gie</span> <span class='ocrx_word' id='word_1_525' title='bbox 304 4645 412 4734; x_wconf 60' lang='lat' dir='ltr'>igitur</span> <span class='ocrx_word' id='word_1_526' title='bbox 442 4638 660 4727; x_wconf 80' lang='lat' dir='ltr'>intelligatur</span> <span class='ocrx_word' id='word_1_527' title='bbox 687 4637 828 4708; x_wconf 89' lang='lat' dir='ltr'>concio:</span> <span class='ocrx_word' id='word_1_528' title='bbox 868 4636 1014 4722; x_wconf 89' lang='lat' dir='ltr'>Beatus,</span> <span class='ocrx_word' id='word_1_529' title='bbox 1045 4642 1108 4733; x_wconf 89' lang='lat' dir='ltr'>qui</span> <span class='ocrx_word' id='word_1_530' title='bbox 1160 4639 1217 4708; x_wconf 92' lang='lat' dir='ltr'>dia</span> <span class='ocrx_word' id='word_1_531' title='bbox 1234 4643 1416 4729; x_wconf 88' lang='lat' dir='ltr'>angustior</span> <span class='ocrx_word' id='word_1_532' title='bbox 1431 4657 1501 4727; x_wconf 90' lang='lat' dir='ltr'>est,</span> <span class='ocrx_word' id='word_1_533' title='bbox 1530 4670 1634 4737; x_wconf 88' lang='lat' dir='ltr'>quam</span> <span class='ocrx_word' id='word_1_534' title='bbox 1654 4651 1816 4739; x_wconf 92' lang='lat' dir='ltr'>piorum,</span> <span class='ocrx_word' id='word_1_535' title='bbox 1842 4669 1989 4729; x_wconf 91' lang='lat' dir='ltr'>tantum</span> <span class='ocrx_word' id='word_1_536' title='bbox 2008 4665 2135 4754; x_wconf 89' lang='lat' dir='ltr'>ergail-</span> 
     </span>
    </p>
   </div>
   <div class='ocr_carea' id='block_1_17' title="bbox 117 4736 2135 5452">
    <p class='ocr_par' dir='ltr' id='par_1_23' title="bbox 117 4736 2135 5452">
     <span class='ocr_line' id='line_1_48' title="bbox 122 4736 2135 4846; baseline 0.007 -27"><span class='ocrx_word' id='word_1_537' title='bbox 122 4775 203 4822; x_wconf 83' lang='lat' dir='ltr'>vere</span> <span class='ocrx_word' id='word_1_538' title='bbox 217 4747 328 4817; x_wconf 88' lang='lat' dir='ltr'>credit</span> <span class='ocrx_word' id='word_1_539' title='bbox 345 4744 411 4813; x_wconf 89' lang='lat' dir='ltr'>sibi</span> <span class='ocrx_word' id='word_1_540' title='bbox 419 4740 534 4811; x_wconf 91' lang='lat' dir='ltr'>Deum</span> <span class='ocrx_word' id='word_1_541' title='bbox 547 4739 745 4830; x_wconf 91' lang='lat' dir='ltr'>propicium</span> <span class='ocrx_word' id='word_1_542' title='bbox 760 4762 834 4809; x_wconf 88' lang='lat' dir='ltr'>esse</span> <span class='ocrx_word' id='word_1_543' title='bbox 847 4736 1107 4831; x_wconf 89' lang='lat' dir='ltr'>propterChri-</span> <span class='ocrx_word' id='word_1_544' title='bbox 1159 4740 1213 4809; x_wconf 90' lang='lat' dir='ltr'>los</span> <span class='ocrx_word' id='word_1_545' title='bbox 1229 4744 1338 4811; x_wconf 85' lang='lat' dir='ltr'>exerit</span> <span class='ocrx_word' id='word_1_546' title='bbox 1352 4765 1389 4811; x_wconf 91' lang='lat' dir='ltr'>se</span> <span class='ocrx_word' id='word_1_547' title='bbox 1406 4769 1494 4835; x_wconf 91' lang='lat' dir='ltr'>quos</span> <span class='ocrx_word' id='word_1_548' title='bbox 1510 4750 1640 4817; x_wconf 86' lang='lat' dir='ltr'>carnali</span> <span class='ocrx_word' id='word_1_549' title='bbox 1658 4757 1765 4823; x_wconf 91' lang='lat' dir='ltr'>modo</span> <span class='ocrx_word' id='word_1_550' title='bbox 1782 4757 1951 4846; x_wconf 83' lang='lat' dir='ltr'>diligunt.</span> <span class='ocrx_word' id='word_1_551' title='bbox 2008 4764 2135 4838; x_wconf 85' lang='lat' dir='ltr'>UtSaul</span> 
     </span>
     <span class='ocr_line' id='line_1_49' title="bbox 121 4841 2135 4946; baseline 0.006 -25"><span class='ocrx_word' id='word_1_552' title='bbox 121 4867 232 4935; x_wconf 90' lang='lat' dir='ltr'>stum,</span> <span class='ocrx_word' id='word_1_553' title='bbox 265 4861 299 4917; x_wconf 91' lang='lat' dir='ltr'>et</span> <span class='ocrx_word' id='word_1_554' title='bbox 320 4845 385 4915; x_wconf 87' lang='lat' dir='ltr'>hac</span> <span class='ocrx_word' id='word_1_555' title='bbox 409 4846 476 4911; x_wconf 88' lang='lat' dir='ltr'>lide</span> <span class='ocrx_word' id='word_1_556' title='bbox 500 4863 693 4930; x_wconf 90' lang='lat' dir='ltr'>agnoscens</span> <span class='ocrx_word' id='word_1_557' title='bbox 724 4841 799 4910; x_wconf 89' lang='lat' dir='ltr'>eius</span> <span class='ocrx_word' id='word_1_558' title='bbox 827 4843 1105 4912; x_wconf 90' lang='lat' dir='ltr'>miscricordiam</span> <span class='ocrx_word' id='word_1_559' title='bbox 1158 4855 1210 4912; x_wconf 94' lang='lat' dir='ltr'>est</span> <span class='ocrx_word' id='word_1_560' title='bbox 1232 4843 1431 4913; x_wconf 88' lang='lat' dir='ltr'>misericors</span> <span class='ocrx_word' id='word_1_561' title='bbox 1453 4871 1532 4937; x_wconf 88' lang='lat' dir='ltr'>erga</span> <span class='ocrx_word' id='word_1_562' title='bbox 1555 4875 1652 4934; x_wconf 89' lang='lat' dir='ltr'>snos,</span> <span class='ocrx_word' id='word_1_563' title='bbox 1681 4858 1810 4946; x_wconf 89' lang='lat' dir='ltr'>quibus</span> <span class='ocrx_word' id='word_1_564' title='bbox 1833 4862 1926 4929; x_wconf 91' lang='lat' dir='ltr'>bene</span> <span class='ocrx_word' id='word_1_565' title='bbox 1946 4869 2039 4935; x_wconf 82' lang='lat' dir='ltr'>vult.</span> <span class='ocrx_word' id='word_1_566' title='bbox 2088 4866 2135 4935; x_wconf 89' lang='lat' dir='ltr'>ln-</span> 
     </span>
     <span class='ocr_line' id='line_1_50' title="bbox 121 4940 2135 5048; baseline 0.006 -24"><span class='ocrx_word' id='word_1_567' title='bbox 121 4953 247 5043; x_wconf 91' lang='lat' dir='ltr'>incipit</span> <span class='ocrx_word' id='word_1_568' title='bbox 271 4949 303 5017; x_wconf 89' lang='lat' dir='ltr'>ei</span> <span class='ocrx_word' id='word_1_569' title='bbox 326 4945 487 5025; x_wconf 87' lang='lat' dir='ltr'>obedire,</span> <span class='ocrx_word' id='word_1_570' title='bbox 514 4957 548 5011; x_wconf 89' lang='lat' dir='ltr'>et</span> <span class='ocrx_word' id='word_1_571' title='bbox 571 4952 716 5032; x_wconf 88' lang='lat' dir='ltr'>propter</span> <span class='ocrx_word' id='word_1_572' title='bbox 738 4940 847 5033; x_wconf 90' lang='lat' dir='ltr'>ipsius</span> <span class='ocrx_word' id='word_1_573' title='bbox 869 4943 1018 5030; x_wconf 88' lang='lat' dir='ltr'>gloriam</span> <span class='ocrx_word' id='word_1_574' title='bbox 1040 4946 1106 5013; x_wconf 87' lang='lat' dir='ltr'>ob-</span> <span class='ocrx_word' id='word_1_575' title='bbox 1149 4957 1250 5013; x_wconf 82' lang='lat' dir='ltr'>&#39;terea</span> <span class='ocrx_word' id='word_1_576' title='bbox 1267 4945 1369 5036; x_wconf 87' lang='lat' dir='ltr'>impii</span> <span class='ocrx_word' id='word_1_577' title='bbox 1394 4962 1479 5018; x_wconf 92' lang='lat' dir='ltr'>sunt</span> <span class='ocrx_word' id='word_1_578' title='bbox 1496 4953 1728 5024; x_wconf 88' lang='lat' dir='ltr'>crudelissimi</span> <span class='ocrx_word' id='word_1_579' title='bbox 1750 4982 1829 5048; x_wconf 91' lang='lat' dir='ltr'>erga</span> <span class='ocrx_word' id='word_1_580' title='bbox 1846 4987 1929 5031; x_wconf 82' lang='lat' dir='ltr'>vere</span> <span class='ocrx_word' id='word_1_581' title='bbox 1946 4969 2135 5040; x_wconf 85' lang='lat' dir='ltr'>afflictoset</span> 
     </span>
     <span class='ocr_line' id='line_1_51' title="bbox 120 5038 2135 5163; baseline 0.022 -70"><span class='ocrx_word' id='word_1_582' title='bbox 120 5065 312 5146; x_wconf 56' lang='lat' dir='ltr'>temperat,</span> <span class='ocrx_word' id='word_1_583' title='bbox 338 5060 371 5118; x_wconf 68' lang='lat' dir='ltr'>et</span> <span class='ocrx_word' id='word_1_584' title='bbox 396 5046 508 5116; x_wconf 65' lang='lat' dir='ltr'>credit</span> <span class='ocrx_word' id='word_1_585' title='bbox 531 5044 564 5113; x_wconf 84' lang='lat' dir='ltr'>ei</span> <span class='ocrx_word' id='word_1_586' title='bbox 585 5042 723 5132; x_wconf 91' lang='lat' dir='ltr'>placere</span> <span class='ocrx_word' id='word_1_587' title='bbox 746 5038 838 5113; x_wconf 92' lang='lat' dir='ltr'>hanc</span> <span class='ocrx_word' id='word_1_588' title='bbox 852 5045 1105 5131; x_wconf 87' lang='lat' dir='ltr'>obedientiam,</span> <span class='ocrx_word' id='word_1_589' title='bbox 1158 5045 1398 5134; x_wconf 85' lang='lat' dir='ltr'>calamitosos,</span> <span class='ocrx_word' id='word_1_590' title='bbox 1431 5075 1518 5143; x_wconf 87' lang='lat' dir='ltr'>quos</span> <span class='ocrx_word' id='word_1_591' title='bbox 1549 5053 1644 5123; x_wconf 89' lang='lat' dir='ltr'>Deus</span> <span class='ocrx_word' id='word_1_592' title='bbox 1675 5061 1860 5151; x_wconf 86' lang='lat' dir='ltr'>praecipue</span> <span class='ocrx_word' id='word_1_593' title='bbox 1896 5069 1977 5138; x_wconf 86' lang='lat' dir='ltr'>vult</span> <span class='ocrx_word' id='word_1_594' title='bbox 2008 5070 2135 5163; x_wconf 87' lang='lat' dir='ltr'>respici,</span> 
     </span>
     <span class='ocr_line' id='line_1_52' title="bbox 119 5143 2135 5249; baseline 0.005 -21"><span class='ocrx_word' id='word_1_595' title='bbox 119 5182 195 5228; x_wconf 92' lang='lat' dir='ltr'>non</span> <span class='ocrx_word' id='word_1_596' title='bbox 213 5155 294 5249; x_wconf 91' lang='lat' dir='ltr'>quia</span> <span class='ocrx_word' id='word_1_597' title='bbox 310 5150 356 5220; x_wconf 89' lang='lat' dir='ltr'>sit</span> <span class='ocrx_word' id='word_1_598' title='bbox 372 5147 544 5239; x_wconf 86' lang='lat' dir='ltr'>perfecta,</span> <span class='ocrx_word' id='word_1_599' title='bbox 570 5145 632 5213; x_wconf 89' lang='lat' dir='ltr'>sed</span> <span class='ocrx_word' id='word_1_600' title='bbox 654 5144 880 5237; x_wconf 78' lang='lat' dir='ltr'>quia‘sumus</span> <span class='ocrx_word' id='word_1_601' title='bbox 896 5147 1026 5237; x_wconf 87' lang='lat' dir='ltr'>recepti</span> <span class='ocrx_word' id='word_1_602' title='bbox 1043 5171 1106 5238; x_wconf 86' lang='lat' dir='ltr'>per</span> <span class='ocrx_word' id='word_1_603' title='bbox 1156 5146 1247 5216; x_wconf 89' lang='lat' dir='ltr'>sicut</span> <span class='ocrx_word' id='word_1_604' title='bbox 1271 5143 1473 5241; x_wconf 83' lang='lat' dir='ltr'>hypocritae</span> <span class='ocrx_word' id='word_1_605' title='bbox 1496 5154 1687 5228; x_wconf 89' lang='lat' dir='ltr'>immanem</span> <span class='ocrx_word' id='word_1_606' title='bbox 1703 5164 1887 5234; x_wconf 86' lang='lat' dir='ltr'>saevitiam</span> <span class='ocrx_word' id='word_1_607' title='bbox 1916 5184 2135 5242; x_wconf 85' lang='lat' dir='ltr'>exercuerunt</span> 
     </span>
     <span class='ocr_line' id='line_1_53' title="bbox 117 5246 2134 5362; baseline 0.021 -61"><span class='ocrx_word' id='word_1_608' title='bbox 117 5253 416 5342; x_wconf 55' lang='lat' dir='ltr'>misericordiam,</span> <span class='ocrx_word' id='word_1_609' title='bbox 444 5259 588 5339; x_wconf 88' lang='lat' dir='ltr'>propter</span> <span class='ocrx_word' id='word_1_610' title='bbox 603 5246 835 5316; x_wconf 87' lang='lat' dir='ltr'>mediatorem</span> <span class='ocrx_word' id='word_1_611' title='bbox 852 5260 886 5318; x_wconf 89' lang='lat' dir='ltr'>et</span> <span class='ocrx_word' id='word_1_612' title='bbox 902 5249 1103 5338; x_wconf 85' lang='lat' dir='ltr'>pontificem</span> <span class='ocrx_word' id='word_1_613' title='bbox 1157 5271 1238 5338; x_wconf 88' lang='lat' dir='ltr'>erga</span> <span class='ocrx_word' id='word_1_614' title='bbox 1272 5248 1484 5339; x_wconf 85' lang='lat' dir='ltr'>Ecclesiam,</span> <span class='ocrx_word' id='word_1_615' title='bbox 1517 5280 1597 5348; x_wconf 88' lang='lat' dir='ltr'>erga</span> <span class='ocrx_word' id='word_1_616' title='bbox 1633 5257 1849 5354; x_wconf 89' lang='lat' dir='ltr'>Prophetas,</span> <span class='ocrx_word' id='word_1_617' title='bbox 1888 5269 2082 5362; x_wconf 87' lang='lat' dir='ltr'>Apostolos</span> <span class='ocrx_word' id='word_1_618' title='bbox 2108 5286 2134 5342; x_wconf 87' lang='lat' dir='ltr'>et</span> 
     </span>
     <span class='ocr_line' id='line_1_54' title="bbox 118 5345 1757 5452; baseline 0.017 -42"><span class='ocrx_word' id='word_1_619' title='bbox 118 5363 224 5433; x_wconf 66' lang='lat' dir='ltr'>nobi,</span> <span class='ocrx_word' id='word_1_620' title='bbox 245 5361 289 5430; x_wconf 56' lang='lat' dir='ltr'>ab</span> <span class='ocrx_word' id='word_1_621' title='bbox 315 5357 391 5447; x_wconf 84' lang='lat' dir='ltr'>ipso</span> <span class='ocrx_word' id='word_1_622' title='bbox 423 5353 607 5421; x_wconf 90' lang='lat' dir='ltr'>donatum.</span> <span class='ocrx_word' id='word_1_623' title='bbox 669 5345 766 5418; x_wconf 87' lang='lat' dir='ltr'>Haec</span> <span class='ocrx_word' id='word_1_624' title='bbox 791 5349 951 5422; x_wconf 90' lang='lat' dir='ltr'>doctrina</span> <span class='ocrx_word' id='word_1_625' title='bbox 974 5347 1103 5421; x_wconf 86' lang='lat' dir='ltr'>itemm</span> <span class='ocrx_word' id='word_1_626' title='bbox 1156 5375 1280 5422; x_wconf 89' lang='lat' dir='ltr'>omnes</span> <span class='ocrx_word' id='word_1_627' title='bbox 1297 5355 1499 5443; x_wconf 88' lang='lat' dir='ltr'>profitentes</span> <span class='ocrx_word' id='word_1_628' title='bbox 1514 5355 1757 5452; x_wconf 86' lang='lat' dir='ltr'>Evangelium.</span> 
     </span>
    </p>
   </div>
   <div class='ocr_carea' id='block_1_18' title="bbox 0 0 2274 5750">
    <p class='ocr_par' dir='ltr' id='par_1_24' title="bbox 0 0 2274 5750">
     <span class='ocr_line' id='line_1_55' title="bbox 0 0 2274 5750; baseline 0 0"><span class='ocrx_word' id='word_1_629' title='bbox 0 0 2274 5750; x_wconf 95' lang='lat' dir='ltr'> </span> 
     </span>
    </p>
   </div>
  </div>
 </body>
</html>
