4538 5754
130 126 204 199 sn
599 174 603 179 .
744 118 790 194 v.
823 112 1171 194 ‚aroannam
1203 105 1542 189 nunnorrms.
1617 166 1624 179 x
1806 103 1809 109 ’
2086 118 2202 193 aas

132 294 289 366 tationes
307 294 398 364 esse?
423 291 587 363 Medicus
601 311 704 382 saepe
719 271 1010 372 ususZinzibere‚
1035 312 1127 359 sem-
1175 284 1260 354 teris
1275 284 1472 375 speciebus.
1522 281 1756 376 syllogismus
1769 308 1790 355 a
1804 307 1932 375 genere
1945 287 2022 356 ads
2069 286 2159 359 ciem
2248 350 2253 360 ,

131 420 197 486 per
214 396 388 486 comperit
403 394 555 465 calefieri
576 386 834 475 ventriculum,
859 395 944 462 iude
961 414 1124 485 pronun·
1175 385 1355 477 procedit,
1392 386 1447 454 vel
1481 399 1623 455 econtra
1656 380 1881 480 enthymema
1913 310 2157 482 syllogffirum

132 498 203 567 ciat
220 500 265 566 de
281 510 355 566 1012
370 496 496 587 specie,
514 495 689 562 zinzibero
706 494 857 563 calefieri
874 495 1122 564 ventriculum.
1174 488 1353 583 imitatur,
1380 501 1414 557 et
1429 490 1468 556 in
1484 489 1713 557 antecedente
1727 488 1852 560 recitat
1872 490 1992 562 αἴτιον
2012 492 2158 584 aliquod

132 596 225 668 Cum
242 612 359 668 autem
384 593 470 667 haec
494 596 753 684 argumentatio
775 596 813 664 iu
837 595 1052 687 experientia
1077 595 1120 663 sit
1174 589 1422 660 conclusionis.
1463 586 1627 659 Inductio
1644 613 1685 657 ex
1701 588 1909 661 collectione
1922 591 2156 682 singularium

133 701 239 768 obvia
257 701 423 768 omnibns
446 699 541 767 sanis
568 711 602 767 et
630 696 731 766 valde
753 698 920 782 illustris,
946 699 1121 767 Aristote-
1173 690 1304 760 extruit
1319 689 1566 762 universalem·
1613 687 1753 759 Horum
1771 686 1863 761 nihil
1878 694 1916 764 fit
1930 695 1969 763 in
1985 696 2156 786 exemplo·

132 803 182 870 les
206 801 342 893 inquit,
376 799 620 893 syllogismum
654 799 799 890 quidem
820 799 1011 868 firmiorem
1037 821 1120 881 esse,
1173 790 1242 860 Sed
1266 791 1357 859 nlius
1380 806 1528 863 eventu!
1553 806 1739 873 narratur,
1772 816 1887 887 aquo
1914 795 2086 867 transitur
2109 798 2153 866 ad

131 905 190 973 sed
209 902 453 995 inductionem
469 900 574 968 nohis
590 900 785 969 faciliorem
804 924 897 986 esse,
918 926 957 970 ac
971 901 1118 970 celerius
1170 892 1333 962 Similem·
1361 892 1433 962 Nec
1451 918 1533 962 vern
1549 895 1680 964 valeret
1695 897 1955 988 consequentia,
1969 897 2039 965 nisi
2054 919 2155 966 mens

131 1004 257 1095 arripi,
312 1001 465 1094 {deoque
487 1002 697 1070 nominatur
718 1001 901 1085 inductio,
928 1003 1009 1095 quia
1033 1003 1115 1071 suh.
1169 994 1277 1062 simul
1309 995 1483 1064 rationem
1518 996 1676 1088 ¹aliquam
1720 996 1951 1068 connexionis
1983 1012 2154 1075 cerneret.

130 1108 215 1174 inde
232 1104 334 1195 plura
351 1103 542 1192 singularia
560 1116 762 1172 monstrans
778 1105 916 1173 inducit
931 1118 967 1174 ct
989 1104 1115 1173 invitat
1169 1091 1315 1166 Accedit
1325 1096 1434 1185 igitur
1453 1095 1549 1167 velut
1563 1098 1653 1166 ratio
1671 1100 1943 1190 consequentiae
1957 1095 2041 1169 haec
2056 1124 2152 1169 com-

130 1220 287 1275 mentem
298 1260 307 1287 ‚
333 1219 372 1274 ut
388 1205 582 1273 universali
599 1205 822 1274 conclusioni
837 1228 910 1274 non
933 1218 1116 1296 repugnet,
1168 1197 1287 1265 munis
1303 1200 1494 1268 sententia:
1522 1195 1576 1268 De
1596 1196 1772 1268 similibus
1787 1200 1880 1269 idem
1901 1214 1952 1271 esi
1968 1190 2152 1278 iudicium.
2235 1250 2241 1255 ·

129 1306 203 1378 Cur
217 1305 347 1375 addis?
371 1301 463 1399 (Nee
477 1319 593 1396 potest
608 1306 780 1375 dissimile
796 1303 994 1397 exemplum
1015 1331 1116 1398 repe·
1167 1294 1215 1367 Ei
1237 1295 1300 1368 hac
1323 1292 1636 1391 circumspectione
1664 1313 1698 1370 ei
1721 1301 1903 1392 diligentia
1928 1305 1967 1370 in
1984 1303 2152 1395 exemplis

128 1406 228 1503 riri.)
282 1406 376 1496 Quia
400 1422 440 1478 ut
463 1407 675 1476 uniuersalis
696 1431 778 1478 vera
799 1409 865 1493 sit,
899 1431 1039 1478 necesse
1064 1422 1115 1479 est
1167 1398 1367 1469 iudicandis
1383 1424 1520 1492 Semper
1537 1426 1626 1493 ⁰P1¹⁸
1646 1415 1714 1488 ⁰⁸1,
1740 1417 1779 1473 ¹¹²
1801 1419 2008 1498 quaeratur,
2035 1428 2080 1473 ³1¹
2106 1405 2151 1476 iii

129 1533 324 1599 congruere
340 1532 463 1577 omnes
477 1509 686 1597 singulares.
738 1506 890 1580 Etcum
914 1511 1111 1600 exemplum
1166 1500 1292 1571 similis
1316 1503 1354 1570 in
1379 1516 1532 1595 utroque
1557 1504 1667 1582 ratio,
1694 1527 1739 1572 an
1764 1528 1845 1575 vere
1872 1520 2068 1595 congruant
2089 1530 2149 1577 ex·
2244 1550 2247 1556 ,

128 1612 303 1681 dissimile
325 1610 548 1679 antecedenti
567 1605 763 1701 profertur,
792 1613 888 1704 quod
912 1625 1029 1681 tamen
1053 1635 1113 1680 vc·
1146 1603 1292 1694 ¹empta.
1345 1603 1456 1696 Saepe
1479 1605 1574 1672 enim
1597 1605 1824 1697 decipiuntur
1847 1603 2009 1677 homines
2035 1607 2149 1700 specie

127 1738 206 1783 rum
234 1725 288 1793 est
312 1724 345 1781 et
369 1713 576 1802 probatum,
599 1735 673 1780 non
692 1713 881 1797 viciosum,
907 1713 1112 1784 labefactata
1164 1704 1430 1790 similitudinis,
1468 1730 1548 1775 cum
1580 1708 1699 1800 aliqua
1730 1709 1815 1778 lacti
1846 1734 1948 1780 causa
1972 1709 2148 1780 infinitam

129 1831 180 1886 est
202 1813 378 1883 inductio.
430 1811 490 1882 Sic
520 1812 631 1900 igitur
654 1814 855 1885 refutantur
887 1815 1112 1885 inductiones
1164 1807 1491 1876 dissimilitudinem
1507 1807 1621 1879 'efficit
1648 1807 1741 1878 Sunt
1755 1810 1862 1900 igitur
1877 1813 2034 1904 exempta
2051 1836 2148 1881 com·

127 1916 264 2007 prolato
289 1913 455 1985 dissimili
474 1915 651 2005 exemplo,
676 1938 753 1996 seu,
779 1931 819 1987 ut
845 1915 951 2006 vulgo
975 1917 1111 1998 dicunt,
1165 1909 1441 1977 monelactiones
1474 1911 1519 1977 de
1552 1909 1672 2003 aliqua
1692 1910 1887 1981 universali
1909 1915 2049 2004 regula,
2083 1937 2146 1983 seu

127 2022 206 2089 daza
222 2016 411 2098 instantia,
437 2030 490 2085 ut:
573 2045 601 2085 ν,
1164 2010 1256 2100 lege,
1282 2035 1372 2103 quae
1388 2010 1634 2101 complectitur
1650 2011 1801 2098 similia,
1828 2027 1884 2084 ut:

280 2114 499 2188 Athanasius
514 2117 582 2187 fuit
596 2119 751 2209 caelebs,
1317 2111 1473 2181 Maxime
1492 2135 1573 2204 pars
1592 2113 1729 2202 generis
1760 2109 1907 2184 humani
1937 2117 1976 2186 in
2007 2114 2144 2187 diluvio

281 2216 492 2287 Ambrosius
505 2219 573 2289 fuit
588 2221 742 2306 caelebs,
1365 2214 1472 2305 Periit
1487 2229 1632 2305 Pf⁰Pter
1648 2215 1833 2298 libidinem
1851 2258 1857 2270 ·
1952 2241 1954 2245 ’

280 2320 436 2391 Basilius
452 2320 521 2388 luit
532 2320 678 2407 caelebs,
697 2322 808 2393 etalii
823 2321 1110 2406 innumerabiles,
1315 2310 1411 2404 Ergo
1426 2328 1459 2384 et
1474 2331 1592 2406 postea
1608 2316 1686 2387 sine
1704 2319 1929 2390 dubitatione
1944 2323 2145 2412 puniuntur

282 2421 393 2511 igitur
411 2445 532 2490 omncs
547 2418 716 2514 Episcopi
730 2425 876 2495 luerunt
892 2425 1051 2496 caelibes.
1084 2439 1089 2455 ¹
1365 2418 1544 2493 libidines.

224 2521 417 2594 Relutatur
437 2519 504 2591 hoc
527 2525 652 2592 modo:
685 2523 782 2615 Nego
812 2527 1110 2618 consequentiam,
1264 2517 1371 2592 Ratio
1396 2523 1667 2614 consequentiae
1691 2537 1760 2610 est,
1792 2526 1875 2619 quia
1900 2525 1943 2594 de
1966 2525 2144 2596 similibus

132 2627 272 2698 stratio
294 2640 363 2708 est,
390 2624 473 2715 quia
497 2625 647 2712 proferri
673 2643 821 2714 possunt
841 2627 1026 2697 dissimilia
1049 2650 1108 2694 ex·
1161 2624 1257 2692 idem
1275 2636 1325 2691 est
1343 2622 1527 2695 iudicium.
1578 2622 1627 2696 Et
1644 2638 1758 2716 potest
1775 2627 2021 2696 transformari
2039 2650 2144 2717 argu-
2222 2714 2226 2725 ι

132 2729 239 2820 empla
258 2751 340 2796 vera
357 2741 391 2796 et
406 2726 571 2815 probata,
594 2742 632 2795 ut
649 2726 870 2819 Spiridonis,
896 2726 1107 2798 Nazianzeni
1161 2734 1318 2792 mentum
1339 2723 1377 2790 in
1394 2722 1659 2817 syllogismum,
1690 2727 1760 2812 ita,
1784 2724 1824 2799 ut
1839 2729 1913 2812 lex,
1936 2729 1975 2797 in
1996 2753 2065 2822 qua
2087 2730 2144 2797 in-

133 2831 235 2919 patris
252 2827 466 2922 Polycratis,
495 2829 556 2918 qui
571 2829 621 2898 ait
635 2852 671 2896 se
688 2845 850 2900 octavum
867 2853 941 2899 esse
960 2827 1109 2919 Episco-
1162 2840 1211 2896 est
1225 2826 1316 2894 ratio
1332 2825 1589 2910 similitudinis,
1608 2828 1654 2896 sit
1670 2829 1796 2900 maior.
1831 2828 1928 2899 Deus
1943 2854 2023 2899 cum
2042 2852 2143 2899 mens

133 2955 229 3021 pum,
262 2944 386 2999 natum
409 2954 451 2997 ea
476 2930 670 2999 maioribus
693 2927 892 3023 Episcopis.
943 2928 1107 3022 Denique
1160 2929 1206 2997 sit
1227 2940 1338 3007 casta,
1379 2941 1413 2997 et
1441 2927 1660 2998 severissime
1689 2932 1910 3023 praecipiens
1933 2933 2142 3015 castitatem,
2189 2954 2196 2971 ⁹

134 3033 307 3121 publicum
323 3045 357 3100 et
374 3031 561 3121 probatum
577 3054 710 3100 morem
727 3034 835 3103 fuisse
850 3030 1107 3103 veterisEcclc-
1160 3023 1383 3098 horribiliter
1404 3028 1567 3099 irascitur
1588 3025 1779 3124 prohibitis
1803 3032 2030 3104 libidinibus.
2083 3028 2142 3103 Ad

135 3134 195 3202 siae
209 3144 365 3217 constat,
389 3133 575 3200 admittere
589 3134 634 3199 ad
652 3158 786 3224 ¹munus
802 3133 973 3227 Episcopi
995 3130 1106 3204 hone·
1160 3127 1251 3201 hanc
1268 3131 1435 3199 maiorem
1452 3132 1694 3221 adiunguntur
1711 3149 1876 3221 eventus,
1902 3137 1964 3228 qui
1985 3150 2068 3207 sunt
2089 3149 2142 3204 te-

135 3249 195 3304 stos
207 3251 241 3306 et
256 3237 379 3302 doctos
394 3233 550 3306 maritos.
601 3231 766 3306 Deiectus
788 3252 906 3308 autem
928 3238 1107 3328 exemplo·
1159 3232 1328 3302 stimonia
1345 3227 1451 3302 huius
1469 3233 1571 3322 legis:
1598 3232 1800 3306 Declaravit
1814 3235 1910 3307 Deus
1926 3233 2017 3309 hane
2042 3261 2140 3308 suam

135 3360 202 3404 rum
227 3332 418 3418 habeatur,
454 3358 518 3404 nec
543 3335 855 3429 vitiosafexempla
880 3351 1108 3429 opponantur
1159 3336 1269 3420 iram,
1296 3358 1376 3402 cum
1393 3335 1528 3403 diluvio
1545 3340 1708 3428 perderet
1721 3339 1793 3409 fere
1811 3354 1924 3411 totum
1941 3363 2051 3430 genus
2071 3335 2141 3409 hu·

135 3440 299 3524 probatis,
325 3452 358 3506 et
377 3437 654 3524 congruentibus
670 3464 749 3508 cum
767 3463 848 3508 vera
861 3442 1019 3525 ratione,
1045 3462 1107 3509 seu
1159 3460 1322 3520 manum,
1349 3461 1429 3505 cum
1446 3437 1578 3508 deleret
1594 3437 1769 3520 Sodoma,
1794 3440 1958 3523 Sibarin,
1985 3437 2141 3512 Thebas.

133 3533 282 3609 honestis
298 3540 453 3627 legibus,
479 3552 518 3607 ut
533 3538 626 3609 inira
650 3565 773 3611 rursus
797 3544 841 3611 de
867 3543 1027 3634 exemplo
1049 3542 1123 3611 di-'
1159 3537 1212 3625 lta
1230 3537 1388 3628 exempla
1404 3550 1487 3608 sunt
1501 3542 1702 3610 testimonia
1718 3543 1875 3615 maioris.
1922 3540 1970 3615 Et
1987 3569 2066 3615 cum
2082 3544 2140 3612 in·

132 3653 231 3712 cetur.
1159 3654 1303 3711 currant
1319 3640 1357 3706 in
1372 3639 1504 3724 oculos,
1525 3643 1681 3712 multum
1695 3660 1840 3717 movent
1855 3641 2031 3739 homines,
2059 3648 2139 3717 ideo
2208 3690 2221 3714 ι

1108 3773 1115 3780 ·
1159 3742 1343 3834 peculiaris
1378 3741 1491 3810 forma
1525 3747 1797 3834 argumentandi
1828 3750 1913 3834 inde
1938 3755 2052 3824 sumta
2080 3764 2141 3818 cst.

457 3832 525 3914 De
555 3833 774 3938 Exemplo.
1159 3844 1327 3938 Sequitur
1344 3842 1478 3913 minor:

447 4018 455 4034 ,
870 3986 875 3997 ·
1309 3945 1421 4017 Fiunt
1435 3946 1601 4038 deinceps
1615 3947 1745 4025 similia
1760 3955 1905 4039 delicta,

109 4130 111 4133 ¹
386 4015 481 4101 omd
510 4023 566 4087 Μ
590 4011 836 4109 Exemplum?
979 4088 985 4097 ·
1311 4049 1518 4141 Sequuntur
1533 4072 1615 4139 ergo
1631 4065 1666 4124 et
1680 4057 1796 4127 tristes
1811 4080 1957 4148 poenae.

219 4143 432 4238 Exemplum
450 4150 632 4228 estlorma
649 4151 866 4240 argumenti,
891 4174 960 4243 qua
982 4151 1105 4240 singu·
1259 4150 1329 4221 Sed
1347 4151 1411 4220 ubi
1432 4145 1523 4221 ratio
1541 4152 1722 4228 dissimilis
1741 4172 1812 4242 est,
1838 4181 1912 4225 non
1934 4158 2027 4225 valet
2050 4179 2137 4225 con-

126 4249 191 4319 lare
217 4275 284 4341 per
304 4252 403 4320 atiud
419 4253 606 4346 singulare
628 4253 666 4320 in
689 4276 760 4321 una
783 4255 897 4342 specie
917 4253 1104 4322 confirma·
1155 4253 1358 4346 sequentia,
1384 4264 1439 4321 ut:

123 4374 217 4437 mus,
252 4366 398 4443 propter
417 4354 569 4422 similem
593 4355 779 4423 rationem.
832 4354 963 4426 Mirari
984 4368 1102 4427 autem
1307 4348 1490 4426 Abraham
1529 4372 1622 4429 recte
1662 4357 1745 4429 fecit
1788 4361 1911 4432 volens
1953 4361 2165 4432 immolare.

121 4451 280 4522 iuniores
294 4468 460 4543 possunt,
487 4479 596 4549 quare
609 4455 705 4524 inter
718 4457 851 4546 species
875 4471 1103 4548 argumenta·
1185 4519 1188 4527 .
1328 4457 1489 4543 tilium,
1583 4484 1586 4490 ⁴
2025 4489 2029 4498 ¹

118 4555 229 4625 tionis
248 4569 483 4648 numeretur,
510 4581 589 4626 cum
610 4557 704 4625 infra
731 4558 826 4628 inter
852 4560 949 4629 locos
977 4562 1101 4628 eodem
1306 4554 1403 4649 Ergo
1412 4555 1658 4649 Agamemnon
1673 4576 1766 4635 recte
1778 4565 1862 4637 fecit
1875 4562 2136 4659 mactatalphi·

118 4656 222 4730 titulo
239 4669 406 4748 ponatur,
432 4672 467 4728 et
482 4653 567 4728 hacc
580 4659 693 4729 forma
709 4660 872 4731 videatur
886 4661 1014 4730 similis
1024 4685 1101 4731 esse
1359 4663 1475 4750 genia.

117 4754 434 4856 enthymematum.
478 4757 548 4830 Sed
566 4761 750 4831 sciendum
767 4776 836 4847 est,
861 4788 941 4831 cum
956 4764 996 4831 in
1013 4763 1101 4833 locis
1255 4759 1352 4852 Nego
1370 4764 1678 4858 consequentiam,
1704 4781 1738 4839 et
1759 4771 1851 4842 ratio
1877 4784 1947 4852 est,
1973 4771 2056 4863 quia
2079 4798 2137 4842 ex·

118 4860 152 4932 iit
175 4861 312 4930 mentio
338 4861 509 4952 exempli,
534 4876 672 4933 tantum
695 4867 739 4932 de
760 4866 904 4935 materia
928 4864 1019 4946 dici,
1046 4866 1100 4933 vi-
1153 4864 1268 4954 empla
1283 4880 1366 4936 sunt
1384 4866 1580 4939 dissimilia.
1607 4867 1706 4942 Facit
1722 4873 1817 4942 enim
1832 4873 2018 4965 praecipua
2035 4899 2139 4946 causa

116 4964 244 5033 delicet
268 4961 313 5032 de
334 4957 438 5032 lactis
457 4963 634 5033 similibus
658 4964 696 5032 in
723 4965 842 5059 aliqua
868 4967 983 5058 speeie
1012 4991 1099 5037 con·
1152 4965 1493 5044 dissimilitudinem.
1545 4969 1652 5043 Facta
1668 4998 1757 5067 quae
1776 4990 1948 5067 reguntur
1970 4982 2138 5050 mandato

116 5065 337 5155 gruentibns.
378 5060 448 5134 Hic
464 5087 547 5135 vero
562 5079 706 5157 propter
720 5067 873 5138 formam
886 5070 1101 5157 discernitur
1152 5068 1296 5161 divino,
1323 5086 1409 5142 sunt
1427 5067 1575 5145 honesta
1591 5088 1626 5145 et
1639 5073 1717 5146 Deo
1731 5092 1849 5166 grata,
1874 5102 1949 5161 npn
1966 5103 2055 5172 quae
2070 5106 2138 5173 pu-

114 5165 301 5239 aeaeteris
325 5166 524 5257 speciebus,
554 5191 637 5237 nam
667 5170 867 5261 exemplum
897 5171 1058 5263 procedit
1078 5194 1098 5240 a
1151 5185 1357 5261 gnantcum
1378 5176 1544 5247 mandato
1560 5177 1695 5253 divino.
1722 5174 1904 5249 Abraham
1923 5204 2017 5252 novo
2033 5206 2138 5250 man·

84 5364 94 5383 χ
113 5267 287 5362 singulari
304 5269 350 5339 ad
366 5267 462 5340 atiud
479 5268 676 5362 singulare,
702 5273 800 5365 quod
817 5296 890 5343 non
910 5274 949 5348 lit
963 5274 1003 5344 in
1020 5296 1099 5345 cae-
1151 5277 1253 5362 dato,
1284 5286 1318 5346 et
1340 5290 1435 5348 certa
1458 5303 1544 5351 voce
1572 5275 1644 5353 Dei
1665 5281 1791 5354 iussus
1811 5297 1872 5352 est
1880 5280 2176 5350 obessebtxsm.
