4538 5754
184 208 258 284 007

184 375 201 448 l
270 366 443 463 significat
456 366 704 460 particularem
722 361 979 438 affirmativam.

184 473 222 546 Ο
273 472 447 562 significat
464 468 710 561 particularem
731 463 941 553 negativam.

284 573 404 646 Sumit
418 584 536 642 autem
555 568 681 637 modus
696 563 973 657 appellationem
989 587 1008 634 a
1024 561 1171 633 conclu·

185 676 304 758 sione,
335 671 470 743 dicitur
488 667 701 741 universalis
725 679 787 736 aut
809 664 1059 746 affirmativus,
1089 686 1172 734 cum

186 774 366 849 conclusio
383 785 436 844 est
448 767 660 842 universalis
674 780 736 838 aut
756 765 978 843 affirmativa.

526 975 664 1045 Recita
689 967 830 1043 modos.

572 1102 792 1193 Barbara.

189 1224 261 1297 Bar
311 1219 433 1296 Omne
447 1221 581 1294 animal
596 1233 649 1292 εει
666 1219 883 1306 substantia,

188 1328 234 1399 ba
310 1320 443 1396 Omnis
457 1319 567 1395 homo
585 1336 637 1393 est
652 1322 806 1407 animal,

189 1451 230 1499 ra
311 1421 408 1516 Ergo
420 1425 537 1495 omnis
553 1419 662 1495 homo
681 1437 731 1494 est
746 1418 953 1494 substantia.

571 1573 796 1648 Celarent.

191 1697 243 1768 Ge
310 1693 458 1766 Nullum
474 1693 608 1764 animal
625 1706 678 1763 εει
693 1693 802 1783 lapis,

190 1797 225 1867 la
309 1790 442 1866 Omnis
459 1790 567 1864 bomo
583 1806 635 1863 est
647 1792 798 1876 animal,

190 1909 271 1968 rent
315 1892 413 1987 Ergo
428 1895 551 1966 nullus
566 1890 675 1965 boum
691 1907 743 1965 εει
759 1891 859 1985 lapis.

615 2039 758 2116 Darii.

190 2167 251 2247 Da
316 2158 446 2236 Omnis
461 2157 647 2252 turpitudo
670 2171 722 2229 εει
738 2158 922 2250 fugienda,

190 2270 223 2340 ri
315 2263 501 2353 Quaedam
517 2262 681 2351 voluptas
700 2271 753 2329 est
768 2260 902 2349 turpis,

191 2369 212 2438 i
315 2361 411 2456 Ergo
429 2362 602 2456 quaedam
618 2361 781 2451 voluptas
796 2359 964 2449 fugienda
978 2371 1040 2429 est.

608 2506 756 2579 Ferio.

191 2632 244 2704 Fe
321 2627 428 2704 Nulla
445 2627 501 2696 lex
514 2638 664 2696 naturae
678 2638 730 2697 εει
743 2624 947 2710 mutabilis,

192 2734 228 2804 ri
318 2731 392 2804 Lex
408 2723 605 2821 prohibens
619 2728 794 2801 adulteria
809 2741 862 2797 est
877 2727 933 2797 les
947 2738 1106 2816 naturae,

193 2859 216 2905 o
318 2829 415 2921 Ergo
436 2830 493 2898 lex
506 2821 701 2922 prohibens
713 2827 888 2900 adulteria
904 2852 979 2899 uon
995 2840 1047 2898 est
1059 2840 1178 2899 muta·

397 2930 493 3002 bilis.

296 3047 462 3128 Recitavi
486 3049 584 3119 nuda
605 3061 641 3121 et
662 3071 735 3119 non
762 3046 899 3141 prolixa
919 3046 1097 3140 exempla,
1136 3057 1179 3118 ut

194 3152 336 3227 facilior
356 3148 516 3243 conspici
539 3150 696 3220 membra
718 3151 865 3241 possint,
925 3145 1036 3218 Vides
1058 3160 1177 3218 sutem

195 3255 236 3327 in
249 3254 417 3326 omnibus
431 3251 600 3341 exemplis
614 3251 792 3342 procedis
815 3250 963 3340 genere,
989 3263 1024 3321 ει
1047 3249 1086 3318 iu
1106 3248 1177 3317 mi·

196 3379 285 3427 nore
301 3353 453 3445 speciem
469 3351 557 3440 poni
572 3351 744 3446 inclusam
761 3350 891 3440 generi.
943 3346 1036 3420 Cum
1059 3363 1178 3422 antem

197 3455 238 3548 in
248 3449 443 3525 Oratorum
457 3449 620 3521 omnium
635 3450 774 3543 scriptis
788 3464 822 3523 et
836 3448 1080 3535 concionibus,
1098 3450 1177 3544 imo

191 3554 238 3649 ‚in
261 3552 361 3625 omni
382 3572 545 3622 sermone
575 3549 788 3622 disertorum
814 3573 954 3622 necesse
979 3551 1025 3623 sit
1045 3551 1179 3625 multos

199 3654 422 3753 syllogismos
449 3673 540 3736 esse,
572 3652 871 3723 considerandum
897 3665 967 3736 est,
997 3676 1085 3747 qnae
1106 3654 1179 3726 sint

134 3786 136 3790 ⁴
198 3754 410 3850 principalia
425 3753 598 3838 membra,
623 3768 658 3825 et
673 3778 744 3848 qno
758 3754 885 3825 ordine
900 3752 1070 3827 collocata
1095 3756 1179 3832 sint.

197 3851 248 3931 Et
270 3857 354 3952 quia
378 3853 559 3946 popularis
579 3855 694 3926 oratio
721 3856 892 3927 maiorem
919 3877 1050 3927 sonum
1079 3859 1180 3928 addit

199 3956 429 4049 argumentis,
452 3956 635 4027 adduntur
649 3970 867 4042 ornamenta,
890 3979 1042 4051 quorum
1059 3969 1179 4028 umen

199 4058 327 4130 modus
349 4054 479 4149 aliquis
500 4069 563 4130 est.
621 4051 773 4147 Excerpi
793 4070 911 4128 autem
932 4059 1049 4128 nudos
1071 4060 1181 4154 syllo-

199 4157 504 4251 gismospradest,
526 4168 566 4227 ut
582 4156 791 4249 principalia
809 4157 986 4244 membra,
1011 4173 1180 4256 tanquam

200 4262 357 4332 detracto
374 4257 521 4345 vestitu,
540 4257 688 4351 propius
703 4257 812 4351 aspici
830 4257 979 4350 possint.

412 4464 519 4550 Quae
544 4470 604 4537 est
627 4461 794 4537 aeneades
814 4459 961 4564 figam

303 4590 468 4668 Secunda
482 4599 593 4689 ligura
609 4613 661 4673 εει
682 4599 763 4670 ιεΙίε
784 4601 874 4670 ordo
897 4599 1189 4692 propositionum

200 4693 416 4790 syllogismi,
446 4711 490 4769 nt
515 4700 655 4795 medius
683 4696 857 4772 terminus
873 4700 923 4770 sit
941 4702 1183 4791 praedicatum

200 4794 243 4866 in
256 4797 390 4883 maiore
404 4810 440 4868 et
454 4797 495 4866 iu
516 4799 675 4885 minore,
699 4801 798 4874 unde
814 4800 997 4875 conclusio
1018 4815 1183 4891 negativa

109 4949 111 4954 .
202 4898 398 4969 necessario
415 4898 587 4991 sequitur.
637 4896 703 4974 Est
716 4912 834 4975 autem
851 4915 994 4975 tantum
1012 4902 1184 4973 adversa·

96 5090 102 5097 .
203 4997 359 5069 tivarum
389 5000 753 5089 argumentationum,
791 5002 879 5097 quia
909 5014 966 5074 est
996 4997 1183 5074 antithesis

203 5099 354 5169 duarum
375 5100 590 5191 specierum,
613 5127 702 5196 quas
717 5099 901 5190 distrahit,
920 5102 1107 5175 nominato
1122 5125 1183 5194 ge-

186 5222 288 5268 ,uere
303 5197 448 5271 alterius
459 5200 517 5274 vet
530 5201 649 5295 aliqua
663 5205 890 5296 proprietate,
908 5205 1004 5276 unde
1018 5228 1082 5296 per
1096 5228 1183 5277 con·

203 5297 472 5389 trapositionesn
480 5303 645 5397 seqnitur
657 5306 840 5378 conclusio
854 5304 1032 5398 negativa:

423 191 634 273 SCRIPTA
658 190 735 268 PH.
762 189 878 266 mm.
904 188 972 266 at>
999 190 1128 277 trist.
1154 176 1298 281 PilOl'.
1324 184 1390 263 ΕΤ
1415 185 1609 268 PHlLOS.
1636 191 1958 274 spectaturus

2134 201 2210 281 608

1374 354 1506 431 Omnis
1519 362 1620 432 stella
1636 377 1687 435 est
1704 375 1914 456 perpetuum
1929 392 2080 461 corpus,

1374 457 1471 548 Ergo
1487 465 1584 554 quod
1601 487 1675 533 non
1692 482 1743 539 est
1761 483 1970 558 perpetuum
1995 493 2147 564 corpus,
2173 488 2212 546 ut

1427 557 1575 634 Cometa
1592 588 1667 634 non
1684 581 1736 638 est
1754 570 1867 644 stella.

1323 674 1429 749 Valet
1468 682 1722 773 consequentia
1752 709 1817 778 per
1850 687 2211 778 contrapositionem:

1222 775 1377 851 Remoto
1391 801 1530 869 genere,
1555 799 1759 856 removetur
1769 787 1915 880 species.
1948 787 2047 860 Haec
2062 792 2213 862 demon·

1223 879 1347 950 stratio
1365 880 1446 951 lons
1461 895 1513 952 est
1530 877 1636 954 huius
1653 886 1802 976 figurae,
1829 903 1863 960 et
1879 912 1943 959 cur
1959 890 2076 963 valeat
2089 916 2215 963 conse

1224 980 1389 1074 quentia,
1414 983 1598 1073 perspicue
1613 990 1783 1060 ostendit.
1833 987 1930 1059 Hinc
1947 991 2053 1061 etiam
2072 994 2215 1083 regulae

1225 1082 1409 1151 oriuntur:
1431 1081 1473 1151 ln
1489 1079 1556 1153 bac
1573 1085 1685 1174 ligura
1699 1103 1837 1160 tantum
1850 1090 1926 1159 fieri
1944 1093 2131 1181 negativos
2144 1095 2216 1190 syl-

1224 1183 1410 1273 logismos,
1442 1197 1477 1254 et
1497 1186 1668 1259 maiorem
1691 1205 1855 1284 oportere
1870 1191 2109 1264 universalem
2131 1218 2217 1281 esse,

1225 1297 1388 1375 utsupra
1405 1285 1541 1356 dictum
1559 1301 1622 1365 est.

1341 1488 1551 1572 Quorsum
1575 1487 1679 1563 modi
1703 1491 1900 1567 secundos
1923 1488 2129 1591 figurael'

1662 1639 1806 1698 uatuor:

1343 1731 1488 1825 Cesare,
1513 1623 1732 1830 Cameiires,
1757 1743 1922 1833 Festino,
1947 1742 2097 1822 Baroco.

1630 1889 1809 1970 Cesare.

1224 1995 1295 2073 Ces
1346 1999 1455 2074 Nulla
1472 2004 1573 2076 stella
1589 2010 1829 2095 consumitur,

1227 2123 1248 2172 a
1343 2097 1483 2176 Omnes
1516 2103 1684 2182 Cometae
1725 2114 1851 2204 exiguo
1891 2127 2051 2208 tempore
2082 2135 2217 2185 consu·

1433 2219 1601 2290 suuntur,

1227 2325 1266 2372 re
1342 2300 1439 2398 Ergo
1452 2309 1574 2380 nullus
1589 2305 1737 2382 Cometa
1752 2324 1804 2383 εει
1821 2312 1934 2386 stella.

1595 2455 1862 2535 Camestres.

1227 2571 1319 2642 Cam
1349 2568 1441 2645 Cum
1459 2600 1584 2648 omnes
1596 2579 1717 2650 stellae
1732 2593 1816 2651 sunt
1832 2602 1980 2671 corpora
1996 2592 2180 2670 perpetua,

1226 2696 1264 2744 es
1347 2671 1476 2746 Nullae
1499 2679 1723 2751 traiectiones
1742 2705 1805 2751 seu
1828 2675 2040 2759 διάττοντες
2066 2680 2107 2749 in
2136 2696 2219 2754 aare

1326 2795 1329 2810 ¹
1430 2794 1514 2851 sunt
1535 2804 1683 2871 corpora
1697 2795 1886 2874 perpetua,

1227 2887 1300 2947 tres
1348 2874 1447 2969 Ergo
1461 2882 1581 2952 nullae
1597 2883 1821 2955 traiectiones
1837 2895 1922 2974 sunt
1939 2881 2072 2953 stellae.

1617 3027 1823 3104 Festino.

1227 3140 1297 3216 Pes
1350 3141 1463 3264 Nulla
1485 3157 1613 3217 natura
1631 3147 1858 3222 elementaris
1879 3144 1987 3221 babet
2009 3146 2135 3221 insitas
2149 3175 2221 3222 no·

1435 3248 1537 3317 tisias

1229 3345 1259 3419 ti
1352 3342 1460 3417 Mens
1493 3301 1648 3420 buinaria
1681 3344 1788 3422 babet
1813 3351 1940 3423 insitas
1965 3349 2116 3423 noticiae
2143 3375 2220 3424 non

1432 3448 1581 3520 aliunde
1594 3449 1769 3543 acceptas,

1230 3571 1278 3619 no
1351 3545 1448 3641 Ergo
1465 3574 1565 3620 meus
1580 3547 1736 3624 bumana
1752 3577 1827 3624 non
1844 3567 1896 3626 est
1911 3555 2064 3626 conflata
2086 3578 2130 3624 er
2151 3577 2220 3625 na-

1436 3665 1516 3723 tura
1533 3653 1752 3730 elementari.

1625 3799 1816 3878 Raroco.

1229 3919 1284 3994 Bi
1354 3919 1476 3996 Omne
1500 3923 1733 4014 corruptibile
1756 3938 1809 3996 est
1834 3925 2070 4017 compositum
2095 3939 2150 3997 εει
2176 3950 2218 3996 ex

1435 4023 1641 4109 elementis,

1231 4144 1295 4197 roc
1360 4120 1466 4195 Mens
1490 4119 1647 4246 bumana
1672 4150 1747 4196 non
1776 4139 1831 4198 est
1855 4126 2049 4222 composita
2074 4149 2119 4196 ex
2146 4127 2219 4198 ele·

1230 4353 1256 4402 o
1357 4240 1744 4419 Ergbndiletiis'bumana
1760 4353 1835 4399 non
1848 4324 1902 4400 est
1915 4328 2177 4420 comuptibilis.

1335 4442 1413 4516 llos
1425 4446 1515 4516 duos
1531 4445 1755 4540 syllogismos
1771 4446 1922 4517 recitant
1936 4446 2037 4518 Plato
2053 4448 2093 4516 in
2102 4442 2220 4519 Phae-

1233 4548 1351 4626 done,
1378 4560 1413 4618 et
1426 4543 1552 4617 Cicero
1573 4546 1613 4617 in
1633 4549 1748 4640 prima
1764 4545 1987 4635 Tusculana,
2014 4549 2059 4620 ad
2084 4549 2219 4620 confir·

1236 4650 1403 4719 mandam
1425 4648 1727 4721 immortalitatem
1749 4649 1888 4720 animae
1910 4643 2107 4730 humanae,
2135 4651 2218 4744 quis

1127 4802 1137 4820 .
1235 4773 1310 4820 non
1332 4749 1483 4822 conllata
1504 4751 1612 4820 sites
1632 4749 1778 4821 materia
1792 4750 2016 4836 elementari,
2048 4752 2149 4844 qnod
2167 4764 2219 4822 te·

1235 4863 1347 4922 statur
1369 4844 1456 4922 baec
1478 4850 1628 4941 insignis
1656 4851 1873 4944 proprietas,
1904 4853 1987 4945 quia
2018 4852 2057 4920 in
2091 4867 2221 4924 natura

1234 4952 1364 5023 mentis
1380 4953 1533 5023 noticiae
1547 4965 1651 5038 sunt,
1673 4977 1748 5023 non
1763 4952 1909 5023 aliunde
1928 4967 2102 5044 acceptae.

1234 5100 1289 5175 Ba
1364 5097 1497 5174 Omnis
1511 5116 1640 5188 cortus,
1664 5103 1730 5196 qui
1744 5099 1960 5174 estEcclesia
1974 5099 2063 5188 Dei,
2085 5102 2223 5195 ample-

1441 5205 1548 5275 ctitur
1573 5203 1684 5275 libros
1707 5199 1942 5298 Pmpbeticos
1973 5217 2007 5274 et
2032 5202 2223 5296 apostoti-

1443 5326 1522 5388 cos,
