4538 5754
187 292 264 373 tto
326 389 332 397 ἱ
428 284 639 367 sculum
665 283 744 363 ΡΗ.
769 280 886 360 ulit.
913 280 1960 367 tnutst.eu0u.utntu1.08.sumturus.
2129 286 2209 367 406

190 466 363 565 quaedam
388 456 574 533 collocatio
604 456 847 528 membrorum
873 454 1046 527 orationis
1074 455 1171 548 apud
1197 464 1200 477 '
1222 456 1333 528 alium
1349 458 1536 529 uatursnd
1554 457 1651 528 aliud
1667 456 1811 530 dicendi
1826 461 2077 551 genusducat,
2102 472 2138 534 et
2151 457 2211 534 bis

106 632 112 643 .
190 571 421 648 Ciceronem,
446 582 536 654 quae
556 580 631 629 non
652 558 769 629 solum
792 557 1068 652 aequabiliorem
1091 558 1173 626 red·
1196 556 1202 609 t
1222 557 1354 629 nostris
1370 558 1590 650 temporibus
1606 558 1758 653 perfecte
1772 560 1976 655 eloquentie
1988 562 2124 654 sperari
2132 586 2209 633 non

190 673 244 744 dit
260 664 477 753 orationem,
499 660 560 731 sed
575 657 771 750 plurimum
785 658 891 730 etiam
911 659 958 729 sd
979 655 1175 757 perspicui·
1223 659 1351 755 possit,
1375 672 1495 730 temen
1508 659 1685 751 ementis
1699 663 1874 756 ιιιιιεᾱιιιι
1890 676 2074 756 proecepts
2089 667 2210 734 trode-

190 786 299 847 tstem
322 764 520 839 conducere
548 757 701 832 videtur.
759 754 879 853 Atque
899 780 964 850 epo
986 759 1036 830 ita
1057 768 1173 829 uacuo
1222 780 1323 842 mus,
1346 780 1422 830 non
1437 773 1577 833 mutum
1593 755 1671 848 lais,
1695 761 1758 857 qni
1778 762 1891 834 solem
1903 760 2087 835 Ciceronis
2108 787 2209 834 com·

191 873 292 945 illam
321 866 434 959 ipsam
461 859 699 952 componendi
726 859 922 946 rationem,
952 872 993 930 ut
1021 870 1174 929 canem
1224 858 1436 954 positionem
1450 860 1623 934 imitaturi
1638 876 1720 934 sunt
1741 862 1946 955 profutura,
1971 864 2033 935 sed
2053 876 2096 937 nt
2116 860 2209 935 mihi

193 988 305 1055 artes,
328 964 455 1049 initio,
481 970 625 1055 propter
637 959 898 1046 necessitatem,
920 972 982 1032 sut
1001 973 1095 1031 certe
1116 958 1175 1028 in·
1198 1034 1201 1045 ,
1224 960 1368 1055 quidem
1391 960 1533 1032 videtur
1552 962 1765 1050 necessaris,
1788 987 2001 1060 quocunque
2021 965 2059 1034 in
2080 988 2210 1056 genere

192 1078 329 1167 siquem
350 1064 540 1139 utilitstern
562 1060 797 1135 desideratam
819 1072 927 1156 atque
948 1059 1176 1132 animadver-
1225 1060 1368 1132 dicendi
1386 1084 1578 1138 ιιιιιιιιιιι.
1630 1061 1864 1153 Queetsmen
1888 1064 2018 1158 siquis
2039 1067 2211 1138 observe-

194 1200 270 1249 ..ιη
286 1190 370 1245 esse.
417 1162 546 1238 Postea
561 1156 779 1256 deprebensa
794 1160 872 1248 vis,
898 1175 1016 1233 emota
1034 1174 1086 1234 est
1102 1158 1176 1232 uti-
1225 1162 1336 1248 verit,
1360 1162 1499 1233 facilius
1519 1161 1695 1254 intelliget
1707 1162 1890 1235 Ciceronis
1904 1166 2211 1257 compositionem,

191 1279 329 1350 litatem
346 1266 521 1360 voluptas.
570 1260 688 1335 Mults
704 1263 801 1334 enlm
818 1285 893 1333 non
913 1262 1059 1333 ferenda
1084 1260 1175 1331 vicie
1225 1286 1411 1358 quaecum
1427 1262 1592 1355 toneestc
1607 1265 1759 1357 optima,
1783 1264 1968 1358 presente,
1981 1266 2096 1337 faeere
2111 1267 2210 1338 iudi·

194 1366 511 1469 deprebendnntur
527 1363 566 1435 in
585 1358 662 1449 bis,
695 1362 759 1459 qui
782 1362 1016 1457 incomposita
1038 1362 1175 1434 dicunt.
1226 1363 1334 1434 candi
1356 1376 1459 1451 snut,
1482 1364 1546 1459 qni
1566 1386 1704 1435 summa
1726 1388 1828 1451 cura,
1860 1387 2069 1460 summoque
2088 1368 2208 1439 studio

193 1478 356 1553 Primum
382 1479 589 1542 coacervant
612 1464 804 1537 sententias
823 1464 917 1535 male
938 1459 1177 1546 cohaerentes,
1227 1464 1394 1557 effingere
1415 1487 1493 1536 earn
1516 1478 1704 1541 conantur.
1738 1460 1816 1539 ron
1836 1466 1934 1536 enim
1958 1489 2000 1538 ea
2022 1467 2063 1536 in
2077 1490 2118 1538 re
2134 1469 2211 1560 ipre

196 1578 284 1655 etin
299 1572 356 1649 his
371 1569 457 1667 ipsis
471 1588 573 1660 saepe
587 1565 857 1668 grammaticum
869 1588 996 1636 vocum
1013 1563 1178 1635 ordinem
1227 1587 1304 1636 non
1331 1565 1533 1652 elaboravi,
1563 1590 1669 1636 nemo
1698 1565 1795 1638 enirn
1822 1567 1991 1638 monebat
2017 1580 2081 1639 sut
2105 1582 2211 1640 norat

197 1674 408 1779 perturbant
423 1668 639 1768 hyperbatis.
688 1664 807 1739 liuius
828 1664 880 1736 rei
902 1664 1102 1758 exemplum
1124 1676 1178 1734 est
1227 1666 1314 1754 ista,
1338 1688 1396 1736 me
1407 1665 1647 1750 adolescente,
1672 1680 1708 1738 et
1721 1678 1840 1759 postes
1860 1691 1941 1738 meo
1963 1670 2118 1761 quodam
2136 1668 2209 1740 fato

198 1784 321 1857 ridere
341 1775 379 1847 in
409 1769 554 1845 exordio
574 1766 761 1839 Plinianse
792 1766 1039 1861 predationis,
1075 1764 1178 1837 cuius
1228 1764 1340 1838 incidi
1362 1766 1403 1837 in
1424 1768 1598 1863 quaedum
1610 1768 1774 1859 negocia,
1799 1790 1890 1862 qnae
1914 1769 1959 1839 ad
1983 1763 2071 1839 boec
2092 1769 2210 1841 studia

197 1881 356 1958 membra
381 1874 423 1946 in
442 1895 521 1944 men
547 1863 756 1965 paraphrasi
782 1867 911 1961 partim
934 1865 1064 1953 aemi,
1096 1888 1179 1959 pao-
1228 1866 1377 1939 colenda
1392 1890 1468 1939 non
1481 1864 1725 1941 uncunniht
1739 1881 1910 1963 quantum
1927 1867 2055 1939 vellem
2070 1882 2210 1961 tempo·

196 1990 263 2060 tim
283 1977 410 2055 ordine
431 1971 611 2067 disposui,
630 1983 672 2045 ut
691 1966 898 2063 principalis
919 1966 1093 2040 sententia
1106 1966 1179 2037 cla·
1228 1968 1280 2039 ris
1294 1970 1510 2056 concedunt,
1536 1983 1656 2042 tamen
1667 1970 1711 2041 ad
1731 1968 1887 2039 officium
1902 1991 2021 2040 meum
2034 1968 2212 2061 pertinere

197 2091 274 2167 rius
302 2075 459 2171 conspici
491 2084 598 2168 atque
626 2068 779 2163 intelligi
800 2082 929 2165 posset.
979 2062 1087 2161 Apud
1113 2065 1180 2139 Sa·
1230 2066 1411 2150 existimo,
1436 2084 1476 2141 ut
1491 2091 1583 2165 qnae
1596 2084 1680 2141 sunt
1699 2069 1834 2162 optima
1855 2091 1920 2161 pro
1941 2067 2039 2139 virili
2056 2071 2211 2140 demon-

198 2184 346 2261 lustium
378 2178 417 2250 in
448 2173 673 2249 orationibus
693 2181 813 2245 erunt
840 2168 1069 2259 previuimae
1096 2188 1180 2237 seu·
1230 2180 1351 2244 strem.
1406 2163 1498 2240 Nam
1522 2166 1721 2240 Politianus
1743 2191 1869 2262 parurn
1900 2169 2096 2240 liberaliter
2116 2169 2213 2255 facit,

197 2286 343 2374 tentiae,
368 2281 414 2351 de
430 2274 545 2349 causis
557 2274 790 2344 maximarum
804 2269 1044 2343 mutationum
1060 2266 1181 2362 publi·
1231 2269 1296 2366 qui
1311 2268 1453 2341 videtur
1467 2267 1550 2341 ideo
1566 2270 1743 2341 deterrere
1758 2269 1847 2339 alios
1867 2270 1914 2340 ab
1934 2270 2134 2342 imitatione
2148 2267 2213 2342 Ci-

200 2410 333 2463 carum·
364 2376 414 2455 Et
434 2371 502 2450 hae
525 2374 643 2445 verbis
664 2370 862 2443 efferuntur
880 2369 1043 2464 optimis,
1068 2382 1103 2441 et
1124 2380 1182 2440 u·
1231 2370 1382 2456 ceronio,
1398 2370 1578 2465 quiscum
1591 2390 1629 2440 se
1644 2372 1770 2441 natura
1784 2370 1828 2442 ad
1842 2369 2213 2463 aliuddicendiqenus

202 2512 286 2562 men
307 2482 422 2555 oratio
443 2499 519 2547 non
543 2474 628 2547 satis
650 2471 809 2544 dilucida
830 2483 895 2544 est.
951 2468 1075 2565 Neque
1097 2490 1181 2540 vero
1231 2470 1360 2543 deduci
1374 2470 1607 2564 intelligeret,
1629 2470 1764 2542 iudicio
1778 2470 1892 2559 videri
1904 2471 2038 2554 voluit,
2063 2472 2213 2565 idqnod

200 2586 315 2665 defuit
335 2576 478 2652 bomini
499 2574 636 2668 perito,
658 2586 693 2647 et
713 2586 851 2645 versam
873 2572 913 2643 in
927 2572 1110 2665 republica
1124 2569 1182 2640 in·
1233 2572 1309 2665 ipse
1323 2584 1531 2644 contemtor
1546 2590 1625 2643 ιιοιιι
1640 2568 1748 2657 esse't,
1772 2571 1985 2664 improbare.
2034 2566 2112 2663 Ego
2127 2594 2213 2644 vero

201 2688 358 2771 dicium,
381 2690 443 2753 ant
456 2678 592 2772 petrius
602 2697 737 2760 sermo,
769 2674 830 2745 sed
848 2670 1058 2765 compositio
1074 2671 1184 2746 deest.
1233 2672 1283 2744 ita
1296 2684 1424 2759 suino,
1446 2672 1633 2744 artilicinm
1646 2673 1827 2744 faciendae
1840 2672 2012 2743 orationis
2020 2695 2096 2743 nou
2110 2674 2213 2745 valde

202 2792 324 2883 Quare
338 2805 419 2856 curn
433 2775 628 2851 sententiae
643 2773 746 2870 qussi
757 2786 940 2847 truncatae
949 2783 1056 2868 atque
1070 2772 1184 2844 inter·
1234 2771 1406 2845 dissimile
1427 2794 1501 2844 esse
1515 2770 1690 2849 Poiitiore.
1749 2770 1799 2846 Ut
1825 2784 1941 2844 autem
1965 2772 2214 2845 stultissimum

201 2903 327 2984 ruptae
340 2882 553 2961 recitentur,
578 2876 744 2955 btorstio
764 2874 995 2950 subobscura.
1044 2869 1184 2945 Deinde
1233 2874 1341 2945 fuerit
1363 2873 1419 2958 ei,
1457 2896 1564 2967 qnecn
1585 2873 1674 2943 velis
1695 2871 1842 2963 elegiam
1865 2873 2041 2958 seribere,
2070 2870 2214 2947 llorstii

92 3057 96 3061 .
204 2992 329 3067 crebro
341 2982 491 3069 accidit,
513 2991 556 3052 ut
569 2972 611 3063 bi
624 2978 689 3074 qni
707 2976 832 3050 dicunt
849 2973 1104 3067 incomposita,
1126 2994 1185 3043 re·
1234 2976 1322 3051 odas
1337 2984 1542 3071 outsatyras
1556 2975 1675 3066 potius
1690 2995 1899 3066 proponere,
1924 2996 2031 3067 quam
2039 2968 2215 3046 Ovidium

202 3096 369 3189 lin‘immi
383 3082 585 3177 imiiff‘ffl
601 3092 636 3153 ‘i
651 3077 778 3151 miili
792 3088 1011 3168 ”inmit-
1039 3072 1186 3144 Alitubi
1234 3088 1298 3148 ant
1309 3073 1516 3160 Tibullum,
1541 3075 1591 3145 ite
1614 3073 1858 3168 imprudenter
1878 3073 2038 3145 iudicare
2059 3075 2215 3147 arbitror

203 3190 414 3269 ”limem
435 3183 589 3277 ’ΨΜ
611 3180 690 3252 *ἷῦῑ
710 3189 966 3273 multumt,
991 3188 1074 3247 ⁰1⁸¹·
1087 3171 1185 3244 snitu
1236 3175 1343 3262 istos,
1367 3174 1430 3269 qni
1445 3174 1484 3245 in
1497 3174 1657 3245 facienda
1673 3170 1941 3247 oratiouenibil
1957 3175 2124 3246 interesse
2147 3200 2215 3269 pu.

203 3285 398 3370 dialecticis
412 3281 721 3379 appellationibus,
742 3303 832 3375 quae
847 3289 933 3349 sunt
947 3286 1054 3347 notse
1067 3273 1187 3345 omni-
1236 3288 1333 3362 tant,
1356 3288 1601 3370 qnossutores
1612 3288 1814 3370 sequantur.
1853 3274 1943 3346 Nam
1957 3276 2065 3347 utilli
2087 3277 2218 3365 elegiae

202 3398 285 3469 bus.
322 3386 403 3463 tloe
431 3386 470 3454 in
490 3382 656 3455 Pliniana
683 3379 902 3473 praefatione
922 3376 962 3447 fic
982 3374 1188 3471 aliquoties,
1237 3376 1396 3451 studioso
1410 3374 1606 3468 plurimum¹
1626 3376 1770 3467 legendi
1790 3390 1897 3447 erunt
1919 3376 2062 3465 elegiaci
2081 3380 2219 3471 positae,

203 3488 356 3571 namibi
374 3486 585 3558 antecedent
606 3493 669 3552 est·
718 3478 838 3569 Quem
858 3476 1054 3570 plurimum
1076 3474 1187 3546 iuter·
1237 3490 1273 3549 et
1293 3476 1437 3572 quidem
1462 3477 1771 3567 praestantissimi,
1804 3490 1838 3548 et
1861 3477 2116 3548 elaborandum
2140 3481 2219 3565 eris,

207 3609 277 3682 est,
301 3589 472 3667 sortiatur
491 3574 621 3679 aliquis
634 3578 788 3654 iudioem
804 3602 850 3651 an
865 3577 990 3668 eliget,
1014 3577 1187 3647 multum·
1236 3590 1280 3649 ut
1295 3577 1449 3671 aliquam
1464 3577 1609 3648 illorum
1624 3578 1895 3651 similitudinem
1909 3589 2157 3672 consequatur,
2171 3580 2220 3652 its

206 3720 275 3794 qne
295 3700 483 3787 apparatos
502 3684 649 3757 interest
668 3682 765 3773 apud
795 3679 985 3750 invitatum
1012 3670 1187 3770 hospitem
1237 3678 1279 3749 in
1292 3678 1407 3750 solute
1424 3677 1587 3750 oratione
1600 3678 1749 3768 legenda
1765 3692 1872 3749 erunt
1891 3679 2024 3771 optima
2051 3681 2221 3772 exempti,

206 3813 242 3872 et
256 3795 428 3869 oblatum.
476 3784 618 3861 Deinde
634 3778 852 3877 relinquitur
872 3778 1189 3873 imperfectsmaof
1238 3792 1275 3852 et
1301 3775 1546 3863 efficiendum,
1585 3792 1625 3850 ut
1648 3772 1776 3849 bonnm
1809 3780 1909 3874 quasi
1940 3780 2095 3850 colorem
2115 3782 2221 3852 dum

206 3909 434 3995 pumentum,
458 3909 568 3985 qnare
583 3882 736 3975 intentet
753 3880 825 3952 nisi
840 3881 886 3953 ab
900 3891 1036 3953 attento
1056 3878 1189 3948 lectore
1239 3878 1365 3951 oratio.
1415 3878 1630 3974 Quanquam
1644 3892 1762 3952 nutem
1777 3880 1880 3951 multi
1896 3892 2041 3973 propter
2058 3881 2221 3952 imbecil-

207 4021 284 4074 non
305 4006 433 4091 potest.
483 3984 599 4065 lirant
620 3984 717 4057 enim
735 3982 920 4055 addendae
945 3977 1190 4051 conclusiones
1239 3979 1374 4050 litatem
1407 3979 1632 4069 ingeniorum
1659 3994 1693 4052 et
1723 3992 1870 4052 netum
1893 3981 2221 4053 diatmilitudpm

207 4094 353 4175 inbono
367 4088 589 4166 sententiam.
636 4082 731 4157 Cum
747 4082 918 4154 invitatus
935 4074 1190 4172 bospesmaio-
1239 4080 1280 4151 in
1295 4078 1493 4151 imitatione
1507 4079 1689 4152 Ciceronis
1707 4103 1886 4152 successus
1900 4105 2025 4174 pamm
2048 4083 2223 4153 semones

202 4220 284 4277 ‘rem
306 4204 513 4289 apparatum
536 4185 695 4281 requirat
713 4207 821 4280 quun
842 4206 925 4281 casn
940 4181 1101 4259 oblatus.
1125 4201 1190 4270 ego
1240 4175 1412 4267 babeant,
1436 4195 1554 4252 tamen
1578 4182 1633 4251 illi
1655 4182 1722 4273 ipsi
1747 4183 1951 4272 longepres
1972 4181 2159 4274 proadem
2183 4184 2221 4253 5„

208 4306 287 4375 inre
300 4288 513 4392 reprebendi
528 4309 667 4385 queam,
682 4284 779 4381 qnod
792 4306 873 4355 cnm
887 4295 925 4356 te
939 4285 985 4354 ad
1000 4278 1068 4355 hos
1078 4280 1190 4352 libros
1241 4280 1415 4355 Cicerone
1433 4283 1603 4373 legendo,
1628 4305 1734 4376 qnsm
1751 4281 1781 4352 si
1800 4281 1977 4354 deteriora
1992 4285 2152 4377 exempls
2166 4308 2222 4356 se.

208 4398 377 4494 legendos
393 4395 488 4467 ultro
505 4384 676 4472 invitavi,
699 4407 774 4456 non
788 4382 947 4478 praestiti
960 4397 1001 4455 ut
1018 4397 1083 4455 tno
1096 4382 1192 4453 iudi-
1244 4396 1450 4477 querentur.
1490 4381 1665 4471 Quamvis
1678 4384 1774 4453 enim
1789 4383 1847 4453 isti
1861 4382 1953 4453 scidi
1965 4406 2040 4453 non
2055 4396 2224 4477 poserem

209 4505 265 4589 cio
280 4499 529 4573 satisfacerent.
577 4488 647 4563 Sed
666 4486 747 4581 plus
760 4484 899 4575 negocii
913 4483 1021 4555 luerit
1043 4483 1190 4554 alteram
1241 4481 1408 4572 effingere
1446 4481 1605 4552 divinam
1638 4483 1736 4554 illam
1767 4482 2078 4577 compositionem,
2115 4508 2222 4579 qnssn

207 4596 480 4677 similitudinem
496 4591 692 4663 absolvere.
745 4582 870 4676 Quidi
894 4585 991 4679 qnod
1011 4583 1105 4654 idem
1127 4604 1192 4653 su·
1242 4582 1351 4656 etiem
1366 4579 1541 4656 Romanis
1557 4582 1778 4675 temporibus
1791 4608 1897 4654 nemo
1910 4585 2111 4679 aequalium
2120 4584 2224 4659 Cice-

209 4720 268 4778 ῑθῐ
287 4722 364 4772 ¹¹⁰⁰
391 4694 508 4769 ”¹⁰¹⁰
537 4702 746 4781 ⁸¹D¹¹⁰⁸¹¹¹⁸
777 4684 949 4779 ¹⁸¹³anst
979 4682 1194 4775 imperfecta,
1243 4683 1354 4769 tonis,
1375 4683 1438 4777 qui
1453 4683 1615 4778 qnotidie
1628 4685 1804 4755 dicentem
1820 4685 2013 4757 audiebant
2029 4686 2224 4778 exprimere

208 4807 271 4879 sed
292 4800 399 4873 stiam
420 4795 460 4866 in
487 4789 715 4884 grammatica
736 4783 1000 4859 constructione
1019 4784 1193 4879 quaedam
1243 4784 1380 4878 putuit,
1403 4798 1522 4856 umen
1538 4780 1606 4856 boc
1623 4799 1872 4877 assequentur,
1897 4799 1938 4858 nt
1960 4785 2075 4857 oratio
2096 4784 2145 4856 sit
2167 4810 2226 4858 ae-

209 4900 382 4997 rtllnquil
396 4883 705 4974 ἆνανῑᾱπῦδῡτα,
729 4888 826 4982 qnod
840 4882 1111 4955 viciosissimum
1128 4897 1192 4953 est.
1244 4884 1425 4979 qusbilior
1445 4896 1479 4957 et
1497 4884 1654 4960 uberior.
1703 4880 1753 4955 Et
1778 4899 1862 4957 suut
1886 4887 1977 4958 aliae
1997 4886 2148 4958 virtutes
2168 4888 2226 4957 in-

210 5005 304 5080 Snnt
332 5015 367 5073 et
395 4998 465 5071 elin
484 4989 741 5084 incompositae
764 4984 938 5060 orationis
958 4984 1195 5069 incommode,
1244 4985 1366 5057 finitae
1392 4982 1593 5070 Ciceronis,
1639 5007 1789 5079 quarem
1820 4987 1877 5057 vet
1903 4988 2066 5057 umbram
2095 4989 2229 5058 „pm

209 5108 272 5179 sed
287 5126 351 5195 ego
366 5100 430 5171 ills
452 5095 599 5168 recitare
623 5088 741 5173 volui,
765 5108 857 5183 qnae
876 5086 1116 5157 adolescentes
1137 5084 1194 5155 in·
1245 5108 1320 5157 non
1335 5084 1551 5175 erignalaus
1565 5087 1649 5170 erit,
1676 5100 1781 5180 atque
1796 5110 1862 5177 eqo
1875 5089 1931 5157 vel
1949 5090 2097 5158 obseura
2114 5088 2230 5159 tine..

210 5208 329 5280 diears
349 5199 454 5273 facile
474 5203 628 5290 possent.
685 5186 846 5260 Multum
871 5184 981 5277 igitur
1004 5186 1048 5257 sd
1075 5206 1195 5256 rerum
1245 5198 1365 5258 menta
1383 5183 1567 5257 Ciceronis
1590 5187 1733 5273 malim,
1757 5211 1863 5282 quam
1887 5189 2042 5258 nativam
2055 5187 2232 5261 Politieni

211 5301 497 5401 perspicuitatem
540 5289 726 5381 diligentia
769 5284 1007 5380 componendi
1046 5285 1193 5387 confert
1246 5298 1307 5359 aut
1322 5284 1434 5359 Gellii
1449 5286 1590 5360 faciem.
1625 5284 1832 5359 curantem
1851 5290 2008 5381 prudeus
2023 5303 2233 5385 praeceptor

212 5406 429 5497 Quanquam
450 5406 572 5468 autem·
589 5394 628 5463 in
647 5404 746 5464 unta
767 5388 937 5461 rsuecace
958 5386 1195 5479 ingeniomm,
1247 5398 1370 5458 nactos
1400 5386 1584 5478 ingenium
1613 5389 1829 5459 foecundum
1858 5402 1893 5459 et
1920 5390 2120 5481 copiosum,
2156 5415 2234 5463 m
