4538 5754
193 240 267 314 723
432 184 745 315 scalprata
771 239 887 314 MEL.
908 244 980 313 ἈΒ
1007 244 1133 319 HlST.
1162 244 1306 322 PROF.
1333 243 1399 318 ΕΤ
1428 242 1621 317 PHlLOS.
1649 209 1970 354 spectaturus.
2140 242 2219 327 Ι724

191 413 284 480 dicat
302 411 338 477 in
355 409 493 478 fallacia
512 411 705 478 secundnm
728 413 846 501 plnres
871 415 1176 506 interrogationes,

191 515 294 596 item,
321 512 358 578 in
380 511 516 580 fallacia
537 505 793 603 consequentis.

598 677 769 761 Exemplo.

343 801 470 890 Lupus
483 803 578 891 apud
592 800 772 893 Aesopum
789 823 927 878 accusat
942 833 1056 894 ovem,
1082 814 1177 904 quod

396 904 515 972 turbet
533 902 680 977 flumen.

346 1003 464 1074 Simul
479 1003 573 1072 bibis
591 1029 645 1073 me
661 1008 816 1093 bibente,

347 1103 488 1176 Turbes
506 1106 614 1194 igitur
628 1103 718 1176 mihi
734 1134 873 1202 aquam.

296 1205 443 1278 Reiutat
459 1209 535 1275 ovis
556 1209 772 1278 mentionem
789 1236 930 1298 causae,
957 1230 990 1286 et
1005 1219 1179 1287 rationem

195 1308 420 1379 manifestam
437 1309 555 1392 addit,
581 1310 662 1401 quia
680 1313 824 1384 bibebat
842 1317 1011 1386 inferiore
1026 1321 1115 1388 loco.

298 1407 511 1480 Dialecticus
529 1411 677 1481 diceret:
705 1411 802 1503 Nego
821 1423 1121 1511 consequentiam,
1148 1435 1181 1491 et

1651 412 1802 489 Aliud.

1383 533 1561 605 Voluntas
1578 558 1775 624 congruens
1793 558 1873 604 cum
1890 536 2030 620 divina,
2051 548 2102 604 est
2117 536 2219 621 bona,

1386 652 1598 724 ludaeorum
1618 654 1783 745 voluntas
1806 654 1970 742 congruit
1991 677 2072 722 cum
2090 653 2218 739 divina,

1436 757 1521 847 quia
1544 768 1693 824 mortem
1710 753 1795 824 Filii
1808 752 1905 824 Deus
1921 754 2082 838 volebat,
2109 769 2146 825 et
2168 756 2218 824 in-

1434 857 1546 925 terfici
1564 852 1747 927 Christum
1766 857 1931 926 volebant
1946 853 2083 940 ludaei,

1386 970 1482 1060 Ergo
1501 985 1553 1041 est
1572 973 1679 1042 bona.

1321 1106 1482 1177 Solvitur
1497 1131 1560 1198 per
1575 1107 1840 1176 inficiationem.
1867 1104 2041 1194 ,Neganda
2058 1119 2110 1174 est
2126 1107 2219 1174 enim

1233 1210 1371 1291 minor,
1398 1232 1438 1276 ac
1460 1209 1604 1277 ducitur
1619 1221 1865 1295 argumentum
1884 1231 1924 1274 ex
1947 1230 2021 1274 non
2044 1207 2220 1275 sufficien-

1233 1314 1332 1380 tibus
1347 1310 1471 1382 causis.
1504 1307 1594 1377 Nam
1610 1311 1724 1377 maior
1738 1310 1785 1377 ita
1802 1311 1946 1376 demum
1962 1331 2044 1375 vera
2061 1322 2126 1390 est,
2144 1332 2220 1375 cum

1234 1410 1397 1481 voluntas
1431 1424 1552 1480 nostra
1581 1411 1746 1498 congruit
1776 1433 1856 1476 cum
1888 1410 2071 1478 voluntate
2099 1409 2220 1476 divina

196 1516 287 1583 ratio
308 1524 375 1596 est,
401 1511 915 1604 quiaestfallaciaseeundnm
940 1545 1014 1590 non
1040 1547 1180 1591 cansam
1235 1515 1617 1582 iuxtaomnescousas.
1664 1509 1765 1578 Falsa
1785 1525 1836 1578 est
1855 1511 1963 1598 igitur
1979 1511 2116 1593 minor,
2142 1511 2221 1602 quia

196 1626 237 1682 ul
270 1637 420 1685 tamam·
489 1611 579 1681 Nam
610 1616 737 1685 bibent
774 1619 942 1690 inferiore
977 1625 1072 1707 loco,
1107 1648 1181 1692 non
1234 1612 2082 1702 ludaeorumvoluntasnequaquamsecundum
2101 1634 2221 1678 omnes
2261 1630 2263 1637 ·

196 1729 312 1806 potest
335 1738 407 1785 esse
432 1737 534 1784 causa
561 1718 777 1788 turbationis
805 1745 914 1814 aquae
937 1726 974 1792 in
1001 1727 1181 1816 superiore
1235 1739 1356 1784 causas
1375 1711 1989 1801 ⁶01¹gruilfflmVOlussfflle'dlvina·
2041 1709 2222 1781 Differunt
2261 1792 2263 1801 ,

197 1817 275 1887 loco
291 1817 461 1890 fluminis.
1236 1818 1332 1886 enim
1355 1817 1393 1882 in
1415 1817 1628 1883 immensum
1644 1813 1873 1906 impulsivae,
1900 1814 2068 1882 formales
2083 1828 2117 1881 et
2136 1814 2221 1881 fina-

526 1946 530 1955 .
616 1971 765 2051 atiud.

349 2085 446 2159 Deus
462 2091 643 2181 praevidet
656 2110 795 2187 raptum
811 2094 980 2183 Helenae,

351 2184 447 2280 Ergo
464 2193 540 2282 rapi
554 2191 729 2264 Helenam
750 2221 888 2266 necesse
902 2201 981 2275 fuit.

301 2288 398 2380 Nego
420 2297 727 2386 consequentiam,
761 2313 794 2368 et
819 2301 909 2369 ratio
931 2316 1000 2388 est,
1027 2303 1110 2394 quia
1133 2319 1186 2374 est

199 2393 336 2463 fallacia
355 2396 548 2465 secundum
566 2420 638 2464 non
656 2422 795 2468 causam
820 2414 860 2469 ut
886 2427 1037 2473 causam.
1077 2403 1185 2475 Prae-

200 2496 291 2562 visio
318 2495 411 2562 enim
434 2519 657 2589 nequaquam
682 2500 784 2571 affert
808 2506 1063 2575 necessitatem.
1114 2507 1186 2579 Sed

200 2609 339 2685 poterat
364 2594 463 2665 Paris
490 2599 651 2669 omittere
681 2603 803 2674 scelus.
855 2602 1042 2678 Praevidet
1065 2623 1186 2680 autem

141 2764 145 2775 ‚
202 2694 300 2767 Deus
322 2711 506 2779 eventum,
534 2701 616 2793 quia
637 2717 821 2775 secuturus
845 2721 937 2792 erat,
962 2710 1100 2779 etiamsi
1124 2737 1187 2781 vo-

202 2799 320 2869 luntas
336 2798 447 2870 libera
462 2798 601 2872 Paridis
616 2804 755 2875 frenare
770 2831 806 2877 se
823 2811 950 2900 potuit,
967 2826 1000 2881 et
1012 2813 1056 2881 ab
1072 2814 1186 2883 aliena

202 2901 386 2976 abstinere.
471 2993 476 3005 ι

620 3055 770 3134 Aliud.

303 3153 307 3159 ⁵
357 3174 537 3271 Quicquid
554 3193 657 3268 auget
670 3199 869 3271 peccatum,
894 3209 968 3255 non
985 3187 1187 3257 docendum

411 3292 475 3363 est,

356 3376 429 3446 Lex
444 3395 547 3468 auget
563 3397 757 3472 peccatum,

354 3472 450 3569 Ergo
467 3480 523 3550 lex
538 3506 612 3551 non
627 3484 784 3557 docenda
801 3503 862 3563 est.

309 3575 406 3669 Nego
429 3586 736 3679 consequentiam,
762 3605 796 3661 et
819 3593 910 3664 ratio
935 3608 1004 3681 est,
1029 3597 1112 3689 quia
1138 3610 1190 3666 est

206 3679 344 3750 fallacia
359 3683 559 3760 accidentis.
611 3684 703 3758 Nam
717 3690 774 3761 lex
790 3706 841 3763 est
855 3696 969 3778 bona,
992 3696 1189 3788 congme'ns

208 3806 286 3851 cum
310 3784 492 3857 voluntate
512 3786 603 3876 Dei,
630 3804 664 3860 et
689 3789 857 3884 prohibet
873 3813 1031 3888 peccata,
1057 3801 1189 3892 etquia

207 3883 303 3952 Deus
329 3885 404 3955 vult
429 3910 448 3956 a
470 3890 574 3959 nobis
596 3895 753 3985 conspici
776 3919 876 3968 suam
897 3899 1005 3985 iram,
1030 3901 1109 3971 vult
1131 3924 1190 3970 so-

124 4040 127 4055 .
208 4007 293 4054 nare
309 3987 345 4053 in
366 4008 492 4076 genere
508 3986 667 4064 humano
685 4020 807 4066 vocem
822 4000 929 4090 legis,
959 4015 1001 4071 ut
1018 4017 1190 4073 monstret

206 4101 239 4157 et
259 4103 380 4176 arguat
397 4105 589 4180 peccatum.

307 4187 359 4258 Hi
376 4191 521 4262 effectus
537 4219 660 4267 omnes
677 4214 761 4270 sunt
775 4202 882 4287 boni,
907 4206 967 4273 sed
989 4215 1115 4272 natura
1132 4205 1190 4273 in-

208 4292 309 4361 firma
334 4294 373 4360 in
399 4288 625 4384 hominibus,
661 4301 825 4374 irascitur
849 4304 984 4377 iudicio
1010 4303 1102 4391 Dei,
1141 4305 1190 4378 ita

208 4408 355 4483 augetur
380 4410 561 4491 peccatum
595 4426 615 4471 a
642 4416 768 4476 natura
802 4430 865 4497 per
890 4431 944 4494 se,
986 4407 1045 4476 sed
1072 4407 1190 4499 alege

208 4517 272 4584 per
297 4497 466 4568 accidens.

625 4654 776 4736 Aliud.

359 4773 522 4864 Apostoli
540 4777 669 4850 docent
680 4775 928 4872 Evangelium,
952 4858 954 4862 ,
981 4796 985 4803 ’

362 4872 529 4948 Turbant
557 4880 666 4969 igitur
693 4885 919 4954 concordiam
951 4886 1048 4955 orbis
1077 4898 1190 4954 terra-

410 5000 502 5049 rum.

286 5072 383 5165 Nego
401 5083 698 5171 consequentiam,
719 5097 753 5154 et
771 5087 862 5156 ratio
878 5101 939 5171 est,
959 5089 1042 5180 quia
1058 5101 1109 5158 est
1122 5086 1189 5155 fal-

1237 1921 1287 1987 les
1311 1941 1453 1996 causae,
1480 1940 1570 2009 quae
1592 1914 1726 1984 faciunt
1749 1915 1956 1983 discrimina
1978 1915 2163 1984 actionum
2186 1917 2221 1981 in

1236 2021 1430 2090 infinitum·

1340 2136 1383 2205 ln
1398 2133 1538 2205 Iudaeis
1554 2133 1744 2226 impulsiva
1767 2156 1869 2203 causa
1885 2148 1936 2204 est
1954 2134 2082 2204 ardens
2098 2135 2223 2204 odium

1238 2241 1405 2309 adversus
1433 2239 1632 2319 doctorem,
1664 2251 1841 2306 taxantem
1872 2237 2001 2304 scelera
2033 2249 2068 2304 et
2097 2258 2223 2325 pravas

1238 2341 1436 2431 opiniones.
1486 2336 1668 2421 Formale‚
1702 2339 1798 2430 quod
1830 2337 1956 2406 volunt
1980 2337 2019 2404 in
2042 2336 2120 2427 ipsa
2146 2359 2223 2427 pas-

1239 2443 1356 2521 sione,
1382 2453 1434 2509 est
1456 2441 1531 2529 ipse
1553 2440 1728 2508 cruciatus
1754 2452 1788 2506 et
1811 2438 1993 2522 laceratio,
2018 2462 2128 2529 quam
2152 2437 2223 2506 vel-

1239 2544 1314 2613 lent
1337 2565 1409 2610 esse
1431 2555 1619 2613 aeternam.
1671 2537 1814 2609 Finales
1833 2564 1957 2608 causae
1981 2553 2081 2622 sunt,
2113 2553 2156 2609 ut
2177 2539 2224 2609 ita

1238 2638 1385 2715 tollatur
1402 2639 1459 2710 hic
1474 2642 1615 2720 doctor,
1642 2663 1687 2708 ne
1702 2643 1907 2724 reviviscat,
1934 2653 1967 2710 et
1983 2654 2022 2710 ut
2034 2640 2222 2709 confirme-

1240 2760 1299 2816 tur
1331 2744 1475 2815 licentia
1510 2742 1691 2811 scelerum.
1752 2741 1823 2812 Sed
1856 2742 2046 2833 impulsiva
2077 2764 2223 2810 movens

1240 2845 1375 2930 Deum,
1401 2859 1452 2914 est
1467 2846 1637 2914 immensa
1661 2843 1903 2912 misericordia
1917 2866 1998 2932 erga
2020 2865 2133 2931 genus
2156 2838 2223 2912 hu·

1240 2972 1407 3031 manum,
1441 2960 1477 3016 et
1499 2947 1572 3035 ipsa
1595 2943 1681 3014 Filii
1700 2945 1923 3028 intercessio,
1949 2944 2012 3036 qui
2034 2966 2070 3012 se
2092 2944 2224 3014 obtulit

1241 3054 1286 3120 ad
1308 3072 1458 3141 poenam
1480 3072 1544 3138 pro
1566 3047 1670 3115 nobis
1690 3045 1868 3116 luendam.
1922 3044 2103 3128 Formale,
2129 3047 2224 3139 quod

1241 3152 1318 3222 vult
1332 3150 1428 3218 Deus
1449 3149 1489 3216 in
1510 3148 1689 3239 passione,
1716 3160 1856 3216 estnon
1879 3147 2126 3237 principaliter
2145 3171 2224 3216 cru·

1241 3255 1370 3336 ciatus,
1396 3252 1455 3319 sed
1471 3250 1672 3319 obedientia
1687 3247 1784 3318 Filii.
1834 3247 1976 3316 Finales
1992 3271 2117 3317 causae
2131 3262 2224 3331 sunt,

1241 3369 1282 3425 ut
1304 3354 1357 3422 ira
1380 3353 1517 3442 placata
1539 3375 1603 3442 per
1620 3348 1711 3418 hanc
1726 3349 1981 3428 obedientiam,
2008 3349 2152 3420 satisfiat
2170 3351 2224 3419 iu-

1242 3456 1361 3526 sticiae
1378 3453 1468 3538 Dei,
1495 3468 1529 3522 et
1546 3465 1585 3522 ut
1602 3452 1697 3520 filius
1721 3451 1796 3542 ipse
1819 3450 2022 3535 reviviscat,
2049 3464 2083 3520 et
2103 3466 2224 3540 regnet

1242 3559 1281 3627 in
1297 3571 1438 3626 aeterna
1453 3553 1710 3624 consuetudine
1724 3577 1803 3622 cum
1819 3566 1961 3621 aeterno
1977 3551 2093 3632 Patre,
2121 3567 2157 3623 et
2176 3553 2225 3622 ibi

1241 3660 1366 3728 reddat
1379 3653 1588 3726 haereditati
1604 3677 1687 3725 suae
1702 3655 1809 3723 vitam
1826 3668 1860 3723 et
1873 3654 2022 3723 salutem
2036 3668 2225 3724 aeternam.

1242 3759 1389 3832 Constat
1417 3759 1527 3847 igitur
1560 3778 1782 3848 nequaquam
1812 3778 2006 3844 congruere
2034 3778 2157 3826 causas
2186 3757 2225 3822 in

1241 3861 1318 3933 Deo
1340 3875 1374 3931 et
1389 3859 1547 3941 ludaeis,
1573 3857 1711 3927 etiamsi
1734 3857 1773 3924 in
1794 3856 1889 3924 idern
1903 3849 2089 3926 'obiectum
2103 3857 2225 3927 incur-

1243 3975 1345 4043 runt,
1370 3976 1411 4033 ut
1425 3956 1624 4048 Chirurgus
1640 3974 1675 4028 et
1695 3959 1786 4029 latro
1809 3959 1847 4026 in
1865 3959 1960 4027 idem
1975 3958 2156 4029 obiectum
2170 3959 2225 4026 in-

1242 4079 1408 4144 currunt,
1441 4077 1475 4133 et
1497 4076 1646 4153 uterque
1669 4060 1804 4153 aliquid
1832 4073 1942 4141 secat,
1976 4059 2037 4128 sed
2061 4059 2226 4128 dissimili

1241 4170 1349 4237 modo
1367 4179 1400 4235 et
1419 4163 1652 4234 dissimilibus
1668 4162 1792 4230 causis.
1845 4158 1943 4229 Haec
1960 4161 2120 4252 exempla
2136 4161 2226 4230 reci-

1241 4269 1333 4354 tavi,
1362 4282 1402 4338 ut
1425 4267 1562 4335 discant
1582 4264 1740 4333 iuniores
1763 4285 1929 4332 revocare
1951 4275 2162 4351 argumenta
2182 4263 2226 4332 ad

1240 4372 1377 4454 fontes,
1411 4370 1456 4436 ad
1484 4365 1729 4449 definitiones,
1768 4364 1980 4448 divisiones,
2018 4385 2161 4448 causas,
2192 4378 2226 4434 et

1242 4472 1330 4542 alios
1346 4471 1454 4539 locos.
1507 4464 1560 4536 lta
1583 4466 1714 4536 rectius
1730 4461 1998 4555 deprehendent
2019 4465 2173 4534 insidias
2193 4479 2226 4536 et

1242 4595 1363 4643 causas
1385 4568 1548 4640 falsitatis
1569 4568 1609 4636 in
1628 4567 1797 4638 membris
1810 4577 2113 4656 argumentorum.
2170 4565 2226 4638 Si-

1242 4675 1318 4744 mul
1332 4675 1437 4745 etiam
1452 4670 1619 4754 ostendit,
1640 4668 1771 4763 quibus
1786 4669 1872 4738 locis
1887 4691 1976 4760 quae
1990 4668 2155 4736 fallaciae
2169 4692 2226 4737 ac·

1242 4775 1520 4847 commodandae
1535 4771 1618 4855 sint,
1642 4773 1742 4842 cuius
1757 4769 1949 4840 vicinitatis
1963 4769 2226 4839 animadversio

1241 4879 1392 4949 multum
1409 4876 1497 4946 lucis
1512 4872 1614 4944 affert
1629 4873 1812 4942 doctrinae
1828 4872 1992 4964 sequenti
2005 4871 2048 4940 de
2062 4871 2226 4961 fallaciis,

1242 4994 1387 5052 utrum
1417 4978 1587 5059 dicimus,
1620 4972 1878 5044 Definitionum
1903 4972 2121 5063 corruptelas
2154 4995 2226 5042 esse

1241 5081 1565 5178 aequivocationes,
1593 5091 1627 5146 et
1641 5076 1814 5144 fallaciam
1832 5075 2041 5164 accidentis,
2068 5076 2139 5144 iam
2163 5076 2227 5144 scit

211 5175 298 5244 lacia
316 5178 515 5250 accidentis.
564 5179 652 5251 Nam
669 5206 780 5272 perse
794 5210 896 5257 causa
913 5190 1113 5259 discordiae
1126 5213 1190 5256 vo·
1240 5187 1419 5256 studiosus
1441 5178 1693 5251 recurrendum
1718 5200 1791 5247 esse
1804 5177 1850 5244 ad
1867 5176 2001 5261 fontes,
2028 5172 2083 5245 Ac
2106 5178 2226 5269 inspe-

209 5279 328 5350 luntas
341 5293 392 5350 est
406 5283 600 5354 multorum
614 5285 824 5375 impiorum,
846 5291 908 5383 qni
925 5291 1053 5362 nolunt
1068 5312 1189 5382 parere
1241 5287 1305 5355 ctis
1319 5288 1410 5356 veris
1425 5279 1712 5359 delinitionibus,
1739 5279 1939 5369 corruptela
1960 5280 2144 5349 emendari
2161 5304 2225 5372 po-

210 5383 288 5454 voci
306 5383 467 5476 divinae,
492 5386 550 5456 cui
566 5387 944 5471 obedientiamomnes
958 5388 1140 5465 debemus.
1241 5389 1331 5463 terit
1386 5386 1490 5457 Absit
1513 5398 1630 5455 autem
1654 5381 1813 5452 studium
1843 5380 1975 5450 nimiae
2005 5382 2225 5466 subtilitatis,
