4538 5754
95 211 191 301 oss
263 191 288 221 ·’
745 218 790 298 v.
841 212 1166 295 auocauere
1188 217 1525 298 nranucncus.
1827 201 1860 276 l
2065 221 2142 296 oss
2260 200 2265 209 '

271 393 446 488 Voluptas
462 392 647 466 conservat
663 388 822 466 hominis
835 402 1012 478 naturam,
1029 389 1104 463 vir-
1154 394 1304 466 noticias
1319 395 1436 465 firmas
1451 404 1486 463 et
1508 391 1682 477 illustres,
1708 392 1786 465 vult
1805 391 1943 485 aliquas
1967 414 2041 464 esse
2062 415 2139 462 mo-

322 511 380 568 tus
399 496 568 581 destruit,
1154 521 1235 577 rum
1256 498 1349 586 leges
1370 495 1545 569 immotas.
1594 491 1668 565 Nec
1688 494 1953 565 assentiendum
1976 508 2027 565 est
2048 491 2139 587 Pyr-

271 595 370 690 Ergo
387 599 552 690 voluptas
564 608 616 667 est
628 592 711 684 linis
727 586 896 662 hominis.
1155 593 1295 671 rhoniis
1317 610 1379 668 aut
1395 592 1634 677 Academicis,
1659 595 1859 666 delentibus
1879 594 2140 679 certitudinem,

217 695 334 771 Error
355 715 406 772 est
430 701 469 768 in
493 699 628 768 maiore
651 709 686 766 θῑ
709 692 867 778 mium,
899 713 1104 786 quanquam
1156 713 1191 771 et
1206 699 1515 789 contendentibus,
1538 695 1658 767 omnia
1675 719 1749 767 esse
1763 697 1897 769 incerte
1912 713 1947 768 ct
1963 696 2139 785 ambigua.

114 802 355 895 plausibiliter
377 802 448 871 dici
472 801 650 870 videntur.
701 794 821 866 Maior
850 795 900 866 ita
927 817 1008 863 vera
1039 806 1104 877 est,
1155 800 1252 872 Haec
1269 801 1425 872 amentia
1443 802 1536 870 delet
1552 797 1781 890 praecipuum
1805 799 1939 870 donum
1955 795 2043 884 Dei,
2070 798 2139 867 sci.

116 917 283 975 naturam
305 916 398 973 recte
418 916 584 994 appetere
606 897 911 971 conservationem
934 896 1011 965 eius
1032 906 1104 964 sta·
1155 904 1237 974 licet
1254 901 1466 988 Veritatem,
1492 915 1527 974 et
1542 900 1668 971 evertit
1687 914 1796 985 artes,
1821 924 1910 994 quae
1931 912 2014 970 eunt
2035 923 2139 991 prae.

117 1021 191 1085 tus,
218 1005 282 1098 qui
297 1005 513 1073 conveniens
528 1016 580 1074 etl
593 1016 761 1083 naturae,
786 1022 861 1099 11⁰9
882 997 945 1090 (lui
970 1008 1105 1089 pugnat
1155 1005 1244 1076 sidia
1260 1005 1370 1089 vitae,
1396 1018 1431 1074 et
1442 1003 1563 1074 obruit
1578 1001 1794 1092 agnitionem
1809 1000 1895 1087 Dei,
1920 1024 2010 1093 quae
2025 1024 2138 1095 quan-

120 1131 196 1176 tum
213 1106 347 1175 iudiciO
363 1107 506 1190 ῐῦθῦῑῐῦ,
529 1117 591 1174 ³¹¹¹
605 1100 757 1172 ‘immi‘
775 1099 946 1191 spetiem,
970 1111 1012 1168 ¹¹1
1027 1098 1104 1166 dla-
1156 1108 1371 1199 tulacunqne
1391 1119 1441 1176 est
1465 1105 1504 1173 in
1527 1118 1654 1175 natura
1669 1098 1845 1188 hominis,
1872 1102 2083 1173 illustranda
2104 1117 2139 1171 et

120 1201 858 1298 b011¹⁵¹¹¹³¹¹02¹¹⁰¹10³⁸02q⁰⁸¹⁰⁵i⁰⁰³⁸fl·
898 1198 1040 1271 Deinde
1064 1198 1103 1267 3¹¹
1156 1209 1396 1280 confirmanda
1430 1220 1481 1279 est
1513 1205 1605 1275 veris
1639 1205 1873 1295 argumentis,
1913 1227 1988 1273 non
2021 1205 2136 1274 extin-
2190 1197 2196 1284 ζ

123 1310 257 1377 minore
288 1308 428 1378 fallacia
457 1321 510 1379 cst
538 1304 741 1377 accidentis.
803 1301 926 1375 Virtus
954 1300 1105 1375 destruit
1155 1312 1307 1401 guenite,
1360 1307 1502 1380 illustre
1524 1305 1768 1379 testimoninm
1797 1321 1866 1387 eet,
1901 1299 1995 1375 hanc
2017 1328 2138 1375 rerum

126 1424 281 1479 ”liuram
305 1431 368 1499 Per
392 1409 574 1492 widem,
599 1407 636 1475 id
657 1420 727 1487 ⁰³¹2
753 1406 849 1496 quod
865 1402 1028 1474 S⁰cr³i²⁸
1047 1403 1103 1470 iss-
1155 1425 1318 1482 naturam
1337 1434 1412 1480 non
1430 1410 1583 1483 extitisse
1598 1431 1698 1495 casu,
1722 1410 1783 1477 sed
1803 1432 1823 1479 a
1847 1420 1964 1477 mente
1984 1402 2139 1477 archite-

128 1511 307 1593 ltlficifflr,
333 1511 371 1579 id
383 1510 502 1593 allent)
519 1509 648 1578 Scelere
663 1508 714 1592 fils
739 1507 853 1578 Viffflss
870 1505 1014 1597 ΡῐῦΡῑῖθ
1031 1526 1105 1574 ¹¹⁰ss
1156 1513 1298 1585 ctatrice
1313 1513 1491 1584 conditam
1507 1534 1599 1597 esse,
1626 1511 1721 1605 quod
1738 1509 1871 1581 nostris
1882 1508 2061 1579 mentibus
2080 1509 2139 1576 in.

130 1625 170 1680 0⁸1
201 1633 306 1681 calm
336 1613 445 1686 ssecis·
503 1611 611 1694 item,
647 1609 762 1677 νῑῑωδ
795 1618 911 1676 “ml
942 1605 1106 1698 ‘petiens
1156 1615 1243 1686 sitae
1260 1628 1345 1687 sunt
1359 1613 1521 1700 noticiae,
1544 1614 1783 1683 discernentes
1798 1607 1946 1682 honesta
1963 1622 1996 1681 et
2010 1609 2138 1701 turpia,

88 1724 90 1729 '
133 1711 256 1783 etiamsi
278 1714 386 1783 alicui
411 1713 598 1782 individuo
626 1709 869 1781 dimicandum
893 1721 962 1791 est,
987 1721 1105 1778 tamen
1155 1717 1242 1788 item
1265 1737 1498 1786 numerorum
1521 1729 1555 1787 el
1576 1715 1715 1785 ordinis
1736 1713 1954 1798 intellectus,
1977 1724 2010 1782 et
2027 1724 2139 1781 cenae

134 1815 293 1885 Milliutio
309 1828 360 1884 θδῑ
374 1813 629 1907 ΡῘᾯΡΠΒΠΘΠῙΧ
645 1834 729 1881 Silae
744 1809 906 1881 tivildil&
926 1804 1106 1893 'Etouissa
1156 1820 1249 1909 leges
1268 1831 1350 1890 sunl
1367 1831 1528 1888 motuum
1545 1816 1749 1887 coelestium
1758 1869 1767 1900 ¹
1794 1828 1830 1887 et
1844 1827 1989 1884 manent
2006 1811 2139 1905 specie.

137 1915 284 2007 voluptas
317 1916 518 2007 promiscua
547 1914 734 2005 dissiparet
764 1924 873 1983 totam
903 1911 1106 1981 societatem
1158 1944 1237 2007 mm
1254 1917 1468 1992 discrimina,
1514 1916 1583 1988 llic
1597 1920 1686 1989 ordo
1702 1941 1782 1987 cum
1800 1917 1837 1985 in
1856 1917 1992 1986 artibus
2007 1915 2139 1985 descri—
2192 1937 2200 1944 ·

139 2011 320 2092 bominum.
974 2069 980 2082 .
1158 2022 1273 2106 batur,
1298 2019 1398 2091 Plato
1414 2020 1616 2090 dulcissime
1632 2018 1733 2102 dixit,
1760 2015 1908 2089 Gratam
1926 2015 1993 2088 Dei
2010 2017 2139 2086 samam

482 2193 491 2212 ,
766 2194 774 2213 ,
1157 2124 1198 2193 in
1213 2123 1348 2195 artibus
1366 2144 1522 2213 sparsam
1548 2144 1632 2192 esse.
1684 2110 1782 2190 Haec
1804 2130 1877 2189 tota
1899 2116 2136 2189 consideratio

429 2193 538 2262 ΑΜ
557 2193 802 2262 D‘mmh‘m'·
1158 2226 1391 2297 conturbatur
1413 2247 1433 2293 a
1454 2218 1665 2318 Pyrrhoniis
1695 2232 1731 2293 et
1755 2218 1988 2292 Academicis.
2045 2216 2137 2289 Cum

272 2322 434 2394 Honesta
448 2321 618 2405 consilia,
645 2321 783 2391 etiamsi
800 2321 995 2414 periculosa
1013 2332 1108 2404 sunt,
1159 2340 1273 2397 autem
1292 2351 1359 2396 vox
1375 2324 1498 2396 divina
1512 2323 1722 2417 praecipiat,
1748 2324 1834 2394 Non
1849 2322 1921 2392 dici
1934 2321 2062 2390 falsum
2086 2333 2138 2389 te-

328 2423 557 2494 anteierenda
572 2438 656 2494 sunt
670 2422 840 2508 utilibus,
1158 2427 1387 2511 stimonium,
1411 2415 1588 2517 fugiamus
1604 2426 1709 2496 falsas
1724 2423 1914 2519 opiniones
1931 2435 2005 2493 toto
2021 2434 2139 2514 pecto-

273 2523 474 2596 Consilium
493 2527 537 2594 de
559 2524 765 2594 defensione
787 2524 962 2596 libertatis
984 2537 1107 2595 contra
1159 2553 1214 2610 re,
1242 2544 1276 2601 ct
1291 2529 1472 2600 veritatem
1500 2550 1728 2621 quaeramus,
1754 2541 1788 2598 et
1810 2525 2017 2619 patefactam
2040 2530 2140 2593 reve-

330 2621 540 2718 Philippum
554 2626 622 2696 fnit
637 2622 846 2711 honestum,
1159 2645 1278 2704 renter
1305 2644 1490 2714 tueamur,
1523 2631 1615 2699 etin
1638 2652 1677 2699 ea
1709 2628 1971 2721 acquiescamus
2006 2649 2046 2695 ac
2063 2623 2140 2695 Deo

200 2797 207 2804 ,
275 2724 361 2807 Fuit
377 2728 485 2818 igitur
500 2728 781 2797 anteferendum.
1158 2732 1287 2825 gratias
1303 2754 1462 2821 agamus,
1488 2732 1583 2823 quod
1600 2742 1633 2799 et
1648 2753 1721 2799 sese
1744 2729 1925 2820 patefecit,
1951 2742 1984 2798 et
2005 2727 2142 2820 aliquas

224 2823 339 2900 Error
357 2829 461 2900 estin
478 2830 612 2898 maiore
627 2843 661 2899 et
680 2830 827 2901 minore.
852 2827 1009 2901 Honesta
1024 2841 1109 2901 sunt
1158 2857 1259 2904 veras
1272 2833 1421 2904 noticias
1435 2831 1594 2913 tradidit,
1617 2831 1802 2925 inquibus
1818 2830 1921 2900 etiam
1937 2829 2051 2922 qualis
2067 2830 2142 2919 ipse

140 2930 368 3015 anteferenda,
394 2931 735 3001 scilicetnecessaria
753 2956 826 3000 non
842 2935 1108 3031 πολυπραγμο-
1159 2936 1222 3018 sit,
1261 2933 1459 3004 firmissime
1489 2933 1594 3004 nobis
1623 2947 1747 3003 notum
1771 2954 1844 3002 esse
1866 2930 1993 3002 voluit.
2048 2927 2141 3000 Cum

138 3029 228 3118 νικά,
256 3047 299 3103 ut
318 3032 512 3122 gloriosum
535 3033 677 3102 videtur
700 3031 844 3117 losuac,
874 3035 1006 3103 inferre
1031 3034 1107 3102 bel·
1159 3037 1254 3107 enim
1278 3036 1427 3107 tradidit
1449 3036 1542 3126 leges
1562 3047 1729 3119 naturae,
1755 3055 1846 3126 quae
1870 3044 1953 3101 sunt
1968 3031 2140 3101 virtutum

136 3134 198 3206 lum
213 3136 408 3231 Aegyptio:
435 3135 496 3204 sed
518 3147 593 3202 erat
610 3127 964 3233 πολυπραγμοσύνη.
1003 3133 1106 3206 Talia
1159 3137 1339 3223 doctrina,
1365 3150 1510 3209 testatus
1525 3149 1576 3207 est
1590 3158 1665 3206 sese
1685 3136 1791 3206 talem
1816 3156 1907 3217 esse,
1934 3133 2142 3223 sapientem,

137 3237 236 3307 nnita
258 3251 345 3307 suist
365 3249 479 3306 errata
506 3234 544 3302 in
567 3235 727 3324 imperiis
750 3250 784 3306 et
805 3236 844 3304 in
867 3238 1005 3328 privata
1026 3237 1108 3309 vita.
1158 3241 1312 3325 iustum,
1349 3262 1527 3324 veracem,
1565 3251 1718 3323 castum,
1753 3237 1958 3327 punientem
1998 3236 2141 3304 scelera.

135 3334 265 3411 [lunda
280 3338 388 3410 etiam
405 3338 600 3406 videndum
616 3349 686 3420 est,
710 3361 756 3405 an
772 3337 875 3429 plura
897 3337 970 3435 sint
992 3333 1108 3408 hone-
1159 3327 1337 3431 Sagaciter
1353 3341 1457 3413 etiam
1472 3340 1724 3430 investigemus
1744 3351 1859 3420 certa,
1885 3351 1919 3406 ct
1941 3338 2141 3407 considere·
2182 3346 2187 3359 ²

135 3453 195 3529 sta,
220 3453 256 3511 et
272 3462 363 3535 quae
379 3462 445 3511 nos
461 3440 626 3519 deceant,
650 3451 685 3508 et
709 3463 798 3529 quae
821 3440 893 3508 sint
914 3439 1108 3530 possibilia,
1159 3467 1237 3513 mus
1259 3445 1376 3513 fontes
1401 3455 1435 3513 et
1458 3463 1579 3512 causas
1608 3440 1848 3524 certitudinis,
1883 3451 1918 3507 et
1949 3440 2143 3530 prudenter

135 3545 303 3615 etminus
329 3541 535 3632 periculosa.
589 3536 714 3609 Minor
735 3543 894 3628 neganda
917 3553 988 3626 est,
1020 3564 1108 3611 con·
1158 3545 1245 3614 falsa
1271 3568 1310 3614 ac
1332 3545 1467 3615 incerta
1493 3566 1513 3613 e
1544 3543 1647 3614 certis
1676 3543 1929 3613 discernamus.
1980 3541 2143 3613 stulticia

135 3646 246 3718 silium
261 3646 309 3714 de
323 3643 529 3714 defensione
544 3642 582 3710 in
598 3643 712 3732 specie
726 3642 917 3730 gloriosum
934 3641 1021 3726 fuit,
1047 3643 1107 3711 sed
1161 3660 1213 3717 est
1225 3645 1320 3715 enim
1336 3666 1439 3737 saepe
1453 3644 1649 3735 perniciosa
1665 3645 1778 3726 vitae,
1805 3642 1968 3733 amplecti
1984 3643 2069 3713 falsa
2082 3656 2144 3712 aut
2164 3692 2169 3699 ·

134 3749 207 3842 qnia
222 3736 570 3845 πολυπραγμοσύνη
587 3756 690 3823 erat,
703 3765 824 3813 revera
840 3760 924 3815 tunc
948 3767 1022 3813 non
1041 3744 1110 3815 tuit
1160 3747 1293 3817 incerta
1316 3770 1381 3839 pro
1403 3747 1527 3828 certis,
1552 3759 1592 3815 ut
1616 3769 1696 3814 cum
1714 3742 1903 3835 Pompeius
1924 3744 1992 3813 sibi
2014 3758 2143 3816 certam

134 3843 334 3921 honestum:
360 3844 449 3917 Nam
466 3839 722 3915 Demosthenes
744 3844 897 3917 irritavit
917 3858 952 3917 et
967 3845 1110 3919 attraxit
1159 3844 1342 3928 victoriam
1375 3848 1562 3939 promittit·
1619 3842 1758 3917 Rursus
1792 3842 1898 3916 etiam
1933 3849 2045 3919 scelus
2080 3861 2143 3930 est,

135 3975 221 4023 uma
238 3948 499 4028 Macedonum,
524 3945 597 4016 Nec
614 3946 769 4034 potentia
785 3948 937 4017 civitatis
951 3949 1021 4020 iam
1045 3971 1110 4040 par
1160 3974 1328 4044 quaerere
1344 3949 1547 4040 praestigias
1564 3949 1607 4018 ad
1624 3948 1816 4018 eludendas
1833 3950 2034 4034 sententias,
2056 3971 2142 4041 quas

135 4052 281 4126 stetisti
305 4052 421 4133 bello,
454 4045 503 4121 Et
526 4072 592 4141 pax
610 4047 689 4125 aliis
709 4043 865 4119 honestis
887 4049 1001 4119 modis
1025 4049 1110 4120 reti·
1161 4050 1257 4122 Deus
1276 4054 1350 4122 vuit
1365 4075 1430 4122 nos
1447 4052 1609 4143 amplecti
1622 4050 1699 4121 sine
1716 4051 1951 4120 dubitatione.

136 4156 202 4226 neri
219 4166 371 4247 poterat.
468 4210 471 4215 -

227 4255 290 4328 Sic
304 4254 414 4346 ἰδίω
429 4268 465 4324 et
478 4252 544 4323 tria
560 4265 640 4323 sum
661 4253 942 4346 propositionum
964 4274 1109 4342 geum:
1263 4202 1422 4275 incertae
1435 4200 1696 4296 propositiones
1712 4216 1813 4286 sunt,
1838 4200 2026 4292 dequibus
2049 4213 2142 4270 recte

137 4354 233 4431 Certo
256 4380 380 4440 verae,
406 4354 581 4438 incertae,
607 4368 641 4423 et
665 4354 789 4439 falsae,
815 4378 878 4425 seu
903 4326 1019 4444 palam
1042 4354 1109 4425 ial-
1161 4304 1479 4425 ⁰⁰⁸⁰iti⁸f³3²¹¹⁸i⁰
1495 4305 1742 4423 ⁸ufpf¹¹dfl¹²rt
1766 4316 1827 4420 ’Ψ
1848 4301 1982 4369 etiam&
1998 4316 2143 4394 Pml’ter

1162 4418 1437 4481 concrnnstatem
1453 4428 1564 4494 magas
1578 4405 1789 4474 inchoamus
1804 4426 1843 4469 in
1866 4425 1972 4471 unam
1999 4417 2144 4493 partem,

140 4475 205 4531 sum
219 4475 477 4542 asseverantes,
503 4480 565 4524 seu
580 4457 730 4547 speciem
746 4457 824 4526 veri
838 4452 1031 4532 habentes.¹
1084 4528 1088 4534 ,
1220 4514 1236 4525 ,,
1281 4535 1284 4540 1
1414 4508 1422 4524 ,
1689 4504 1698 4521 ,
1853 4502 1894 4519 Η

228 4561 339 4635 Certo
363 4583 464 4628 verae
486 4571 589 4647 sunt,
614 4558 712 4650 quib.
734 4572 827 4628 recte
848 4557 998 4646 cognitis
1012 4579 1112 4626 mens
1163 4524 1281 4630 famen
1302 4508 1471 4598 langmda
1496 4520 1546 4578 ‘⁸¹
1569 4528 1741 4589 ³⁵⁸⁰⁰⁸¹⁰t
1767 4516 1805 4574 ¹¹¹
1827 4527 1917 4573 ”³¹⁰
1944 4518 2084 4630 ‘³⁰¹⁰ss
2104 4503 2143 4576 fil

143 4665 293 4735 assentiri
309 4663 459 4751 cogitur,
484 4660 539 4728 vel
558 4673 700 4750 propter
716 4658 941 4742 evidentiam,
956 4660 1011 4727 vel
1029 4653 1113 4750 pro·
1163 4625 1260 4684 “¹²⁰⁸
1272 4610 1488 4703 m¹p¹⁰⁰d⁰⁰

142 4779 209 4854 pter
227 4763 588 4843 demonstrationem,
628 4762 683 4829 vel
709 4774 851 4851 propter
877 4761 1111 4830 universalem
1265 4761 1406 4844 Falsae,
1442 4782 1532 4852 quae
1569 4778 1643 4823 non
1676 4769 1875 4844 congruunt
1910 4755 1992 4824 cum‘
2026 4756 2142 4829 rebus.

144 4866 404 4959 experientiam,
428 4876 488 4933 aut
514 4859 714 4932 testimonia
738 4862 996 4936 nonlallentia,
1034 4858 1113 4931 Etsi
1163 4863 1302 4935 Multae
1334 4875 1451 4933 autem
1484 4856 1633 4949 speciem
1662 4857 1735 4926 veri
1763 4852 1913 4938 habent,
1954 4871 1988 4928 et
2013 4880 2141 4946 magno

146 4971 226 5039 enirn
246 4967 423 5042 hnmanae
445 4978 579 5034 mentes
604 4988 677 5033 non
700 4977 847 5055 possunt
878 4964 999 5034 omnia
1032 4986 1114 5054 per-
1164 4991 1245 5036 cum
1279 4966 1450 5056 applausu
1488 4958 1732 5050 excipiuntur,
1779 4972 1819 5029 ut
1853 4955 2025 5050 Epicurea
2061 4959 2141 5029 illa:

148 5064 305 5155 eiurari,
330 5083 365 5140 et
387 5067 520 5137 multae
540 5078 623 5135 sunt
637 5067 819 5154 ambiguae
833 5063 1034 5154 opiniones,
1060 5062 1114 5134 ta·
1166 5066 1340 5158 Voluptas
1366 5077 1417 5134 est
1443 5084 1619 5133 summum
1644 5061 1790 5131 bonum.
1850 5059 1891 5129 ln
1905 5060 1995 5129 aliis
2027 5059 2144 5128 marri-

150 5169 423 5246 nenDeusvult
442 5168 579 5260 aliquas
603 5189 676 5236 esse
699 5182 826 5250 certas,
854 5167 970 5235 firmas
991 5179 1026 5235 et
1048 5167 1115 5234 im·
1165 5169 1251 5238 festa
1280 5180 1332 5236 est
1362 5166 1519 5250 vanitas,
1558 5174 1614 5233 ut:
1650 5161 1713 5233 sot
1744 5174 1795 5235 est
1825 5157 1957 5234 halitus
1984 5160 2144 5256 qtmtidie

149 5289 245 5346 motu
264 5272 434 5355 noticias,¹
475 5271 567 5338 vitae
600 5269 777 5339 rectrices:
811 5267 900 5338 V‘ult
931 5291 967 5337 se
994 5268 1114 5358 aliquo
1166 5271 1374 5360 deflagrans.
1463 5330 1466 5334 ,

150 5378 241 5451 nodo
254 5373 419 5468 agnosci,
439 5371 516 5444 vult
530 5393 605 5441 esse
618 5386 848 5441 numerorum
867 5384 901 5441 et
923 5370 1114 5460 figurarum

1692 5466 1782 5543 hl*
1825 5523 1834 5544 l
