4538 5754
96 232 153 308 ur
551 201 555 210 “
641 229 707 309 rx.
758 227 1125 311 connumera
1161 226 1489 307 massanos
1978 232 2078 309 roo

114 413 260 494 propter
281 396 462 472 Christum
487 423 528 472 ac
547 425 612 493 per
631 398 813 476 Christum
838 401 1036 476 resuscitari
1086 398 1256 488 Sanctis,
1287 403 1325 473 id
1358 415 1428 482 est,
1462 422 1526 490 ego
1556 400 1711 472 sustineo
1740 413 1886 495 propter
1910 400 2074 491 Sanctus,

96 517 215 589 ortet,
241 517 360 595 postea
382 504 427 572 ad
452 504 609 573 membra
633 506 890 574 accommodari
912 519 1037 595 potest,
1085 528 1175 598 quos
1196 505 1327 592 diligo,
1358 517 1393 574 et
1414 526 1478 593 pro
1499 503 1549 573 eis
1572 501 1683 573 offero
1705 497 1774 574 hoc
1797 527 1914 573 meum
1939 507 2072 577 sacrifi-

96 628 142 673 ne
157 606 435 674 accommodatio
454 617 570 674 tamen
587 607 779 695 prudenter
794 606 871 690 fiat,
895 620 935 676 ut
944 605 1036 675 Filio
1087 607 1199 689 cium,
1225 606 1334 698 idque
1348 628 1413 696 pro
1430 604 1480 672 eis
1497 602 1648 694 adplico.
2177 606 2180 610 ’

96 705 118 772 ’ἰ
144 700 1037 825 311113ὴοΨὸΡΓΟΡῗῙῑῙῆῙΐῙῦὓθωῗν,(1θῖ1108ῑῆῙο
1185 733 1325 806 Deinde
1356 734 1518 824 adiungit
1542 729 1753 804 antithesin:
1785 729 1864 804 Sed
1883 731 1974 816 alii,
2007 738 2075 836 qui

96 805 220 923 ’‘Qu“
236 805 416 897 l⁰q¹¹¹¹¹¹¹2
450 806 613 924 Y¹df³¹¹ffet
634 809 678 876 de
700 821 827 926 melli?
850 830 1035 899 P³⁸⁸¹0¹¹¹⁵·
1085 832 1205 904 alium
1219 844 1435 933 sequuntur,
1462 831 1652 904 cumulant
1665 831 1742 904 sibi
1753 830 1915 919 dolores,
1942 832 2070 910 iturum

97 906 137 1021 ¹¹}
154 903 221 1022 ΡΗ
245 920 412 1025 m⁰r⁸f⁵t
431 907 639 1025 ⁵³⁶¹¹fi⁶¹‚¹¹¹¹]
664 930 728 997 ΡΥ0
750 909 838 978 ³¹¹¹*
888 908 1035 1026 N‘Jffle
1085 939 1272 1007 libationes
1296 939 1465 1029 repudio,
1490 960 1554 1007 nec
1576 935 1723 1005 nomina
1745 961 1868 1008 eorum
1891 963 2072 1009 commen-

96 1005 262 1124 lrctrones
288 1020 353 1076 etsr
381 1007 472 1076 fiunt
494 1008 660 1125 sacnhcra
684 1021 830 1100 propter
852 1004 1033 1080 Christum
1084 1040 1197 1122 dabo,
1229 1039 1265 1106 id
1294 1053 1365 1123 est,
1398 1039 1461 1132 qui
1481 1061 1554 1107 non
1576 1050 1790 1129 sequamur,
1824 1062 1898 1108 non
1919 1041 2071 1111 audiunt

96 1129 141 1191 θ’
165 1110 201 1176 'd
220 1108 429 1226 ‘⁸¹‘‚⁰¹{¹¹¹¹⁸
445 1105 646 1198 ss‘fflDffl’
671 1122 790 1180 ”men
806 1133 879 1179 ⁰⁰¹¹
894 1133 1035 1179 meren*
1084 1136 1285 1223 Christum,
1320 1141 1378 1208 sed
1409 1140 1547 1228 fingunt
1568 1138 1637 1207 sibi
1663 1138 1848 1228 opiniones
1871 1141 1915 1209 de
1936 1138 2012 1210 Deo
2035 1156 2070 1212 et

96 1207 205 1279 ²⁸¹¹ss
220 1231 464 1278 ¹²m¹⁸⁸¹⁰¹¹²¹¹¹
480 1222 714 1300 9⁶⁰⁰³¹⁰f¹¹¹¹b
1084 1241 1200 1310 cultus
1223 1264 1285 1310 sua
1307 1239 1473 1324 audacia,
1497 1253 1536 1310 ut
1553 1234 1699 1308 Ethnici
1721 1239 1898 1322 fecerunt,
1922 1255 1955 1310 et
1970 1266 2067 1311 nunc

153 1341 336 1414 Praeterea
351 1347 395 1414 de
410 1346 513 1415 nobis
528 1347 747 1418 nondieitur
757 1351 1031 1439 prorauaaodem
1085 1338 1224 1424 Iudaei,
1276 1336 1546 1410 Mahometistae
1579 1356 1613 1410 et
1649 1339 1851 1411 defensores
1886 1341 2065 1412 idolorum

96 1446 173 1514 ado:
201 1444 568 1516 Nondabissanclum
585 1459 685 1516 tuum
700 1450 821 1520 videre
835 1452 1031 1541 corruptio·
1083 1441 1236 1521 fatiunt,
1263 1436 1408 1523 borum,
1433 1441 1569 1534 inquil,
1595 1441 1712 1512 cullffi
1734 1465 1808 1511 ¹1⁰ss
1829 1440 1980 1533 ῐθῑῖΡῖθ,
2006 1445 2067 1513 8θᾶ

96 1569 131 1613 m
155 1568 216 1614 seu
238 1546 461 1620 deletionem.
526 1542 710 1621 Christum
731 1550 849 1620 statim
872 1553 1032 1642 oportuit
1083 1541 1153 1610 iam
1171 1542 1368 1632 pronuncio
1384 1544 1569 1612 damnatos
1583 1564 1667 1610 esse.

96 1664 258 1735 surgere,
283 1663 470 1739 antequam
492 1647 723 1738 dissiparetur
745 1651 819 1719 eius
842 1675 969 1743 corpus
992 1653 1030 1721 in
1184 1657 1350 1729 Testatur
1379 1681 1461 1749 ergo
1490 1654 1549 1728 hic
1580 1680 1700 1753 versos
1728 1657 1928 1731 defensores
1952 1661 2067 1734 idolo·

96 1769 188 1830 rem,
214 1747 296 1839 qnia
311 1749 432 1815 divina
449 1761 572 1817 natura
589 1773 661 1819 nun
676 1752 833 1821 discessit
848 1775 868 1820 a
884 1777 1030 1844 corpore
1082 1782 1182 1849 rum,
1208 1759 1344 1830 etiamsi
1358 1761 1555 1829 sacerdotes
1570 1772 1602 1829 et
1613 1756 1780 1850 Episcopi
1797 1775 1986 1848 vocantur,
2013 1779 2067 1835 ta·
2090 1804 2094 1809 -
2142 1778 2145 1786 “

96 1846 194 1919 tristi.
244 1846 314 1916 Sed
336 1862 454 1917 nostra
477 1872 641 1938 corpora,
675 1851 740 1920 etri
761 1865 903 1943 propter
923 1850 1029 1924 Chri·
1082 1885 1162 1930 men
1180 1885 1252 1929 non
1269 1883 1341 1929 esse
1356 1861 1512 1929 membra
1526 1856 1720 1943 Ecclesiae,
1744 1863 1804 1928 sed
1821 1860 1889 1930 iam
1909 1857 1975 1933 hac
1991 1864 2065 1953 ipsa

96 1970 142 2015 un
163 1949 429 2032 resuscitantur,
455 1972 520 2019 nec
541 1964 686 2020 manent
707 1952 743 2020 in
768 1966 934 2043 perpetua
950 1979 1030 2024 cor·
1082 1986 1166 2030 voce
1181 1955 1314 2033 Christi
1337 1961 1482 2030 reiectos
1506 1974 1540 2029 et
1562 1963 1747 2029 damnatos
1772 1984 1854 2033 esse.
1913 1962 1984 2034 Pro
2009 1961 2065 2034 his

96 2047 232 2136 ptiom,
259 2061 376 2117 tamen
399 2049 496 2140 prius
516 2049 554 2119 in
572 2053 795 2122 tenuissimos
810 2048 941 2127 halitus
956 2056 1030 2125 dis-
1083 2087 1155 2130 non
1179 2077 1340 2153 precatur
1353 2058 1535 2141 Christus,
1568 2063 1730 2130 sacerdos
1751 2075 1888 2148 noster,
1914 2066 1974 2133 sed
1998 2090 2063 2156 pro

96 2160 226 2218 santur.
842 2199 846 2209 ·
1081 2162 1229 2248 sarrctis,
1260 2164 1386 2246 idest,
1411 2185 1476 2252 pro
1497 2162 1665 2231 omnibus
1687 2163 1746 2255 qui
1772 2165 1921 2233 credunt
1940 2161 2063 2235 Evan-

150 2262 341 2358 Postquam
378 2268 608 2341 constitutum
647 2283 715 2354 est,
756 2293 845 2362 quae
879 2295 1027 2362 persona
1080 2265 1190 2354 8050,
1215 2277 1256 2332 ul
1277 2263 1350 2355 ipse
1373 2285 1533 2354 expresse
1554 2256 1835 2339 alllohan·17·=
1861 2259 1964 2352 Rogo
1987 2289 2061 2347 non
2182 2271 2186 2278 ⁴

96 2364 293 2455 incipaliter
331 2367 515 2459 loquatur,
565 2371 720 2440 membra
757 2371 1028 2459 consideremus,
1080 2389 1143 2456 pro
1167 2365 1216 2436 eis
1238 2378 1395 2449 tantum,
1422 2366 1481 2434 sed
1506 2365 1611 2434 etiarn
1633 2388 1698 2455 pro
1721 2363 1783 2444 iis,
1809 2363 1871 2456 qni
1897 2390 1959 2457 per
1980 2391 2062 2449 vers

97 2488 138 2534 ae
160 2480 243 2536 sunt
262 2479 431 2559 quatuor:
465 2467 593 2539 Petilio
620 2469 773 2551 Christi,
799 2486 840 2543 ut
862 2489 1028 2560 servetur,
1080 2466 1163 2535 bum
1180 2489 1303 2535 eorum
1318 2468 1460 2534 credent
1477 2466 1513 2535 in
1530 2489 1597 2539 me.
1648 2462 1861 2553 Quodicw,
1883 2479 2060 2558 utposlu·

96 2565 250 2657 lplicatiu
280 2569 470 2657 passionis,
504 2570 668 2642 Narratio
696 2575 740 2642 de
763 2576 1028 2660 rerurrectione,
1077 2566 1126 2637 lat
1149 2566 1303 2636 officium
1325 2567 1534 2651 sacerdotis,
1556 2588 1714 2655 expresse
1741 2588 1802 2656 pro
1821 2566 1924 2634 nobis
1940 2591 2059 2656 preca-

110 2665 192 2735 finis
214 2668 448 2755 narrationis,
480 2685 520 2742 ut
544 2672 687 2746 collecta
706 2669 864 2744 Ecclesia
886 2689 1026 2747 aeterna
1077 2682 1154 2751 tur,
1180 2681 1214 2737 ⁰2
1234 2690 1336 2736 ⁵¹1¹1¹1¹
1360 2667 1567 2741 ⁸³⁰¹ffi⁶i¹¹m
1583 2666 1686 2737 ⁰⁰bf⁸
1703 2665 1872 2757 adplicat,
1898 2680 1938 2735 ¹11
1954 2668 2059 2758 luigo

96 2791 162 2838 um
179 2767 340 2840 celebret.
488 2835 491 2841 ,
940 2790 942 2795 ·
1077 2767 1284 2860 loquuntur.
1336 2764 1563 2838 Conveniunt
1579 2780 1695 2836 autem
1711 2765 1772 2834 illa
1790 2768 1895 2836 verba
1911 2762 2060 2856 Christi,

149 2878 296 2953 Initium
311 2883 416 2973 primi
432 2908 552 2957 versos
567 2901 618 2958 est
632 2889 773 2979 petitio:
800 2885 958 2971 Custodi
971 2916 1026 2962 me
1076 2890 1166 2961 <1⁰2⁶
1195 2871 1297 2936 ”¹¹⁰⁶
1320 2891 1360 2936 ²¹
1382 2866 1515 2938 1⁰³⁰¹¹⁰
1536 2865 1699 2953 “dialis
1730 2888 1874 2958 9¹⁰¹⁵¹¹⁸
1895 2870 1939 2938 ad
1962 2865 2058 2940 hunc

96 3003 162 3052 sus.
214 2979 261 3053 Et
283 2985 426 3076 querela
450 2989 567 3056 addita
585 3002 652 3059 est:
678 2986 827 3062 Bonum
843 2988 940 3063 mihi
951 3017 1025 3063 non
1075 2972 1191 3038 ¹⁰⁰¹¹¹¹¹
1212 2962 1479 3041 huimpffllffli·

96 3089 193 3181 opler
212 3091 263 3165 le,
289 3087 384 3176 quod
405 3086 661 3178 simplicissime
676 3093 726 3160 sic
740 3095 916 3186 intelligo:
943 3095 1023 3165 Non
1175 3085 1472 3179 Seqtlessles'duo
1502 3107 1621 3156 Versul
1650 3083 1865 3176 amplificant
1895 3085 2055 3158 tertium:

96 3180 210 3254 mihi
231 3186 386 3269 bonum,
418 3187 454 3255 id
478 3203 546 3272 est,
579 3191 716 3281 affligor
737 3210 881 3286 propter
903 3211 955 3281 te,
987 3197 1022 3265 id
1075 3187 1154 3257 Non
1185 3187 1314 3256 frustra
1343 3185 1478 3276 patior,
1510 3188 1568 3254 sed
1601 3187 1735 3255 fructus
1762 3185 1936 3275 passionis
1959 3211 2055 3257 meae

102 3333 113 3365 ‚
148 3299 291 3377 propter
315 3300 414 3355 tuum
437 3289 639 3359 mirandum
662 3307 696 3362 et
718 3317 884 3365 arcanum
909 3299 1024 3368 consi.
1074 3290 1139 3359 erit
1161 3302 1302 3358 aeterna
1324 3299 1357 3356 et
1379 3285 1530 3375 gloriosa
1547 3283 1723 3366 Ecclesia,
1750 3286 1788 3353 in
1809 3309 1878 3378 qua
1893 3298 1927 3356 et
1942 3309 2005 3376 ego
2021 3302 2055 3359 et

99 3408 133 3453 m
157 3387 201 3455 de
220 3387 426 3457 redimendo
442 3411 567 3477 genere
582 3387 737 3464 hnmano
752 3397 845 3467 subii
861 3392 924 3467 har
938 3394 1024 3469 hor.
1073 3403 1143 3460 tota
1160 3384 1317 3458 Ecclesia
1335 3411 1452 3457 coram
1468 3385 1544 3455 Deo
1560 3385 1789 3472 laetabimur,
1814 3401 1849 3456 et
1867 3382 1981 3456 Deum
1998 3412 2055 3458 ce·

96 3487 173 3554 rdas
197 3510 345 3576 poenas,
372 3513 444 3557 non
472 3504 616 3581 propter
636 3495 753 3587 aliqua
776 3521 851 3567 mea
873 3513 1023 3589 peccata.
1071 3491 1298 3560 lehrahimus.
1356 3487 1437 3558 ldeo
1455 3487 1559 3558 dicit:
1586 3480 1713 3556 Fortes
1736 3481 1935 3556 ceciderunt
1958 3483 2056 3558 mihi

96 3608 141 3675 go
169 3611 251 3655 'cum
281 3587 328 3655 sis
350 3585 446 3658 Deus
478 3614 592 3676 meus,
626 3607 659 3664 et
689 3596 775 3666 valis
798 3598 863 3668 tibi
884 3623 1022 3670 servm
1072 3583 1326 3673 iniracundia,
1358 3590 1393 3658 id
1418 3603 1487 3673 est,
1521 3611 1595 3658 sors
1616 3583 1843 3659 haereditatis
1867 3613 1982 3676 meae,
2013 3599 2054 3660 ul

96 3688 294 3756 ereditatem
319 3701 433 3770 tuam,
467 3704 501 3759 et
524 3717 600 3761 mea
620 3700 796 3782 membra,
829 3722 904 3770 non
927 3701 1022 3771 sinas
1070 3691 1247 3761 funiculos
1277 3714 1341 3780 pro
1369 3691 1544 3759 mensuris
1577 3689 1615 3757 in
1642 3689 1816 3758 divisione
1846 3713 2051 3781 camporum

96 3788 336 3857 succumbere
348 3791 385 3857 in
403 3787 458 3859 his
472 3793 632 3863 tristibus
647 3799 835 3883 aerumnis,
861 3804 920 3872 sed
936 3826 1017 3871 con·
1071 3791 1269 3865 nominaui·

96 3911 156 3958 are
180 3903 214 3958 et
235 3890 347 3958 libera
369 3916 437 3960 me.
489 3889 590 3963 Hanc
611 3897 805 3988 simplicem
826 3905 1016 3973 enarratio·
1171 3904 1292 3979 Tertia
1323 3931 1403 3998 pars
1427 3904 1556 3977 Psalmi
1584 3909 1739 3979 namatio
1777 3923 1828 3980 est
1858 3912 1902 3979 de
1932 3932 2050 3979 resur-

96 4013 123 4057 ffl
152 3993 400 4058 “censendam
432 4016 504 4061 ²⁸⁵⁸
533 3996 636 4080 duxi,
672 4022 762 4090 quae
784 4025 849 4071 nec
869 4005 1020 4073 absurda
1070 4009 1240 4080 rectione:
1266 4007 1346 4078 Non
1373 4008 1554 4103 relinquar
1577 4008 1615 4078 in
1633 4024 1763 4094 morte,
1790 4035 1829 4079 ac
1846 4011 2048 4102 nequidem

102 4113 212 4173 ,nec
242 4093 357 4178 reddit
382 4090 543 4161 Palmum
572 4097 825 4171 obscuriorem.
889 4103 929 4175 si
960 4105 1019 4196 qoi
1071 4111 1248 4180 delebitur
1271 4133 1351 4181 caro
1375 4133 1472 4192 mea,
1497 4112 1556 4181 sed
1580 4107 1784 4183 reviviscam
1802 4120 1916 4196 totus,
1941 4109 2048 4179 etiam

96 4204 159 4280 tem
198 4191 307 4278 magis
338 4193 546 4262 concinnam
577 4196 901 4289 interpretationem
931 4199 1019 4272 mihi
1070 4235 1226 4302 corpore.
1267 4238 1269 4242 ¹

96 4291 246 4375 ‘fldem’
273 4291 425 4362 libentes
441 4317 499 4363 ⁰⁰⁸
515 4319 651 4390 Wlffl-
693 4353 702 4366 ¹
1171 4331 1305 4422 Quarta
1327 4357 1408 4425 pars
1427 4335 1466 4403 in
1490 4336 1559 4404 fine
1579 4333 1706 4425 repetit
1727 4286 1932 4401 secundam:
1966 4331 2049 4403 Ideo

143 4421 197 4494 De
227 4426 461 4517 applicatione
484 4429 608 4521 incipit
631 4434 834 4505 concionari
857 4435 895 4505 in
918 4437 1021 4507 tertio
1070 4436 1204 4525 patior,
1230 4448 1270 4504 ut
1288 4447 1322 4503 te
1341 4434 1577 4514 celebremus,
1604 4435 1684 4502 ideo
1701 4432 1803 4500 dicit:
1828 4426 2048 4502 Benedicnm

96 4548 157 4611 esu,
181 4550 220 4595 ac
235 4528 356 4598 tacitae
368 4529 559 4599 obiectioni
570 4535 738 4605 occurrit:
762 4552 906 4629 propter
917 4563 1019 4631 quem
1070 4533 1153 4611 tihi.
1203 4531 1253 4606 Et
1275 4535 1530 4607 celebrabimus
1555 4548 1587 4604 te
1610 4534 1646 4601 in
1671 4534 1742 4602 vita
1765 4544 1923 4618 aeterna,
1949 4534 2077 4628 laeti-x

96 4651 147 4696 eru
169 4628 323 4719 pateris?
374 4628 546 4699 Miserum
571 4647 622 4704 est
642 4636 715 4725 pati
734 4637 810 4706 sine
828 4638 944 4732 aliqua
962 4663 1021 4731 spe
1070 4640 1123 4708 cia
1154 4652 1187 4707 et
1210 4637 1320 4726 gloria
1345 4661 1527 4730 nunquam
1550 4635 1721 4704 desitura:
1754 4646 1869 4703 tecum
1892 4635 2049 4704 versabi-

96 4742 175 4798 .ctus
197 4743 259 4798 ant
281 4728 526 4801 liberationis?
577 4731 776 4826 Sespondet
794 4738 915 4827 igitur:
944 4737 1019 4808 lmo
1071 4763 1151 4809 mur
1174 4751 1208 4808 et
1224 4739 1383 4807 fruemur
1399 4751 1456 4808 tua
1471 4732 1726 4805 consuetudine
1740 4735 1817 4803 sine
1832 4734 1911 4804 line.
1963 4733 2048 4805 ldeo

96 4829 253 4920 apassio
272 4855 345 4899 non
361 4832 398 4901 fit
411 4834 561 4919 frustra,
587 4860 661 4903 non
677 4852 727 4907 est
743 4851 879 4910 tantum
898 4842 1020 4911 exitio·
1071 4839 1204 4933 inquit:
1243 4830 1421 4908 Ostendis
1450 4829 1547 4905 mihi
1573 4831 1741 4907 semitam
1771 4832 1883 4920 vilae,
1917 4834 1954 4903 id
1986 4850 2049 4919 est,

126 4930 217 5000 sicut
246 4946 386 5001 aeterna
418 4934 558 5004 miseria
587 4938 830 5009 diabolorum:
861 4942 921 5010 sed
946 4966 1027 5011 mea.
1054 4942 1173 5010 *verae
1194 4932 1268 5008 non
1289 4939 1495 5010 interiturae
1518 4936 1631 5022 vitae,
1656 4936 1923 5006 etuberrimam
1947 4935 2048 5006 laeti·

96 5031 156 5100 uio
183 5033 365 5122 profutura
389 5049 440 5104 est
457 5049 490 5105 et
507 5038 653 5107 salutem
671 5040 783 5130 pariet
799 5041 861 5124 iis,
887 5042 949 5134 qni
965 5066 1021 5110 me
1070 5043 1178 5125 ciam,
1201 5063 1306 5130 qrram
1331 5062 1373 5110 ex
1388 5053 1576 5130 conspectu
1592 5052 1652 5110 tuo
1670 5037 1864 5128 capiemus,
1889 5049 1923 5106 et
1937 5049 2050 5107 aeter·

96 5147 286 5228 tuscenttet
306 5136 563 5226 amplectentur
579 5163 696 5209 meum
709 5137 963 5231 Evangelium,
988 5157 1021 5212 et
1070 5167 1156 5214 num
1173 5140 1353 5232 gaudium.
1756 5164 1758 5167 ·

95 5232 233 5302 rebitur
246 5247 285 5305 ut
300 5235 345 5303 sit
359 5251 499 5306 aeterna
516 5252 549 5307 et
564 5240 715 5327 gloriosa
730 5238 886 5312 Ecclesia
904 5240 1019 5315 Deum
1252 5238 1256 5247 ¹

96 5333 231 5403 ebrans.
284 5332 367 5404 ldeo
392 5337 492 5407 dicit:
520 5328 656 5408 Omnis
680 5336 853 5413 voluntas
876 5365 956 5414 meu
979 5342 1020 5415 in

96 5437 266 5506 unctura.
286 5438 390 5505 Oeen.
413 5440 495 5505 Vos.
513 5442 605 5513 XIIl.
