4538 5754
56 202 134 295 aas
670 210 718 333 y.
769 152 1459 291 nnounutrannnnortons.
2005 219 2082 300 aas

57 384 288 472 Aristoteles,
312 408 394 457 cum
417 385 484 457 ait:
511 383 782 456 Demonstratio
806 398 860 456 εει
880 385 1046 482 syllogis-
1249 383 1423 475 Voluptas
1443 406 1516 454 non
1541 397 1592 457 cst
1613 389 1757 482 propria
1786 388 1877 464 actio
1907 386 2079 480 bominis,

58 513 139 560 mus
152 489 286 559 faciens
300 486 400 561 scire.
451 485 540 557 Mox
556 485 653 555 eninr
669 485 788 572 addit,
812 488 899 581 quid
925 487 1045 558 nomi·
1302 487 1364 555 sed
1383 485 1474 555 actio
1491 485 1652 572 virtutis,

57 604 121 662 net
134 590 336 661 scientiam:
363 586 480 673 Scire,
507 588 645 681 inquit,
668 600 720 659 est
742 610 817 658 rem
839 611 904 679 per
923 609 1045 659 cautas
1247 586 1331 657 Non
1348 587 1456 676 igitur
1471 587 1552 656 finis
1570 601 1621 658 εει
1635 587 1809 680 voluptas.

57 714 291 784 cognoscere,
315 712 379 782 per
402 710 490 783 quas
511 711 566 759 res
588 701 659 775 est,
694 701 728 758 at
750 711 961 779 cognoscere
985 713 1044 761 eas
1197 684 1251 759 Ex
1267 684 1333 758 bac
1355 690 1657 759 demonstratione
1672 690 1878 763 Aristoteles
1900 706 1993 765 recte
2018 717 2078 764 ex·

57 819 132 866 csse
155 789 265 865 buius
283 792 335 862 rei
350 813 472 861 causas
479 842 492 875 ,
518 803 554 862 et
569 785 638 861 boc
655 790 760 863 aliter
771 813 808 861 se
822 785 953 863 habere
969 814 1043 863 non
1096 791 1204 864 truxit
1221 789 1421 862 doctrinam
1436 785 1586 860 ethicen.

56 918 180 988 posse,
211 896 248 965 id
275 884 344 979 est,
376 914 499 962 causas
522 913 596 961 esse
617 894 896 965 accommodatas
927 896 960 966 et
987 889 1062 964 his'

56 997 174 1069 causis
189 995 332 1088 positis,
357 993 554 1064 necessario
576 1015 651 1064 rem
676 995 842 1074 existere,
866 1008 908 1068 ut
929 995 1043 1088 posita
1526 973 1650 1036 Aliud·

57 1098 284 1191 oppositione
302 1095 396 1168 Solis
413 1109 449 1165 et
461 1093 586 1165 Lunae
610 1117 652 1164 ex
674 1095 867 1180 diametro,
893 1109 928 1167 et
950 1112 1042 1170 terra
1244 1088 1383 1163 Delicta
1397 1092 1652 1163 contumeliosa
1668 1095 1836 1166 adversus
1849 1094 1980 1179 Deum,
1994 1092 2078 1165 item

57 1199 288 1290 interposita,
306 1194 460 1289 semper
485 1195 644 1290 sequitur
667 1195 806 1288 eclipsis
830 1198 974 1284 Lunae,
1006 1198 1042 1268 id
1298 1193 1478 1265 turbantia
1496 1195 1628 1366 inqurm
1644 1196 1807 1265 ordinem
1822 1192 1997 1266 humanae
2020 1219 2079 1266 so·

58 1315 127 1382 est,
155 1302 282 1370 umbra
300 1312 415 1370 terrae
431 1298 583 1369 incurrit
599 1296 638 1367 in
653 1297 805 1373 Lunam.
1297 1296 1442 1381 rietatis,
1457 1290 1562 1387 probr
1589 1297 1681 1368 enda
1694 1312 1728 1370 et
1740 1299 1920 1391 punienda
1935 1309 2031 1382 snut,

470 1473 478 1490 α
602 1473 611 1489 .
765 1472 773 1489 ⁸
985 1473 994 1490 ι
1247 1391 1490 1488 Blaspbemia,
1515 1397 1692 1491 periuria,
1718 1398 1915 1484 latrocinia,
1940 1397 2080 1468 adulte-

58 1472 208 1540 Suotoe
233 1465 639 1591 demonstrationes-m
662 1465 819 1564 physica
846 1476 886 1541 ει
912 1467 1042 1543 ethica
1304 1498 1376 1583 ,ἰὴ
1400 1498 1513 1586 fun„
1545 1513 1631 1587 ,ψ
1652 1501 1887 1573 mummoli„
1910 1500 2078 1570 ,dmm

204 1676 209 1685 ,
459 1567 664 1643 affirma?
834 1645 836 1649 >
1259 1632 1265 1645 ·
1298 1600 1437 1685 Deum,
1464 1615 1499 1672 et
1513 1602 1659 1672 turbant
1675 1603 1807 1674 iustum
1823 1601 1986 1674 ordinem
2009 1596 2080 1671 hu-

71 1786 76 1793 ,
161 1699 302 1773 Multae
324 1715 407 1774 sunt
428 1702 466 1772 in
480 1699 539 1783 his
557 1726 699 1799 quoqne
715 1704 1044 1779 demonstrationes.
1302 1723 1428 1770 manae
1443 1701 1637 1789 societatis,

59 1803 149 1877 Vult
165 1805 263 1874 enirn
277 1803 375 1873 Deus
391 1819 425 1876 et
441 1799 570 1875 harum
585 1807 833 1877 ‚doctrinarum
859 1807 1044 1878 certitudi-
1246 1797 1392 1872 Necesse
1408 1816 1459 1874 est
1482 1803 1610 1894 igitur,
1636 1817 1671 1876 et
1692 1799 1876 1895 prohiberi
1897 1803 1982 1875 talia
2005 1825 2080 1874 sce-

60 1930 141 1977 nem
156 1906 314 1999 aliquam
329 1928 413 1976 esse·
463 1902 605 1977 Etcum
627 1930 683 1978 res
705 1909 818 2000 ipsae,
843 1910 887 1979 de
913 1909 1045 2003 quibus
1232 1939 1234 1943 v
1299 1903 1390 1989 lero,
1417 1917 1451 1975 et
1465 1928 1544 1976 reos
1557 1906 1649 1980 tolli.

58 2001 212 2102 Physica
233 2006 393 2093 disserit,
424 2031 444 2076 a
467 2007 543 2079 Deo
568 2002 732 2081 conditae
756 2011 849 2096 sint,
881 2032 1044 2082 tumeas
1196 1998 1253 2076 Ex
1266 1998 1332 2073 hac
1346 2007 1648 2078 demonstratione
1662 2007 1755 2097 leges
1770 2007 1808 2077 in
1822 2005 2080 2098 gubernatione

58 2108 301 2198 agnoscimus,
324 2119 475 2179 utsunt:
502 2109 671 2181 noticiam
689 2125 940 2201 congruentem
963 2136 1044 2182 curn
1096 2105 1239 2199 politica
1255 2119 1485 2194 extruuntur,
1511 2123 1545 2180 et
1568 2109 1668 2180 utin
1691 2122 1766 2180 arte
1786 2110 1919 2180 medica
1945 2107 2080 2199 praeci·

60 2208 212 2281 consilio
227 2223 261 2280 et
275 2233 381 2300 opere
394 2208 475 2295 Dei,
499 2235 574 2280 non
589 2210 740 2282 dubium
757 2226 810 2283 εει
822 2230 941 2283 veram
959 2236 1043 2299 esse,
1096 2232 1165 2300 pua
1180 2229 1260 2300 pars
1276 2208 1362 2279 artis
1377 2203 1484 2281 habet
1497 2210 1842 2296 demonstrationes,
1867 2211 1999 2281 deinde
2021 2231 2080 2277 ac·

59 2326 196 2385 utrum
217 2306 310 2381 hanc
337 2312 617 2403 propositionem
638 2324 813 2384 tenemus:
848 2313 944 2406 lgnis
969 2316 1045 2388 urit
1095 2311 1225 2381 cedunt
1241 2310 1435 2380 sententiae
1455 2325 1614 2404 receptae
1635 2327 1779 2405 propter
1797 2311 1998 2403 probabiles
2020 2332 2079 2379 ra-

60 2435 228 2504 oorpora,
261 2413 393 2484 noticia
426 2413 590 2504 congruit
616 2439 695 2487 cum
718 2414 848 2486 ordine
871 2415 1044 2492 divinitus
1096 2413 1232 2495 tiones,
1256 2411 1305 2482 ita
1331 2412 1443 2482 sciant
1461 2413 1612 2483 studiosi
1634 2415 1672 2482 in
1696 2415 1822 2486 morali
1844 2412 2026 2498 doctrina,
2045 2421 2081 2484 et

60 2514 236 2588 instituto.
501 2556 503 2560 ι
1096 2512 1245 2585 eruditis
1260 2535 1299 2583 ac
1310 2537 1383 2583 non
1398 2510 1599 2605 sophisticis
1609 2513 1943 2587 lurisconsultorum
1955 2512 2080 2604 dispu-

160 2612 271 2704 Quod
295 2627 412 2687 autem
435 2614 584 2688 dicitur:
619 2613 849 2690 Mutabilium
873 2643 948 2690 non
971 2642 1043 2689 esse
1095 2615 1310 2699 tationibus,
1336 2616 1472 2706 aliquas
1494 2640 1568 2686 esse
1593 2619 1911 2689 demonstrationes
1933 2615 1973 2686 in
1993 2615 2079 2687 lun·

60 2716 380 2790 demonstrationes
412 2738 473 2787 seu
506 2717 709 2806 scientiam,
749 2722 809 2790 sed
837 2719 1043 2792 immutabi-
1095 2716 1271 2788 damantis
1297 2717 1499 2801 doctrinae,
1533 2734 1652 2809 postea
1682 2720 1855 2792 accedunt
1884 2717 2080 2790 sententiae

10 2912 15 2919 μ
59 2820 167 2901 hum,
192 2818 230 2889 id
246 2812 468 2907 intelligatur
480 2821 525 2890 de
541 2820 843 2912 propositionibus
861 2821 1045 2894 abstractis
1095 2830 1254 2911 receptae
1267 2829 1412 2911 propter
1426 2819 1628 2911 probabiles
1646 2819 1812 2892 rationes.
1851 2816 2003 2892 Erudite
2016 2841 2080 2888 au·

10 2938 22 2995 ῑ·
61 2919 273 3012 cogitatione
295 2942 318 2989 a
341 2920 466 3005 rebus,
491 2934 532 2991 ut
552 2924 713 3014 quamvis
734 2923 849 2993 violae
869 2924 939 2996 cito
963 2947 1044 3016 per·
1095 2934 1186 3004 tem,
1210 2932 1369 3009 utsupra
1383 2920 1477 3005 dixi,
1501 2921 1755 3012 legesnaturae
1773 2922 2021 3007 nominantur,
2044 2931 2080 2992 et

10 3042 15 3111 j
62 3037 155 3109 eunt,
181 3034 303 3095 tasnen
317 3013 384 3089 bae
398 3023 660 3112 propositiones
674 3047 777 3095 verae
789 3038 890 3096 sunt:
919 3024 1045 3096 Violae
1095 3019 1269 3113 principia
1284 3021 1348 3089 illa
1363 3022 1536 3113 practica,
1564 3036 1599 3093 et
1623 3023 1962 3107 demonstrationes,
1988 3043 2079 3115 quae

10 3120 17 3179 l
64 3134 141 3197 sunt
157 3122 313 3217 plantae.
365 3120 553 3195 Violarum
577 3147 700 3195 succus
720 3127 875 3196 maniter
895 3127 1044 3220 refrige-
1096 3146 1137 3192 ox
1152 3122 1203 3191 eis
1217 3123 1409 3193 necessaria
1424 3124 1677 3217 consequentia
1690 3124 1792 3199 liunt.
1842 3121 1939 3194 Haec
1953 3124 1998 3193 de
2014 3123 2078 3191 de-

63 3239 124 3302 rat.
183 3221 229 3294 ln
258 3216 352 3295 hanc
383 3225 593 3296 sententiam
617 3239 652 3296 et
675 3224 779 3298 Plato
804 3229 915 3315 dixit,
947 3231 1044 3299 ideas
1096 3223 1414 3295 monstrationibus
1427 3225 1524 3306 tradi
1538 3225 1627 3296 utile
1643 3239 1708 3311 est,
1723 3240 1759 3298 et
1773 3249 1876 3318 saepe
1889 3224 2078 3317 repetenda

66 3339 245 3421 perpetuas
267 3347 352 3400 esse.
408 3320 459 3397 Et
481 3324 708 3414 Aristoteles,
753 3330 935 3400 scientiam
971 3354 1045 3402 esse
1096 3327 1471 3415 estcommonefactio‚
1496 3339 1537 3398 ut
1549 3340 1644 3398 certa
1660 3329 1705 3397 ab
1718 3328 1862 3399 incertis
1884 3329 2079 3417 prudenter

26 3494 29 3501 .
60 3426 401 3518 ,incorruptibilium
451 3426 551 3498 Idem
565 3441 714 3522 uterque
727 3431 851 3516 sensit,
876 3445 911 3502 et
926 3431 1044 3526 loqui-
1096 3426 1363 3515 discernantur,
1394 3442 1429 3499 et
1453 3428 1677 3523 acquiescant
1699 3443 1834 3501 mentes
1856 3430 1895 3499 in
1916 3427 2079 3500 doctrina

67 3542 119 3602 tor
132 3543 283 3622 uterque
300 3531 346 3598 de
362 3528 686 3620 propositionibus,
713 3546 862 3625 quarum
878 3548 1043 3624 perpetua
1095 3541 1189 3599 certa
1204 3541 1238 3598 ει
1253 3529 1372 3611 firma,
1396 3553 1462 3601 nec
1480 3545 1605 3623 putent
1621 3530 1755 3622 ingenii
1771 3533 1877 3602 decus
1897 3553 1990 3618 esse,
2016 3553 2079 3622 pe·

69 3644 115 3703 est
127 3629 278 3712 veritas,
303 3630 378 3699 sive
392 3631 588 3719 singularia
607 3632 680 3702 sint
696 3633 766 3702 iam
782 3631 819 3702 in
843 3649 1043 3728 conspectu,
1095 3629 1282 3699 tulantiam
1299 3633 1480 3703 evertendi
1496 3656 1596 3703 veras
1610 3631 1813 3714 sententias,
1840 3634 1981 3729 quaein
1995 3654 2079 3725 pra·

70 3742 131 3804 sire
142 3756 219 3803 non
235 3731 325 3817 sint,
350 3731 433 3824 quia
449 3745 669 3824 compertum
684 3747 753 3817 εει,
775 3756 914 3827 semper
938 3738 1043 3808 tatem
1096 3730 1150 3800 vis
1165 3730 1318 3820 ingeniis
1333 3732 1460 3818 existit,
1472 3748 1513 3805 ut
1527 3734 1596 3803 alia
1606 3747 1808 3805 ¹monstrosa
1821 3749 1968 3806 naturae
1981 3733 2080 3807 vitia.

73 3856 133 3906 ttts
146 3856 269 3906 aarum
285 3855 407 3903 rerum
415 3846 593 3919 naturam,
610 3856 689 3906 cum
698 3836 831 3906 suntin
842 3853 1043 3930 conspectu.
1095 3828 1145 3903 Ut
1160 3841 1276 3930 autem
1293 3857 1398 3925 supra
1415 3835 1489 3904 diri
1505 3837 1549 3905 de
1563 3835 1743 3921 doctrina,
1768 3860 1858 3929 quae
1882 3850 1933 3909 εει
1955 3833 2079 3908 Eccle-

334 3965 344 3984 ·
638 4013 647 4032 ·
690 4018 700 4034 .
819 4015 828 4034 ·
1095 3932 1166 4002 siae
1191 3935 1352 4028 propria,
1382 3936 1430 4008 ita
1460 3959 1582 4007 rursus
1612 3960 1744 4008 moneo
1774 3938 1973 4026 studiosos,
2013 3936 2080 4008 etsi

210 4011 409 4100 &millum
429 4013 715 4083 ‘mmmmm
734 4014 896 4101 Wlffl-
928 4088 931 4094 .
1095 4034 1187 4104 acies
1203 4030 1380 4107 humanae
1395 4040 1524 4110 mentis
1538 4063 1612 4108 non
1635 4040 1748 4113 cernit
1768 4064 1913 4113 arcanas
1937 4052 2080 4110 senten-

18 4216 29 4238 ,
156 4136 342 4210 Laceratio
365 4159 558 4208 nervorum
573 4162 649 4208 non
666 4150 718 4209 est
734 4138 879 4230 opinio,
905 4139 989 4233 quia
1005 4140 1044 4211 fit
1094 4136 1182 4220 tias,
1205 4137 1244 4205 iu
1260 4132 1418 4210 Ecclesia
1435 4136 1519 4211 noce
1536 4139 1604 4212 Dei
1627 4143 1793 4228 traditas,
1818 4156 1860 4215 ut
1881 4143 1994 4212 cernit
2016 4143 2079 4209 de-

14 4297 19 4307 .
78 4235 297 4330 inpanenon
310 4239 508 4329 cogitante,
524 4238 569 4310 'et
591 4251 707 4332 potest
731 4239 808 4310 sine
831 4240 1043 4332 cogitatione
1094 4240 1369 4311 monstrationes
1395 4243 1650 4332 geometricas,
1691 4258 1752 4315 aut
1788 4240 1970 4337 physicas,
2018 4255 2079 4312 aut

10 4354 41 4439 ss,
79 4334 151 4426 ieri,
171 4342 285 4427 ferro,
311 4354 374 4413 aut
387 4336 538 4413 humore
559 4342 700 4437 aliquo,
724 4340 825 4412 utin
848 4343 1044 4435 pecudibus
1094 4332 1246 4420 ethicas,
1272 4352 1393 4412 tamen
1414 4346 1577 4428 assentiri
1594 4345 1671 4417 Deo
1693 4344 1915 4437 patefacienti
1937 4366 2078 4414 neccsse

11 4444 35 4459 '⁹
84 4443 246 4534 aptastis,
502 4464 508 4470 ·
726 4488 728 4492 .
1094 4454 1156 4511 est.
1206 4437 1255 4514 Et
1277 4466 1482 4536 quanquam
1508 4447 1697 4517 difficulter
1727 4445 1951 4537 amplectitur
1977 4469 2078 4515 mens

206 4541 394 4618 Cruciatur
408 4566 472 4616 seu
487 4546 591 4617 dolor
604 4543 765 4637 corporis
779 4544 818 4616 fit
829 4543 1044 4617 laceratione
1094 4536 1252 4615 bumana
1268 4545 1460 4616 sententias
1480 4561 1577 4618 extra
1597 4559 1758 4616 nostrum
1775 4561 1915 4640 captum
1934 4548 2081 4647 positas,

258 4662 473 4727 nervorum3
702 4685 711 4695 -
1093 4656 1213 4714 tamen
1235 4645 1409 4718 vincenda
1432 4662 1484 4719 est
1514 4649 1675 4718 infirmae
1706 4663 1854 4720 naturae
1889 4650 2078 4721 dubitatio.

207 4745 323 4839 Igitur
337 4746 514 4818 cruciatus
529 4767 591 4817 seu
607 4746 712 4818 dolor
728 4745 887 4839 corporis
902 4770 976 4819 non
992 4763 1044 4821 est
1094 4743 1212 4834 Quam
1243 4761 1376 4819 certum
1406 4764 1477 4834 est,
1508 4749 1564 4818 bis
1588 4762 1741 4842 quatuor
1768 4774 1842 4822 esse
1875 4765 1972 4838 octo,
2004 4765 2076 4823 tam

257 4846 404 4940 opinio,
429 4847 556 4918 nectit
582 4848 780 4940 opinione,¹
796 4863 837 4921 ut
863 4850 1044 4940 lingebant
1093 4859 1190 4919 certo
1206 4863 1337 4922 statuas
1353 4847 1466 4919 Deum
1483 4851 1635 4919 iudicem
1660 4873 1734 4922 esse
1755 4854 1893 4944 generis
1916 4849 2078 4933 humani,
2109 4915 2113 4923 .

133 4948 137 4955 ’
257 4947 385 5021 Stoici.
675 5030 678 5035 .
1092 4951 1307 5040 puniturum
1325 4952 1481 5027 aeternis,
1495 4953 1618 5042 poenis
1635 4966 1899 5028 contemnentes
1914 4952 2080 5046 Evange-

441 5129 451 5147 ο
1095 5049 1135 5119 1ἰί
1155 5076 1289 5136 vocem,
1312 5068 1347 5125 et
1360 5056 1526 5125 daturum
1543 5066 1685 5125 aeterna
1701 5059 1856 5147 praemia
1873 5058 2081 5147 confugien-¹

192 5127 360 5215 flml’l‘l
382 5127 564 5197 ‘limium
586 5129 906 5197 d⁰m⁰⁹¹⁸lfflff⁰lmnb
1095 5150 1192 5222 tibus
1214 5156 1258 5223 ad
1277 5152 1411 5223 Filium
1428 5155 1678 5243 mediatorem,
1705 5155 1901 5229 Dominum
1918 5171 2082 5231 nostrum

10 5243 79 5362 q?
202 5246 307 5325 Finis
331 5253 521 5324 cuiuslibet
540 5267 687 5324 naturae
712 5268 763 5324 εει
795 5251 1041 5345 propriissime
1095 5248 1212 5323 lesum
1230 5250 1431 5341 Christum,
1456 5281 1538 5327 vera
1563 5260 1779 5350 poenitentia
1804 5273 1838 5331 et
1860 5261 1940 5331 tide.
1970 5257 2083 5339 ¹Pro·
2213 5345 2217 5352 .

41 5358 46 5375 ¹
253 5354 333 5429 cius
346 5367 495 5428 naturae
509 5353 622 5440 actio,
838 5398 844 5404 -
1097 5353 1219 5427 missio
1237 5357 1437 5446 evangelica
1455 5373 1508 5431 est
1524 5362 1749 5447 universalis,
1767 5361 1808 5429 in
1822 5373 1989 5453 quamue
2000 5380 2099 5445 squu-

2059 5658 2173 5684 a*
