4538 5754
68 254 153 338 m
642 250 711 332 nt
759 245 921 326 llll—Tisi
943 238 1236 324 DOCTRINAE
1261 235 1517 318 rursm
2013 234 2092 315 Μ

70 428 169 511 δοῑῗυ
187 427 238 500 ad
257 425 395 513 stellas,
425 425 484 497 rel
508 422 691 497 stellarum
715 423 777 519 ad,
792 421 923 495 Solem.
980 415 1058 491 Hos
1107 431 1195 490 tunc
1211 377 1355 510 quidem
1371 413 1541 484 dicuntur
1553 408 1723 483 occidisse
1736 431 1862 481 occasu
1872 379 2088 502 vespertino,

67 552 216 602 sessus
235 529 345 620 vulgo
367 524 521 598 heliacus
541 537 679 599 vocant.
1107 541 1213 612 aquo
1246 528 1403 606 tempore
1433 526 1608 584 vocantur
1638 507 1822 610 ὕπαυγοι,
1854 512 1960 600 vulgo
1990 534 2089 584 com-

172 628 439 703 Discernuntnr
467 640 584 699 sutem
614 621 653 695 hi
675 637 776 695 ortus
797 635 832 693 et
852 643 995 691 occasus
1017 620 1056 688 in
1106 620 1223 705 busti,
1247 618 1360 687 donec
1381 617 1511 686 iterum
1534 613 1707 704 incipiant
1728 613 1902 704 conspici,
1927 612 1966 680 id
1989 615 2092 704 quod·

67 734 141 804 duo
154 753 301 822 genera.
352 728 538 800 Vocantur
552 727 648 796 enim
670 725 734 794 alii
754 736 853 794 ortus
876 719 1056 811 matutini,
1106 734 1183 791 tum
1218 720 1360 788 demum
1384 716 1446 801 lit,
1486 739 1565 786 cum
1597 715 1660 788 Sol
1690 727 1770 806 post
1798 712 2086 785 coniunctionem

69 833 133 903 slii
150 830 363 925 vespertini.
400 829 574 902 Similiter
588 828 757 897 dicuntur
773 837 808 896 et
822 844 964 895 occasus
979 845 1057 892 ma·
1107 833 1401 913 praetergressus,
1425 838 1503 903 eos,
1526 829 1567 886 ut
1579 816 1771 900 tardiores,
1795 828 1874 906 post
1890 837 1926 885 se
1940 813 2088 906 reliquit

68 933 178 1004 tutiui
201 946 240 1003 et
259 931 463 1024 vespertini.
1028 982 1031 986 .
1106 934 1206 993 tanto
1227 919 1439 1004 intervallo,
1463 931 1505 989 ut
1528 940 1650 988 rursus
1668 917 1764 987 cerni
1784 917 1929 1007 possint.
1980 914 2086 987 Tunc

166 1028 308 1126 Estque
352 1045 451 1101 ortus
491 1027 705 1113 matutinus,
763 1020 925 1118 ἀνατολὴ
967 1015 1053 1106 isia,
1107 1023 1195 1093 oriri
1210 1022 1378 1092 dicuntur
1392 1021 1567 1092 matutino
1582 1033 1684 1098 ortu,
1708 1031 1882 1089 vocantur
1897 1028 1932 1087 et
1950 1013 2034 1086 iuius
2050 1027 2087 1086 et

70 1135 214 1227 quando
228 1134 331 1205 stella
346 1155 451 1201 mane
465 1144 548 1201 ante
568 1142 686 1199 ortum
703 1125 799 1198 Solis
823 1148 929 1217 supra
953 1117 1054 1193 hori·
1106 1114 1398 1220 προηγόυμενοι,
1423 1133 1457 1191 et
1471 1121 1565 1191 aucti
1580 1118 1727 1203 lumine,
1748 1143 1823 1189 nou
1838 1121 1919 1188 ideo
1934 1111 2085 1195 tantum,

70 1247 208 1304 sontem
247 1235 379 1304 iterum
421 1231 656 1321 conspicitur,
703 1252 793 1321 quae
830 1227 937 1318 paulo
971 1239 1054 1297 ante
1106 1228 1201 1317 quod
1210 1223 1275 1295 Sol
1284 1224 1329 1292 ab
1345 1222 1397 1291 eis
1412 1221 1610 1310 digrediens
1624 1221 1744 1289 minus
1756 1221 1946 1312 minusque
1961 1243 2083 1289 eorum
2138 1268 2141 1273 -

68 1346 214 1426 propter
227 1331 324 1405 Solis
344 1333 455 1402 vicini
468 1333 642 1421 fulgorem
659 1352 734 1398 non
754 1330 976 1400 cernebatur.
1104 1327 1227 1394 lumen
1243 1318 1405 1407 hebetat,
1429 1323 1611 1392 sedetiam
1627 1322 1723 1415 quod
1738 1321 1806 1412 ipsi
1829 1335 1915 1393 tunc
1936 1322 1981 1389 de
2004 1341 2084 1389 arce

163 1429 287 1505 Ortus
333 1433 573 1524 vespertinus,
612 1425 773 1522 ἀνατολὴ
804 1422 954 1524 ἑσπερία
989 1440 1052 1506 est,
1104 1425 1342 1520 epicyclorum
1372 1423 1818 1518 suorumgdescendentes,
1851 1435 1966 1493 terrae
1989 1418 2083 1490 inci-

71 1535 212 1629 quando
241 1534 344 1605 stella
374 1555 543 1626 apparere
574 1531 699 1621 incipit
722 1530 859 1619 vesperi
881 1552 963 1598 mox
985 1529 1052 1598 sub
1106 1527 1213 1618 piunt
1226 1547 1300 1596 esse
1314 1525 1510 1617 propiores,
1535 1526 1683 1596 undeet
1699 1523 1942 1613 magnitudine
1959 1535 1994 1593 et
2008 1521 2081 1592 iul·

71 1658 232 1706 occasum
246 1633 364 1719 Solis,
389 1657 480 1727 quae
495 1633 594 1723 prius
615 1632 754 1719 aliquot
769 1630 894 1701 diebus
907 1640 1053 1721 propter
1103 1650 1188 1718 gore
1202 1628 1293 1696 liunt
1306 1627 1416 1716 magis
1432 1625 1625 1718 conspicui.

68 1734 158 1807 Solis
176 1735 483 1828 propinquitatem
506 1755 582 1801 non
603 1733 823 1802 cernebatur.
880 1728 931 1799 Hi
953 1742 1052 1799 ortus
1204 1724 1306 1799 Sicut
1317 1741 1434 1798 sutem
1448 1740 1520 1798 tres
1533 1726 1734 1818 superiores
1754 1739 1893 1796 tantum
1916 1725 2083 1796 occidunt

68 1837 168 1906 ucho
183 1834 371 1906 stellarum
387 1857 460 1905 non
475 1832 601 1925 procul
617 1832 662 1902 ab
675 1828 849 1923 Ecliptica
865 1831 1051 1899 diseeden·
1103 1848 1228 1898 occasu
1259 1828 1477 1918 vespertino,
1516 1827 1745 1899 esuriuntur
1775 1841 1855 1899 ortu
1886 1826 2080 1897 matutino:

67 1937 152 2007 tium
169 1958 316 2026 semper
327 1934 614 2006 coniunctionem
632 1933 788 2023 ipsarum
803 1955 883 2002 cum
899 1929 983 2002 Sole
995 1951 1052 1999 se·
1103 1930 1151 1999 ita
1168 1938 1310 1999 econtra
1326 1931 1428 1997 Luna
1454 1929 1585 2011 occidit
1599 1942 1736 2000 tantum
1757 1954 1883 1999 occasu
1902 1928 2077 1999 matutino

68 2049 241 2127 qunntur.
1103 2043 1139 2101 et
1165 2030 1281 2100 oritur
1309 2041 1392 2099 ortu
1421 2030 1640 2121 vespertino,
1685 2043 1829 2121 propter
1863 2029 2078 2100 celeritatem

95 2211 109 2221 ,
158 2131 326 2206 Occasus
354 2132 568 2218 matutinus,
608 2124 715 2213 δύσις
740 2133 798 2200 vel
817 2123 954 2226 κρύψις
975 2122 1051 2200 iuius
1102 2154 1222 2213 suam,
1247 2151 1317 2222 qua
1331 2129 1437 2219 longe
1457 2132 1603 2200 vincens
1617 2129 1712 2202 Solis
1745 2152 1887 2201 cursum
1920 2130 2078 2222 assequi-

65 2249 128 2317 est,
154 2236 307 2328 quando
320 2234 422 2304 stella
437 2235 485 2305 its
502 2257 612 2325 prope
628 2235 671 2301 ad
687 2232 806 2304 Solem
831 2233 985 2312 accedit,
1010 2244 1051 2301 ut
1102 2246 1161 2303 tur
1178 2253 1258 2300 eum
1281 2229 1467 2321 postremis
1490 2232 1615 2302 diebus
1637 2230 1787 2317 mensis,
1820 2232 1950 2324 quibus
1972 2251 2078 2299 mane

61 2361 139 2407 oum
154 2332 381 2427 prius'mane
397 2349 478 2406 ante
494 2333 588 2406 Solis
605 2348 722 2404 ortum
735 2345 947 2414 cerneretur,
972 2355 1050 2401 um·
1101 2345 1183 2403 ante
1204 2329 1299 2402 Solis
1320 2345 1437 2401 ortum
1462 2331 1538 2424 ipsa
1563 2333 1770 2425 aliquandiu
1793 2332 2007 2423 conspicitur
2021 2330 2077 2398 vi·

59 2437 154 2528 plius
169 2435 336 2527 conspici
350 2435 498 2504 desinat.
784 2437 785 2440 ’
1101 2434 1180 2502 cina
1211 2425 1408 2517 horizonti,
1432 2433 1545 2504 donec
1565 2434 1711 2525 propius
1731 2435 1897 2503 accedens
1921 2445 1995 2503 tots
2016 2456 2077 2502 oc·

161 2531 325 2607 Occasus
344 2535 581 2626 vespertinus,
613 2527 719 2614 δύσις
738 2528 763 2627 ἢ
785 2525 922 2629 sptium
944 2530 1048 2604 ἑσπε-
1100 2534 1265 2604 collatur.
1314 2530 1455 2604 Deinde
1472 2547 1550 2627 post
1568 2535 1855 2605 coniunctionem
1881 2531 2001 2604 asole
2018 2533 2075 2602 di-

58 2631 127 2732 ps'ss
155 2649 232 2717 est,
273 2637 416 2730 quando
445 2635 548 2707 stella
576 2648 678 2705 antea
699 2635 888 2725 conspicua
910 2633 1048 2725 vesperi
1099 2657 1213 2725 gressa
1235 2634 1372 2725 vesperi
1395 2647 1474 2725 post
1494 2633 1590 2706 Solis
1609 2659 1770 2706 occasum
1795 2635 1922 2705 iterum
1950 2633 2076 2726 incipit

53 2751 139 2828 post
167 2735 270 2808 Solis
296 2760 478 2821 occasum,
516 2736 566 2806 ita
593 2736 632 2806 fit
654 2735 855 2828 propinqua
880 2733 974 2818 Soli,
1006 2745 1046 2805 ut
1099 2757 1293 2824 emergere,
1320 2734 1427 2828 idque
1448 2735 1536 2807 alias
1555 2737 1687 2819 serius,
1715 2736 1801 2806 alias
1820 2735 2011 2822 maturius,
2035 2748 2076 2806 ut

54 2839 177 2909 visum
196 2850 358 2909 nostrum
372 2837 528 2925 effugiat.
1098 2835 1354 2928 supradictum
1370 2847 1432 2908 est.

159 2935 215 3007 ni
227 2960 373 3008 occasus
394 2938 499 3008 ambo
515 2937 554 3004 in
572 2934 683 3006 stellis
700 2935 826 3005 vicinis
842 2931 1046 3025 Eclipticae,
1197 2933 1269 3006 Sed
1293 2930 1351 3004 hic
1373 2935 1478 3005 etiam
1497 2935 1753 3008 consideranda
1776 2949 1827 3008 est
1855 2938 2072 3009 differentia:

48 3061 203 3130 semper
226 3038 385 3133 ipsarum
413 3061 493 3108 cum
515 3035 599 3108 Sole
626 3035 912 3108 coniunctionem
943 3058 1045 3126 prae·
1095 3032 1241 3127 Reliqui
1255 3036 1414 3128 quinque
1427 3035 1591 3108 Planetae
1612 3038 1762 3108 avicino
1778 3037 1861 3108 Sole
1882 3038 1930 3108 ita
1946 3040 2074 3108 obscu-

51 3141 206 3211 cedunt.
1094 3148 1232 3220 rantur,
1256 3151 1298 3208 ut
1310 3137 1375 3227 ipsi
1393 3138 1536 3230 quidem
1552 3161 1655 3208 suum
1670 3139 1792 3209 lumen
1810 3162 1883 3207 non
1899 3140 2073 3224 emittant,

158 3238 271 3310 Nunc
284 3239 526 3309 consideretur
541 3236 745 3312 discrimen.
1094 3238 1154 3305 sed
1179 3250 1318 3308 tantum
1338 3238 1526 3327 splendore
1548 3239 1638 3308 lucis
1660 3239 1785 3309 solaris
1813 3240 2012 3309 obruantur
2036 3253 2071 3311 et

157 3337 255 3409 Tres
276 3340 473 3431 superiores
504 3331 690 3418 Planetae,
730 3336 893 3430 quinon
925 3337 972 3406 ita
996 3338 1042 3407 ad
1094 3350 1276 3424 tegantur,
1313 3341 1374 3408 sed
1397 3337 1684 3410 Lunaaccedens
1707 3339 1886 3412 adsolent
1911 3341 2071 3432 propius,

50 3442 151 3515 solis
168 3441 338 3510 viciniam
354 3440 487 3530 alligati
504 3453 598 3521 sunt,
620 3441 679 3506 sed
698 3437 810 3508 libero
827 3439 964 3507 incessu
980 3461 1042 3526 per
1094 3460 1169 3506 non
1184 3440 1292 3508 modo
1308 3439 1464 3510 vincitur
1486 3441 1586 3530 copia
1601 3441 1691 3511 lucis
1711 3441 1855 3527 solaris,
1879 3444 1939 3510 sed
1961 3443 2070 3512 etiam

49 3555 172 3616 totum
190 3540 384 3612 Zodiacum
399 3552 589 3629 vagantur,
614 3535 704 3633 (nisi
721 3542 817 3632 quod
832 3539 870 3607 in
886 3538 1041 3631 epicyclo
1092 3539 1213 3638 lumen
1234 3560 1338 3608 suurn
1359 3541 1509 3629 amittit,
1541 3536 1609 3612 hoc
1640 3554 1708 3625 est,
1736 3543 1833 3612 illam
1856 3557 1990 3633 partem
2015 3543 2071 3613 sui

52 3667 161 3715 suum
207 3664 350 3714 cursum
394 3641 660 3711 accommodant
691 3642 735 3709 ad
765 3638 860 3711 Solis
889 3642 1040 3724 motum)
1092 3639 1266 3728 corporis,
1291 3641 1471 3732 quaeluce
1487 3642 1593 3712 solari
1608 3642 1749 3731 perlusa
1769 3656 1841 3728 est,
1866 3656 1977 3714 totam
1999 3644 2069 3735 ipsi

51 3745 227 3823 oriuntur
241 3755 381 3813 tantum
394 3741 569 3812 matutino
593 3753 691 3824 ortu,
716 3754 749 3810 et
771 3740 939 3810 occidunt
960 3752 1042 3810 tan·
1091 3738 1167 3809 Soli
1183 3741 1356 3824 obvertit,
1381 3756 1416 3811 et
1431 3743 1474 3811 ad
1500 3765 1566 3812 nos
1585 3744 1732 3815 alteram
1756 3756 1890 3834 partem
1914 3744 1993 3815 luce
2011 3771 2068 3815 cas

52 3861 131 3915 tnm
156 3843 360 3934 vespertino
389 3865 531 3927 occasu,
565 3853 606 3911 ut
627 3842 749 3911 stellae
770 3842 868 3911 coelo
896 3839 1038 3909 adfixae.
1091 3854 1225 3909 rentem
1257 3842 1441 3915 convertit.
1500 3841 1552 3917 Ita
1578 3844 1635 3928 fit,
1674 3853 1714 3914 ul
1733 3841 1836 3914 Luna
1860 3844 1951 3915 circa
1981 3871 2068 3918 con-

50 3944 242 4015 Prsecedit
256 3958 373 4017 autern
393 3965 535 4013 occasus
549 3943 768 4033 vespertinus
787 3942 826 4010 in
844 3942 957 4013 tribus
975 3964 1037 4009 su·
1090 3940 1308 4012 iunctionem
1325 3943 1455 4012 nostris
1470 3943 1582 4013 oculis
1597 3967 1742 4037 prorsus
1757 3942 1995 4018 subtrahatur.

50 4044 280 4138 perioribus,
312 4068 400 4137 quos
425 4045 560 4115 tardius
586 4044 786 4113 incedentes
809 4041 873 4111 Sol
895 4041 1038 4112 tandem
1190 4040 1260 4113 Sed
1296 4044 1368 4113 duo
1401 4042 1606 4130 inferiores,
1648 4043 1770 4117 Venus
1798 4061 1832 4119 et
1851 4046 2064 4139 Mercurius,

50 4146 275 4238 assequitur,
299 4159 335 4215 et
349 4146 515 4214 accedens
540 4144 694 4234 primum
717 4143 890 4231 fulgorem
913 4165 1036 4212 eorum
1090 4165 1212 4212 omnes
1235 4136 1299 4212 hes
1313 4144 1533 4215 differentias
1556 4160 1699 4219 ortuum
1720 4162 1753 4219 et
1769 4171 1954 4219 occasuum
1975 4151 2065 4218 reci-

51 4243 212 4331 hebetat,
234 4246 297 4314 sed
317 4258 436 4316 tamen
454 4243 664 4338 aliquandiu
687 4238 803 4313 adbuc
830 4256 910 4333 post
931 4265 1034 4312 suum
1088 4244 1211 4334 piunt,
1236 4256 1270 4313 et
1286 4257 1463 4334 praeterea
1481 4247 1585 4317 etiam
1601 4273 1699 4320 more
1718 4250 1827 4319 trium
1842 4249 2064 4338 superiorum

51 4369 216 4420 oceasum
240 4346 337 4436 ipsos
359 4366 465 4437 supra
497 4341 717 4414 horizontem
746 4344 954 4434 conspicuos
978 4366 1037 4411 re·
1087 4364 1211 4413 ornnes
1236 4344 1323 4414 alias
1345 4346 1438 4415 vices
1462 4349 1675 4435 stationum,
1702 4350 1792 4419 'recti
1824 4349 1994 4428 incessus,
2031 4363 2065 4422 et

53 4447 204 4543 linquit,
244 4470 315 4539 quo
339 4460 499 4536 tempore
520 4457 691 4514 vocantur
712 4439 870 4539 ἑσπέριοι
894 4456 927 4513 et
948 4435 1036 4514 ἑπό-
1087 4443 1374 4536 reciprocationis
1404 4448 1557 4534 obeunt,
1590 4475 1690 4533 curn,
1722 4462 1763 4520 ut
1792 4471 1897 4540 supra
1929 4451 2064 4521 dictum
2106 4448 2111 4457 '

50 4574 175 4639 peres,
196 4559 236 4616 et
251 4546 383 4617 minuti
398 4546 552 4629 lumine,
575 4545 675 4613 cuius
689 4557 807 4614 tamen
823 4544 1033 4635 appellatio·
1086 4559 1157 4626 est,
1182 4546 1231 4617 ita
1247 4546 1291 4615 ad
1307 4544 1402 4618 Solis
1424 4550 1723 4640 propinquitatem
1744 4549 1880 4641 alligati
1908 4553 1999 4638 sint,
2023 4566 2064 4625 ut

51 4641 448 4721 nisetiambaeccausa
464 4669 536 4717 esse
551 4657 684 4736 potest,
710 4667 799 4736 quae
814 4667 921 4736 supra
937 4645 1032 4716 dicto
1086 4647 1132 4718 ab
1163 4670 1205 4716 eo
1229 4647 1301 4716 lere
1331 4671 1405 4719 non
1437 4650 1580 4740 longius
1607 4651 1745 4740 digredi
1773 4652 1926 4744 possint,
1955 4676 2062 4747 quam

52 4766 116 4837 ess,
138 4747 245 4843 qood
262 4745 348 4818 Sole
363 4747 511 4839 propius
522 4747 721 4829 accedente,
747 4758 818 4833 tres
833 4744 1033 4836 superiores
1085 4759 1216 4839 quanta
1230 4749 1527 4844 estepicyclurum
1544 4751 1755 4842 amplitudo.
1802 4750 1978 4847 Perpetuo
1995 4756 2062 4845 igi·

50 4851 84 4921 in
98 4848 246 4939 fastigia
260 4870 406 4919 suorum
422 4847 660 4941 epicyclorum
681 4845 912 4931 attolluntur,
934 4847 1031 4917 unde
1083 4859 1143 4918 tur
1169 4847 1270 4941 quasi
1297 4851 1484 4943 satellites,
1515 4851 1578 4945 qui
1601 4853 1798 4924 ministerio
1825 4868 1860 4926 et
1881 4857 2062 4926 custodiae

49 4966 168 5044 postea
198 4971 342 5019 necesse
366 4962 419 5018 est
445 4959 590 5039 propter
621 4945 865 5028 altitudinem,
904 4969 1030 5018 eorum
1082 4949 1239 5039 corporis
1254 4951 1342 5039 regii
1361 4952 1524 5041 praefecti
1538 4964 1643 5037 sunt,
1667 4955 1758 5024 cirea
1771 4954 1890 5027 Solem
1914 4981 2060 5026 versan-

52 5077 194 5146 sorpora
210 5050 311 5120 cerni
328 5050 466 5118 minore
481 5062 516 5119 et
532 5049 652 5117 minus
666 5047 813 5136 fulgida.
1081 5061 1157 5134 tur,
1174 5063 1214 5119 et
1229 5052 1336 5121 modo
1351 5054 1398 5122 ed
1414 5075 1493 5120 eum
1509 5057 1691 5139 accedunt,
1713 5069 1877 5148 tanquam
1893 5061 2059 5129 mandata

147 5151 314 5225 Tandem
347 5150 494 5241 propius
516 5151 683 5219 accedens
708 5147 772 5219 Sol
796 5170 941 5238 prorsus
968 5170 1027 5218 eos
1079 5150 1274 5241 accepturi,
1309 5165 1372 5223 aut
1400 5150 1635 5224 ministerium
1665 5155 1808 5250 aliquod
1839 5160 2060 5248 praestaturi,

53 5276 110 5326 suo
121 5253 317 5346 splendore
334 5250 507 5330 occultat,
531 5262 571 5319 ut
593 5249 731 5339 vesperi
747 5262 827 5338 post
847 5247 943 5320 Solis
965 5273 1027 5319 oc·
1079 5253 1186 5320 modo
1206 5273 1330 5321 rursus
1352 5252 1457 5323 abeo
1486 5271 1694 5341 excurrunt,
1731 5258 1831 5351 qussi
1850 5248 2056 5349 speculandi

53 5378 164 5429 usum
185 5377 263 5427 non
285 5351 440 5445 emplius
460 5363 669 5445 appareant,
700 5349 792 5422 sicut
811 5362 925 5455 antea.
973 5345 1026 5446 *Ee
1077 5373 1182 5424 causa
1208 5352 1326 5423 emissi
1350 5366 1420 5448 ,ut
1444 5355 1520 5428 viae
1548 5357 1705 5451 pericula
1727 5358 1933 5452 explorent,
1959 5362 2058 5429 unde
