4538 5754
57 221 133 295 su
255 160 302 210 ⁷
670 221 717 298 v.
772 216 1098 296 suorumve
1130 216 1469 294 ntauucuces.
1521 313 1526 321 ,
2010 229 2086 302 aaa

59 409 151 481 quae
183 411 264 460 cum
290 386 481 482 principali
504 409 607 458 causa
629 399 868 472 concurrunt,
899 355 1049 457 et'.iuter
1072 390 1076 472 l
1101 386 1276 456 stiuorum
1313 383 1545 465 exulceratio,
1583 379 1866 486 προηγούμενον
1902 409 1953 467 est
1990 401 2086 489 bilis,

59 491 237 578 agendum
265 490 439 562 adiuvant
467 513 563 570 eam,
594 503 650 560 ut:
685 488 841 561 Somnus
872 500 923 559 est
946 509 1049 558 causa
1100 490 1296 559 exuberans
1325 487 1365 556 in
1390 499 1466 558 toto
1488 510 1654 579 corpore,
1684 503 1719 561 et
1740 506 1905 582 corrupta
1928 521 1968 568 ac
1995 503 2085 574 sacta

58 590 234 662 adiuvans
263 592 459 664 coctionem
482 591 683 662 ventriculi.
750 589 860 660 Calor
885 602 1049 660 externus

58 695 251 766 mediocris
274 708 326 767 est
349 718 453 765 causa
474 693 665 779 adiuvans,
690 692 728 763 id
754 707 823 778 est,
848 692 973 762 fovens
992 691 1050 760 in-

59 796 241 867 teriorem.
292 796 334 866 ln
350 794 518 889 Scipione
539 791 683 865 heroica
707 808 854 868 naturae
876 794 930 863 vis
946 793 1051 864 adiu-

60 911 119 970 vat
136 899 357 972 voluntatem
373 901 411 968 in
428 899 629 970 actionibus
644 897 830 971 virtutum.

331 1046 397 1113 Dic
418 1053 568 1114 octauam
588 1045 784 1112 diuisionem.

162 1152 318 1244 Elegans
333 1155 462 1226 divisio
479 1156 632 1225 traditur
646 1152 838 1237 aMedicis‚
859 1176 950 1247 quae
964 1178 1051 1225 cun·

59 1259 156 1351 gruit
172 1281 253 1326 cum
267 1256 404 1350 aliquot
419 1256 664 1349 superioribus
678 1255 925 1325 divisionibus.
980 1255 1049 1327 Sed

60 1373 208 1453 propter
243 1358 399 1430 illustres
428 1359 683 1450 appellationes
714 1358 1050 1432 familiariternota

59 1465 102 1532 sit
116 1461 298 1533 omuibus.
351 1458 434 1530 Alia
448 1461 653 1546 suntul‘cso,
680 1463 748 1531 alia
767 1455 953 1545 συναίτια,
981 1460 1051 1530 alia

60 1557 238 1662 σύνεργα.

162 1665 278 1737 Alcen
307 1677 391 1734 sunt
414 1663 628 1756 principales
653 1687 794 1749 carnae,
827 1677 866 1734 ut
893 1689 992 1734 meus
1017 1677 1052 1735 et

59 1770 228 1839 voluntas
249 1780 334 1837 sunt
356 1765 570 1856 principales
592 1791 716 1837 causae
739 1767 912 1839 actionem
936 1763 1050 1837 hone-

59 1886 195 1942 starum
212 1882 275 1937 ant
290 1865 570 1939 inhonestarum.

163 1964 355 2042 Συναίτια
369 1984 453 2041 sunt
467 1967 715 2040 inclinationes
727 1971 842 2049 bonae
857 1972 912 2039 vel
927 1969 1050 2059 malae,

61 2099 151 2168 quae
166 2072 302 2165 alioqui
317 2085 489 2142 vocantur
505 2094 628 2141 causae
645 2071 764 2141 miuus
781 2071 1002 2164 principales.

162 2167 343 2272 Σύνεργα
367 2190 451 2246 sunt
472 2175 528 2242 vel
553 2186 802 2264 praeparantes
825 2177 967 2257 causae,
994 2174 1050 2242 vel

60 2282 317 2356 instrumenta,
343 2291 384 2350 ut
404 2277 565 2348 doctrina
588 2288 622 2343 et
637 2275 842 2344 assuefactio
859 2290 940 2347 sunt
960 2267 1049 2346 σύν-

60 2405 153 2479 εργα
182 2379 221 2448 in
244 2378 444 2449 actionibus
467 2377 621 2447 virtutis.
682 2373 812 2447 Robur
833 2377 992 2466 corporis
1016 2391 1050 2447 et

61 2486 227 2554 laborum
263 2481 469 2564 assiduitas,
510 2493 593 2549 sunt
621 2470 785 2575 σύνοργα
814 2478 1048 2550 fortitudinis.

59 2585 101 2655 lu
125 2581 265 2653 Davide
292 2582 487 2671 praeliante
511 2580 632 2651 αἴτιον
657 2593 707 2665 est
732 2578 887 2669 Spiritus
910 2595 1049 2651 sanctus

59 2685 259 2758 exuscitans
273 2684 454 2768 animum,
480 2676 667 2770 συναίτια,
693 2682 893 2766 consilinm,
920 2682 1050 2752 volun·

59 2804 133 2872 tas,
158 2800 196 2859 et
219 2808 347 2855 manus
368 2787 616 2876 obtemperans
639 2783 789 2853 consilio
812 2798 846 2854 et
862 2784 1050 2868 voluntati,

60 2884 245 2985 σύνεργα,
272 2887 418 2957 scientia
443 2886 493 2955 rei
522 2886 706 2969 militaris,
732 2902 766 2956 et
783 2886 946 2956 laborum
963 2885 1049 2955 assi-

59 2993 189 3062 duitas.
243 2987 287 3058 ln
308 2983 435 3079 loseph
456 2989 656 3058 abstinente
678 2989 724 3057 ab
747 2987 861 3058 aliena
886 2989 1048 3078 coniuge,

59 3094 203 3175 uictor,
234 3103 286 3161 est
310 3087 466 3180 Spiritus
497 3103 654 3172 sanctus,
687 3092 817 3158 docens
846 3103 880 3160 et
901 3112 1049 3160 movens

61 3210 219 3266 mentem
242 3206 276 3262 et
301 3192 519 3263 voluntatem
540 3185 685 3282 loseph,
711 3192 924 3282 cogitatione
947 3215 1048 3260 man-

62 3299 135 3369 dati
160 3295 287 3369 divini.
351 3288 561 3378 Συν-αἰτια,
596 3314 696 3360 meus
721 3294 877 3384 cogitans
900 3296 1048 3368 manda·-

63 3417 139 3470 tum
172 3397 356 3486 divinum,
396 3410 429 3467 et
461 3396 626 3466 voluntas
655 3397 903 3487 obtemperans
932 3394 1048 3484 Spiri-

63 3503 113 3571 tui
144 3511 265 3570 sancto
293 3513 327 3570 et
355 3499 522 3568 mandato
558 3497 641 3567 Dei.
703 3490 901 3593 Σὺνεργα,
942 3497 1049 3566 disci-

63 3606 159 3695 plina
181 3615 216 3672 et
236 3601 419 3692 diligentia
441 3601 481 3670 in
505 3599 659 3670 vitandis
679 3599 878 3681 illecebris,
903 3613 944 3669 ut
959 3599 1048 3667 dici·

64 3721 135 3775 tur:
167 3703 290 3773 Vitare
305 3716 464 3796 peccata,
490 3715 541 3771 est
556 3702 666 3771 vitare
682 3701 882 3770 occasiones
899 3723 1047 3789 peccan-

65 3808 111 3878 dt.
162 3803 261 3875 Haec
281 3827 464 3876 causarum
487 3803 741 3888 consideratio,
769 3826 849 3870 cum
867 3800 953 3871 alias
971 3825 1047 3870 ma·

64 3924 148 4000 guas
167 3906 338 3977 utilitates
356 3905 476 3990 affert,
500 3917 574 3978 tum
591 3928 632 3974 eo
650 3905 757 3974 etiam
773 3904 935 3994 prodest,
964 3902 1046 3996 quia

65 4035 143 4081 cum
166 4007 341 4091 ostendit,
367 4031 458 4100 quae
483 4029 607 4077 causae
632 4007 668 4075 in
691 4006 947 4095 gubernatione
970 4021 1048 4074 mo-

64 4137 142 4184 rum
165 4123 400 4193 concurrant,
435 4123 574 4188 monet,
606 4121 647 4177 ut
663 4131 790 4201 causas
811 4106 891 4195 illas
913 4106 1048 4201 exsusci-

64 4229 196 4291 temus‚
221 4223 380 4303 petamus
403 4233 469 4280 nos
485 4211 559 4300 regi
575 4208 712 4301 Spiritu
729 4221 871 4287 sancto,
899 4207 967 4297 ipsi
984 4231 1050 4276 an-

66 4317 236 4398 nitamur,
261 4327 303 4384 ut
316 4313 395 4382 voci
409 4312 552 4382 divinae
566 4313 867 4400 obtemperemus,
894 4322 929 4377 et
941 4309 1050 4378 disci·

65 4418 158 4507 plina
185 4439 252 4484 nos
271 4416 459 4486 frenemus,
511 4412 608 4482 Haec
631 4414 750 4482 omnia
776 4410 979 4502 complexus
998 4425 1050 4482 est

67 4518 215 4601 Paulus,
250 4516 432 4609 inquiens:
459 4512 658 4605 Diligenter
679 4513 855 4583 ambulate
879 4525 1048 4605 tanquam

64 4621 255 4713 sapientes,
279 4633 344 4689 etc.

346 4764 412 4833 Dic
432 4785 551 4833 uenam
573 4765 768 4833 diuisionem.

161 4867 230 4945 Est
255 4885 291 4944 et
319 4867 405 4943 baec
436 4875 566 4944 divisio
597 4873 725 4944 usitata
751 4869 925 4955 Medicis,
959 4892 1049 4964 quae

1100 589 1217 661 acrior
1239 615 1279 660 ac
1302 589 1522 661 venenatior.
1575 586 1644 659 Sed
1670 615 1771 664 causa
1788 602 2085 700 προκαταρηιικὴ
2160 576 2184 639 *⁷

1101 692 1233 763 dicitur
1257 691 1430 763 irritatrix
1453 697 1574 776 causa,
1608 715 1714 786 quam
1740 697 1845 787 vulgo
1868 700 2085 790 primitivam
2105 742 2114 750 ·

1101 807 1240 869 vocant.
1290 791 1355 865 Est
1379 808 1495 865 autem
1517 804 1660 895 externa
1679 816 1802 882 causa,
1828 825 1917 894 qnae
1936 805 2085 879 interio-

1101 920 1176 966 rem
1198 896 1334 980 irritat,
1360 909 1400 966 ut
1424 897 1556 986 largior
1580 910 1683 986 potus
1707 896 1746 966 iu
1768 914 1882 988 aestu,
1907 921 1970 978 aut
1983 912 2085 980 crudi

1101 1000 1256 1078 fructus,
1284 1000 1344 1092 qui
1361 998 1569 1090 putrefacti,
1596 1012 1725 1089 augent
1741 1018 1948 1076 venenatam
1966 1011 2086 1098 bilem,

1102 1115 1135 1171 et
1153 1101 1388 1172 lubricitatem
1406 1101 1573 1186 efficiunt,
1599 1123 1639 1170 ac
1657 1115 1801 1173 movent
1816 1111 2086 1184 auctambilem.

1102 1201 1375 1272 Transferamus
1398 1197 1462 1274 has
1485 1201 1739 1295 appellationes
1764 1207 1806 1273 ad
1832 1206 1900 1277 alia
1918 1216 2085 1302 exempla.

1102 1301 1326 1375 Antecedens
1364 1329 1484 1390 causa,
1522 1327 1612 1400 quae
1652 1306 1784 1377 dicitur
1812 1312 2086 1411 προηγουμένη,

1102 1406 1218 1476 civilis
1240 1407 1326 1477 belli
1347 1405 1441 1476 inter
1462 1404 1647 1480 Romanos
1667 1408 1736 1479 suit
1757 1408 1796 1479 iu
1813 1408 1985 1504 Pompeio
2007 1441 2085 1485 am·

1102 1509 1191 1579 bitio
1214 1532 1276 1579 seu
1297 1507 1471 1599 cupiditas
1494 1510 1673 1581 retinendi
1695 1511 1825 1581 summi
1842 1514 1911 1584 loci
1929 1516 2022 1587 inter
2036 1520 2086 1589 ci·
2212 1574 2217 1585 .

1102 1635 1180 1697 ves,
1215 1634 1319 1703 quem
1345 1610 1408 1680 diu
1431 1612 1501 1681 iam
1527 1616 1740 1703 possederat.
1777 1611 1897 1686 'Hanc
1920 1620 2086 1690 ambitio·

1103 1737 1182 1782 nem
1196 1713 1459 1783 comitabantur
1475 1716 1579 1786 multi
1594 1716 1748 1800 affectus,
1774 1730 1888 1788 metus
1900 1721 2086 1793 amittendi

1102 1816 1177 1884 eius
1193 1814 1288 1901 lloci,
1315 1815 1514 1887 invidentia
1539 1832 1573 1888 et
1595 1818 1700 1888 dolor
1721 1842 1800 1888 cum
1816 1823 1994 1893 aemulum
2011 1849 2086 1894 cre-

1102 1940 1196 1987 scere
1227 1917 1373 1990 videret.
1434 1915 1501 1987 llis
1528 1919 1712 1993 affectibus
1738 1920 2013 2011 incendebatur,
2046 1940 2086 1998 ut

1102 2019 1227 2089 tollere
1251 2035 1311 2091 aut
1334 2021 1526 2111 reprimere
1551 2044 1630 2089 eum
1655 2035 1851 2098 coneretur.
1911 2028 1960 2097 At
1983 2051 2086 2099 causa

1101 2121 1273 2192 irritatrix
1303 2146 1363 2192 seu
1394 2119 1692 2218 προκαταρκτικὴ
1716 2125 1784 2196 fuit
1811 2130 1965 2215 potentia
1991 2130 2114 2213 tutti,

1101 2235 1136 2291 et
1159 2225 1254 2316 quod
1278 2223 1389 2294 multa
1417 2225 1556 2315 petebat
1580 2237 1641 2295 aut
1662 2226 1810 2297 iaciebat
1834 2224 1945 2300 lulius
1963 2247 2087 2303 contra

1102 2326 1319 2416 voluntatem
1344 2322 1526 2417 Pompeii,
1559 2351 1649 2420 quae
1672 2331 1847 2417 augebant
1869 2331 2086 2423 indignatio-

1100 2451 1181 2496 nem
1206 2428 1384 2499 etodium
1409 2428 1447 2496 in
1471 2429 1590 2498 auimo
1614 2426 1786 2521 Pompeii.
1862 2429 1930 2504 His
1952 2436 2087 2506 lacibus

1100 2552 1285 2615 accensus,
1317 2533 1457 2600 tandem
1492 2532 1579 2600 adeo
1605 2533 1752 2624 exarsit,
1785 2547 1827 2605 ut
1849 2535 1984 2606 bellum
2008 2562 2087 2609 mo·
2188 2546 2194 2558 '

1101 2644 1209 2703 vexet.

1202 2729 1372 2803 Nominat
1390 2732 1548 2807 Galenus
1571 2751 1606 2810 et
1629 2739 1736 2808 aliam
1752 2742 1929 2833 quandam
1948 2764 2085 2812 causam

1102 2829 1331 2928 συνεκτικὴν.
1385 2833 1453 2906 Sed
1482 2832 1567 2910 haec
1594 2864 1668 2908 non
1693 2855 1744 2911 est
1769 2843 1808 2911 in
1831 2836 1907 2928 lais,
1934 2868 2086 2937 quorum

1101 2961 1223 3007 causae
1248 2961 1327 3006 cum
1351 2937 1556 3023 factasunt,
1583 2963 1655 3010 esse
1672 2943 1870 3028 desierunt,
1898 2960 1937 3015 ut
1954 2945 2086 3013 debili·

1101 3055 1154 3109 tas
1170 3038 1360 3109 ventriculi
1376 3053 1506 3122 manet,
1533 3042 1638 3112 etiam
1650 3057 1836 3138 postquam
1849 3045 1999 3137 repletio
2013 3070 2086 3116 esse

1101 3141 1219 3212 desiit.
1270 3138 1353 3211 Nou
1378 3154 1429 3211 est
1453 3142 1563 3232 igitur
1584 3142 1732 3234 repletio
1755 3169 1858 3216 causa
1879 3143 2086 3241 συνεκτικὴ,

1101 3243 1238 3314 etiarnsi
1253 3242 1456 3336 propinqua
1471 3267 1573 3315 causa
1589 3258 1642 3317 est
1655 3247 1732 3318 eius
1746 3248 1951 3323 debilitatis.
1986 3244 2086 3320 Alibi

1100 3360 1218 3416 autem
1240 3358 1434 3437 usurpatur
1453 3341 1690 3440 συνεκτικὸν,
1716 3373 1798 3419 cum
1813 3349 1945 3421 dicitur
1962 3375 2086 3422 eorum

1100 3447 1287 3518 effectuum
1311 3470 1415 3517 causa
1431 3471 1522 3529 esse,
1549 3450 1610 3543 qui
1627 3450 1675 3520 ita
1690 3452 1846 3541 pendent
1860 3476 1880 3522 a
1897 3452 2022 3538 causa,
2046 3469 2087 3526 ut

1100 3572 1174 3617 non
1198 3551 1329 3618 durent
1348 3549 1511 3635 effectus,
1536 3575 1615 3620 cum
1631 3574 1733 3622 causa
1748 3553 1906 3641 tollitur,
1932 3571 1972 3626 ut
1988 3579 2086 3626 mor·

1101 3650 1156 3719 bis
1186 3650 1318 3721 dicitur
1345 3649 1558 3744 Synecticon
1588 3655 1843 3746 symptomatis.
1918 3646 2086 3729 Pleuritis

1100 3767 1150 3824 est
1168 3752 1372 3845 synecticon
1390 3751 1466 3822 eius
1482 3753 1592 3822 febris
1608 3778 1699 3846 quae
1714 3759 1859 3830 accedit.
2089 3752 2093 3758 ⁷

1362 3932 1430 4001 Dic
1449 3932 1607 4001 decimam
1628 3934 1825 4005 divisionem.

1201 4050 1443 4126 Efficientium
1465 4056 1555 4126 aliae
1576 4073 1688 4148 agunt
1711 4076 1827 4131 motae
1850 4064 1894 4133 ab
1916 4064 2012 4145 aliis,
2046 4077 2086 4132 ut

1101 4159 1265 4226 voluutas
1288 4157 1360 4246 agit
1384 4172 1477 4228 mota
1500 4160 1545 4229 ab
1571 4159 1730 4246 obiecto,
1765 4165 1859 4257 quod
1883 4167 2084 4253 cognitione

1102 4272 1337 4329 monstratum
1362 4283 1423 4329 seu
1447 4261 1606 4331 oblatum
1631 4278 1683 4332 est
1706 4264 1899 4342 voluntati,
1933 4280 1972 4335 ut
1996 4266 2084 4334 dici-

1101 4378 1174 4433 tur:
1210 4359 1327 4448 lgnoti
1352 4363 1451 4431 ntrlla
1476 4363 1616 4454 cupido.
1662 4358 1770 4434 'Aliae
1795 4380 1877 4435 sunt
1904 4380 2084 4436 moventes

1101 4486 1162 4533 seu
1185 4461 1421 4552 impellentes,
1455 4489 1545 4557 quae
1569 4466 1737 4535 dicuntur
1761 4465 1980 4557 impulsivae.
2042 4467 2083 4538 ld

1101 4587 1232 4633 nomen
1255 4564 1411 4635 retinent
1428 4562 1691 4650 iurisconsulti,
1717 4580 1872 4638 sumtum
1897 4593 1936 4639 ex
1960 4566 2083 4641 rheto-

1100 4666 1194 4738 ricis.
1245 4662 1323 4736 Etsi
1339 4682 1454 4738 autem
1471 4668 1651 4738 interdum
1665 4670 1937 4742 confunduntur
1951 4672 2084 4763 impul-

1101 4769 1176 4837 siva
1207 4781 1242 4837 et
1270 4768 1405 4849 finalis,
1449 4783 1566 4839 tamen
1595 4770 1778 4842 sciendum
1813 4789 1864 4845 est
1893 4775 2084 4844 discrimen

1101 4870 1279 4965 quoddam
1304 4892 1388 4941 esse.
1442 4869 1634 4959 lmpulsiva
1658 4887 1709 4944 est
1732 4873 1876 4946 affectus
1903 4875 1956 4943 vel
1984 4878 2084 4945 ubie-

61 4976 199 5046 erudite
227 4975 399 5045 disceruit
425 4977 613 5047 interiores
642 4996 764 5045 causas
794 4988 827 5045 et
850 4973 1049 5046 exteriores.
1101 4987 1195 5044 ctmn
1220 4995 1366 5040 movens
1384 4986 1563 5059 agentem,
1583 4989 1628 5044 'ut
1644 4973 1810 5048 dicimus:
1839 4976 2085 5050 Misericordia

4 5072 15 5097 ⁸
59 5073 264 5149 Efficieutia
285 5088 369 5147 snm
389 5079 566 5169 duplicia,
599 5068 883 5174 προηγούμενα,
910 5090 1049 5146 antece-
1101 5086 1218 5144 motus
1242 5087 1311 5159 est,
1332 5073 1407 5158 vel,
1434 5072 1556 5164 iuopia
1579 5076 1685 5146 amici
1709 5091 1825 5150 motus
1846 5079 1985 5172 scripsit
2003 5104 2084 5150 eum

59 5181 194 5253 dentis.
259 5175 363 5266 ,Sunt
398 5196 514 5252 autem
553 5180 743 5249 interiores
783 5177 1050 5269 dispositiones,
1100 5171 1297 5249 haeredem.
1349 5172 1601 5264 Prodigalitate
1621 5193 1785 5250 movetur
1807 5181 1931 5265 iudex,
1964 5196 2003 5251 ut
2026 5184 2085 5251 det

58 5307 148 5376 quae
174 5278 333 5353 irrllatae
355 5282 401 5351 ab
417 5283 570 5356 externis
588 5282 702 5352 causis
718 5279 1048 5372 suntprincipalio-
1101 5291 1266 5350 tutorem.
1334 5273 1474 5348 Dicitur
1502 5277 1610 5369 igitur
1641 5282 1867 5372 prodigalitas
1896 5282 2087 5373 impulsiva

58 5408 115 5454 res
137 5405 266 5457 causae
285 5382 489 5471 effectuum,
516 5397 558 5456 ut
578 5407 658 5454 cum
678 5382 878 5478 dysenteria
898 5384 942 5455 sit
958 5383 1049 5454 inte·
1101 5402 1220 5453 causa:
1248 5380 1307 5452 sed
1331 5379 1447 5451 bualis
1468 5393 1537 5466 est,
1568 5394 1608 5452 ut
1629 5396 1788 5455 servetur
1804 5380 1968 5474 Respub.
1986 5384 2095 5452 cuius

1496 5475 1612 5559 ,ψ
