4538 5754
96 276 123 348 s
677 278 743 358 tv.
794 230 1072 356 nonnanes
1099 275 1437 357 auuromcss.
1997 290 2073 370 aaa

96 471 122 516 ·e
141 449 337 519 desiderari
359 464 474 542 potest
496 454 698 545 diligentia,
725 456 807 548 quia
835 478 909 524 non
934 477 1036 545 saepe
1086 454 1182 547 quod
1201 454 1354 545 voluerit
1367 450 1543 521 Milonem
1560 451 1773 542 interficere,
1800 460 1929 549 partim
1951 465 1997 533 de
2018 463 2073 536 ia·

96 565 253 641 >ponunt
268 554 535 624 concionatores
552 581 725 626 summam
742 557 818 626 eius
834 557 885 625 rei
902 560 945 625 de
966 582 1034 648 qus
1085 555 1235 636 cultate,
1268 557 1363 647 quud
1398 553 1542 624 Clodius
1577 559 1732 645 potuerit
1765 561 1915 632 insidias
1947 567 2072 651 iacere,

96 652 174 721 turi
191 668 291 736 sunt,
318 677 356 722 ea
370 680 423 724 res
442 656 535 741 facit,
560 673 602 727 ut
616 658 760 727 auditor
775 659 933 728 incertus
949 682 1036 728 nus-
1084 654 1178 724 Milo
1194 680 1268 725 non
1288 656 1451 746 potuerit.
1503 653 1551 723 Hi
1568 656 1637 727 loci
1653 674 1734 728 sont
1750 685 1791 729 ex
1812 675 1940 734 natura
1962 666 2072 752 ducti,

96 776 150 821 am
167 755 276 837 sciat,
300 757 387 847 quid
403 771 584 848 expectare
601 761 737 832 debeat.
773 755 952 831 Rhetores
967 756 1035 828 hoc
1085 758 1224 825 namin
1244 759 1412 827 omnibus
1436 752 1621 827 hominum
1643 761 1745 830 iactis
1769 786 1909 835 necesse
1930 780 1982 837 est
2004 792 2070 837 vo·

96 878 136 933 ιο,
154 856 341 925 divisionis
357 879 418 927 seu
437 860 640 949 partitionis
657 861 874 929 mentionem
888 861 1034 945 iaciunt,
1085 858 1255 927 luntatem
1274 872 1308 928 et
1325 859 1525 928 facultatem
1542 883 1762 937 concurrere.
1814 863 1937 958 ltaque
1958 867 2068 938 iidem

96 956 279 1026 nedicunt
301 981 394 1039 esse,
422 984 500 1028 cum
525 963 801 1052 propositionem
828 963 876 1031 ita
901 963 1034 1032 consti·
1084 960 1153 1028 loci
1179 960 1365 1028 maximam
1397 958 1473 1026 vim‘
1500 963 1593 1050 apud
1627 959 1899 1037 Iurisconsultos
1922 962 2069 1052 habent,

96 1057 199 1140 imus,
224 1071 265 1126 ut
280 1060 386 1130 simul
403 1085 610 1132 moneamus
637 1087 727 1156 quae
748 1063 948 1156 relinquere
971 1088 1032 1132 ve·
1083 1061 1145 1151 qui
1161 1061 1271 1130 multa
1289 1085 1329 1129 ex
1344 1063 1713 1161 praesumptionibus,
1739 1067 1775 1134 id
1793 1082 1863 1146 est,
1889 1068 2070 1141 coniectu·

96 1181 168 1241 uns,
193 1172 254 1228 aut
269 1185 349 1228 cum
369 1186 639 1248 enumeramus,
664 1188 770 1257 quam
795 1166 926 1232 multae
952 1189 1032 1254 par·
1082 1162 1217 1232 talibus
1233 1162 1448 1251 argumentis
1464 1163 1632 1234 iudicant.

96 1260 215 1328 ,nobis
231 1265 434 1332 tractandae
449 1277 543 1334 sunt,
1186 1261 1358 1334 Voluntas
1380 1257 1484 1331 hahet
1506 1266 1593 1333 duas
1610 1265 1750 1356 species.
1783 1263 1905 1339 Altera
1919 1286 2068 1343 vocatur

846 1348 881 1405 ⁸
1081 1365 1266 1454 impulsio,
1293 1388 1381 1458 quae
1397 1364 1540 1433 affectus
1555 1368 1731 1445 continet,
1758 1382 1797 1437 ut
1813 1367 1961 1441 Clodius
1978 1376 2067 1444 ode·

1082 1478 1133 1534 rat
1151 1464 1346 1548 Milonem,
1373 1467 1481 1553 igitur
1499 1469 1663 1557 cupiebat
1678 1490 1757 1535 eum
1775 1473 1966 1543 extinctum
1983 1498 2067 1545 esse.

146 1565 377 1637 Confirmatio
394 1569 602 1637 difficillima
620 1594 702 1660 pars
717 1584 768 1637 est
783 1569 929 1637 oratorii
947 1592 1032 1658 ope·
1070 1567 1202 1635 ¹Altera
1219 1567 1348 1637 dieitur
1362 1567 1604 1652 ratiocinatio,
1628 1593 1718 1660 quae
1735 1593 1753 1637 a
1773 1571 1870 1640 finali
1888 1598 1990 1644 causa
2008 1600 2069 1646 su-

96 1712 114 1747 „
139 1664 225 1740 haec
249 1671 343 1738 enim
370 1672 579 1759 persuadere
600 1671 711 1739 iudici
737 1670 859 1751 debet,
884 1683 923 1738 ut
947 1694 1031 1758 pro·
1082 1667 1207 1750 mitur,
1234 1692 1313 1736 cum
1331 1668 1734 1756 duciturargumentum
1753 1694 1772 1737 a
1792 1679 2067 1762 specommodi.

96 1768 214 1839 sitioni
240 1772 463 1842 assentiatur.
526 1768 668 1839 Etenim
700 1794 780 1839 cum
814 1772 910 1839 aliud
937 1765 1029 1839 nihil
1080 1766 1169 1836 Nam
1194 1764 1368 1837 humanae
1390 1782 1525 1838 mentes
1548 1771 1744 1860 plurimum
1774 1791 1964 1846 moventur
1988 1779 2068 1867 opi·

107 1874 320 1961 propositio,
347 1873 416 1939 nisi
436 1872 616 1941 conclusio
631 1872 929 1952 confirmationis,
956 1895 1028 1939 non
1079 1870 1188 1937 nione
1200 1869 1381 1950 utilitatis,
1408 1883 1447 1940 ut
1461 1868 1589 1940 Clodio
1605 1874 1768 1963 proderat
1783 1871 1934 1946 Milonis
1954 1879 2068 1951 inter·

96 1975 242 2043 trebitur
271 1975 373 2040 fidem
405 1974 619 2064 propositio,
665 1973 734 2041 nisi
762 1971 1029 2042 confirmatione
1081 1970 1168 2048 itus,
1192 1967 1326 2038 Miloni
1347 1995 1421 2040 non
1446 1970 1745 2059 proderatClodii
1768 1975 1952 2062 interitus,
1983 2002 2066 2068 ergo

96 2087 265 2164 ›pugnata
288 2075 406 2145 facerit.
471 2073 560 2143 Nam
592 2086 632 2144 nt
657 2072 842 2144 Dialectici
873 2075 1029 2152 tradunt,
1081 2070 1272 2140 verisimile
1287 2085 1357 2154 est,
1377 2069 1543 2142 Clodium
1564 2074 1686 2143 iecisse
1708 2075 1867 2147 insidias.
1920 2076 1975 2149 Ex
1998 2076 2066 2148 hoc

96 2175 463 2266 refectispraemissis,
490 2199 592 2243 ruere
608 2174 871 2243 conclusionem
891 2198 1029 2243 necesse
1080 2172 1157 2240 loco
1176 2185 1257 2241 nata
1275 2197 1342 2240 vox
1360 2185 1411 2241 est
1423 2171 1551 2258 Cassii,
1578 2175 1677 2243 cuius
1694 2198 1794 2265 saepe
1814 2178 1898 2249 iacit
1912 2181 2067 2250 mentio·

103 2325 113 2354 ,
145 2291 187 2348 ut
216 2300 306 2370 quae
326 2277 372 2346 sit
394 2277 491 2345 velut
511 2275 690 2364 fastigium
714 2297 776 2344 seu
800 2288 931 2344 tectum
957 2277 1028 2370 syl·
1080 2296 1160 2340 nem
1183 2271 1327 2355 Cicero,
1360 2277 1601 2365 quaerendum
1630 2276 1668 2343 in
1700 2276 1851 2369 iudicio,
1884 2281 1941 2349 eui
1968 2283 2065 2351 bono

96 2378 194 2460 :ismi
1080 2375 1196 2442 luerit.
1248 2373 1411 2443 Facultas
1428 2375 1586 2447 continet
1601 2377 1698 2467 signa
1716 2391 1749 2447 et
1770 2378 2066 2453 circumstantias.

143 2477 194 2547 At
216 2478 285 2546 loci
311 2478 370 2568 qui
392 2478 428 2544 in
446 2474 637 2547 Rhetorica
655 2479 863 2559 traduntur,
889 2489 1026 2546 tantum
1080 2474 1187 2562 Signa
1215 2488 1299 2545 saint
1320 2477 1409 2544 facta
1429 2489 1489 2544 aut
1506 2490 1610 2546 notae
1632 2479 1781 2547 alicuius
1797 2480 1865 2560 rei,
1903 2481 2067 2555 iudican-

96 2591 238 2648 monent
252 2601 317 2645 nos
334 2580 377 2645 de
391 2580 515 2662 rebus,
541 2580 638 2646 unde
661 2580 854 2649 sumendae
878 2577 950 2647 sint
972 2602 1028 2647 res
1080 2589 1138 2644 tur
1167 2589 1283 2644 autem
1316 2579 1420 2646 etiam
1454 2580 1634 2662 communi
1664 2603 1769 2650 sensu
1790 2584 1867 2649 sine
1889 2585 2065 2655 doctrina.

104 2680 262 2772 quolibet
280 2683 407 2768 genere
434 2703 576 2763 causae,
599 2703 661 2749 seu
683 2679 799 2770 potius
822 2701 949 2767 magno
971 2702 1027 2747 re·
1079 2675 1170 2746 Sunt
1192 2677 1287 2744 enim
1312 2678 1368 2746 vel
1388 2702 1511 2747 causae
1527 2681 1583 2746 vel
1601 2680 1744 2750 effeetus
1759 2683 1943 2756 sactorum.
1997 2686 2066 2756 Fa·

96 2806 124 2848 m
151 2805 275 2850 acervo
301 2782 502 2873 proposito,
534 2781 621 2872 quid
647 2779 735 2869 elegi
759 2781 906 2864 debeat,
931 2781 1025 2872 quod
1078 2777 1155 2845 cilis
1171 2777 1279 2865 igitur
1296 2790 1345 2846 est
1360 2779 1576 2866 comparatio
1595 2781 1685 2870 signi
1700 2784 1744 2848 ad
1763 2783 1905 2856 iactum.
1946 2785 2066 2883 Quae-

105 2884 327 2973 propositum
353 2885 511 2973 quadret.
562 2877 805 2974 Deprehensis
830 2895 946 2950 autem
971 2905 1027 2949 re·
1079 2881 1158 2945 dam
1184 2891 1267 2948 sunt
1290 2881 1549 2962 antecedentia,
1583 2895 1643 2960 ut,
1678 2881 1770 2951 Milo
1792 2885 1892 2954 duxit
1917 2910 2063 2957 errorem

96 3006 109 3051 s
137 3007 200 3053 seu
230 2983 378 3053 materia
400 2996 708 3071 argumentorum,
740 2985 892 3051 tenenda
921 2994 1026 3051 estet
1079 2992 1111 3047 et
1126 2979 1260 3047 liberos
1276 3003 1393 3048 secum
1410 2979 1446 3046 in
1463 2974 1590 3049 Rheda
1598 3031 1610 3064 ,
1637 3005 1716 3070 erga
1741 2999 1888 3054 nonest
1912 3011 2063 3057 consen·

96 3109 154 3152 ma
172 3087 342 3176 quaedam
360 3097 668 3172 argumentorum,
691 3086 735 3152 de
760 3078 825 3151 hac
846 3107 920 3152 non
944 3085 1026 3151 satis
1078 3093 1232 3165 taneunt,
1257 3080 1452 3169 profectum
1469 3103 1550 3150 eum
1568 3103 1640 3150 esse
1655 3085 1698 3150 ad
1715 3087 1957 3174 pugnandum,
1980 3113 2064 3157 nam

96 3187 225 3278 ¹spicue
248 3182 467 3275 praespiunt
491 3179 659 3255 rhetores.
712 3181 836 3277 Itaque
857 3184 1025 3252 monendi
1078 3182 1270 3270 pugnaturi
1304 3204 1378 3248 non
1411 3182 1594 3252 adducunt
1627 3184 1759 3254 liberos
1788 3187 1826 3253 in
1860 3187 2086 3275 discrimen„

95 3304 123 3358 rt
138 3288 388 3368 adolescentes,
413 3298 452 3354 ut
467 3286 671 3355 dialecticen
689 3286 877 3354 consulant
892 3286 936 3352 de
952 3288 1025 3354 for·
1079 3281 1262 3370 Quaedam
1286 3296 1485 3374 sequuntur
1509 3284 1657 3368 factum,
1682 3299 1722 3354 ut
1745 3286 1854 3374 fugit,
1881 3290 2065 3380 expalluit,

114 3392 416 3475 argumentorum.
467 3383 543 3454 Etsi
560 3388 653 3454 enim
669 3387 819 3455 liberior
838 3398 888 3454 est
912 3387 1024 3455 oratio
1078 3384 1231 3453 erubuit.
1262 3380 1827 3477 Circumstantiaesunttempus,
1855 3388 1974 3475 locus,
2001 3410 2103 3484 aps

96 3489 241 3569 solaris,
268 3513 372 3580 quam
389 3489 443 3554 illi
460 3488 564 3555 eriles
581 3501 614 3557 et
630 3489 720 3557 nudi
735 3486 930 3582 syllogismi
947 3488 1023 3554 dia·
1077 3498 1238 3575 paratus,
1278 3485 1374 3553 iuxta
1409 3486 1640 3556 versiculum:
1693 3486 1805 3577 Quis,
1845 3490 1948 3581 quid,
1990 3493 2064 3576 ubi,

96 3594 267 3668 ticorum,
294 3605 409 3659 tamen
423 3591 581 3658 membra
597 3602 885 3678 argumentorum
903 3591 1023 3656 eadem
1078 3587 1206 3676 quibus
1221 3585 1382 3667 auxiliis,
1410 3610 1484 3668 cur,
1509 3590 1701 3678 quomodo,
1723 3592 1879 3681 quando.
1930 3591 1978 3663 Et
1995 3590 2064 3662 ho-

96 3713 280 3762 enecesse
301 3703 368 3773 est,
412 3691 566 3780 quaein
596 3691 787 3759 dialecticis
820 3691 1024 3757 traduntur.
1078 3711 1155 3755 rum
1174 3687 1420 3754 ratioasensu
1437 3689 1617 3756 communi
1632 3692 1780 3779 petenda
1796 3706 1858 3770 etl,
1886 3706 1925 3762 tt!
1939 3692 2063 3764 Cicero

96 3819 198 3888 ioque
223 3816 280 3875 ea,
306 3816 395 3884 quae
412 3790 533 3861 Cicero
556 3793 599 3859 de
621 3792 825 3884 syllogismo
853 3791 979 3872 tradit,
1004 3813 1023 3857 a
1077 3787 1235 3855 nonfuit
1256 3787 1295 3852 in
1311 3788 1418 3867 urbe,
1445 3811 1524 3855 cum
1541 3786 1670 3856 Caesar
1692 3789 1967 3878 interficeretur,
1993 3797 2063 3885 igi-

100 3894 235 3964 lecticis
253 3907 433 3962 mutuatus
451 3907 501 3961 est
522 3894 651 3961 omnia.
703 3890 888 3962 Caeterum
905 3904 1025 3961 orator
1077 3902 1135 3956 tur
1159 3911 1232 3955 non
1257 3887 1433 3976 interfecit
1454 3883 1652 3961 Caesarem.
1712 3890 1857 3961 Praeter
1878 3890 1944 3964 hos
1967 3899 2062 3965 locos

96 3998 146 4068 tit
161 4019 199 4064 ea
216 3997 317 4087 quasi
334 3990 458 4063 habitu
474 3995 677 4076 verborum,
698 4008 732 4063 et
748 3995 786 4061 in
802 3994 1023 4084 disponendo
1076 4001 1158 4058 sunt
1181 3987 1336 4079 ἄτεχνα,
1372 4013 1461 4082 quae
1485 3994 1743 4080 propemodum
1762 3995 1805 4061 ad
1831 3995 1929 4084 signa
1953 3999 2062 4094 perti-

96 4099 191 4167 erior
220 4112 288 4179 est,
334 4119 438 4187 quam
470 4094 684 4164 dialecticus.
748 4092 790 4160 ln
820 4095 1023 4185 syllogismo
1076 4103 1181 4168 nent,
1209 4102 1332 4172 testes,
1359 4087 1611 4182 chirographa,
1638 4095 1895 4179 confessiones,
1920 4100 1964 4166 de
1979 4099 2061 4190 qui·

97 4223 270 4290 erumqne
293 4221 311 4264 a
339 4197 475 4265 minore
497 4190 641 4264 inchoat
661 4208 926 4282 argumentum,
949 4220 1021 4262 non
1077 4193 1142 4260 bus
1160 4189 1409 4262 Iurisconsulti
1425 4192 1616 4281 diligenter
1632 4195 1869 4286 praecipiunt.

335 1434 394 1503 De
423 1431 720 1529 confirmatione.

98 4325 144 4392 pe
165 4302 303 4368 orditur
328 4322 347 4364 a
370 4298 512 4365 maiore.
565 4295 606 4364 In
630 4292 910 4388 enthymemate,
937 4299 1021 4363 dum

96 4404 222 4473 erdum
246 4414 427 4488 properat,
452 4400 623 4490 relinquit
642 4420 859 4489 consequens
882 4397 1021 4467 audito-

96 4529 118 4572 n
137 4501 364 4589 cogitationi,
391 4502 520 4568 etenim
538 4511 663 4568 natura
679 4500 771 4587 cogit
788 4522 926 4568 sumere
949 4500 1020 4566 sor·
1161 4495 1367 4569 Confutatio
1387 4512 1437 4567 est
1455 4499 1640 4569 dissolutio
1655 4511 1956 4587 argumentorum,
1971 4527 2060 4596 quae

96 4601 679 4692 sargumentorumadialecticis,
705 4601 804 4669 etsie
825 4600 1023 4668 communis
1075 4600 1307 4671 obiiciuntur,
1358 4597 1476 4669 Huius
1492 4600 1542 4668 rei
1557 4599 1744 4668 artificium
1762 4622 1887 4688 magna
1904 4625 1945 4670 ex
1961 4620 2060 4693 parte

96 4731 156 4774 mo
188 4705 313 4784 minus¹
336 4705 518 4795 aliquanto
549 4701 702 4771 vinculis
732 4702 804 4769 illis
832 4703 1024 4771 dialecticis
1075 4703 1288 4770 sumendum
1311 4699 1653 4772 estexDialecticis.
1705 4697 1852 4772 Constat
1876 4718 1993 4773 autem
2020 4707 2059 4774 in

96 4810 203 4879 rictus
218 4819 280 4874 est.
1075 4803 1256 4872 dialectiea
1274 4802 1447 4891 triplicem
1473 4803 1647 4869 rationem
1670 4801 1977 4874 dissolvendorum
2001 4830 2060 4874 ar-

142 4906 400 4980 Coniecturalis
413 4917 522 4972 status
539 4899 646 4971 hahet
661 4907 749 4973 duos
765 4906 872 4983 locos,
894 4904 1022 4973 volun·
1074 4917 1323 4992 gumentorum
1349 4903 1451 4969 tradi.
1506 4901 1625 4972 Prima
1648 4916 1794 4972 estcum
1816 4920 1996 4995 peccatum
2019 4907 2059 4976 in

96 5035 147 5080 em
164 5023 198 5078 et
213 5007 433 5087 faetrltatem,
461 5004 598 5096 quoties
615 5005 723 5092 igitur
740 5006 875 5074 incides
889 5007 927 5072 in
944 5029 1023 5074 ora-
1073 5008 1187 5075 forma
1209 5003 1404 5092 argumenti
1435 5001 1729 5090 deprehenditur,
1762 5019 1848 5075 tunc
1879 5007 1975 5075 enim
1992 5032 2058 5078 re-

96 5136 173 5179 uem
189 5108 435 5176 coniecturalis
446 5120 575 5189 status,
600 5108 806 5176 memineris
823 5131 898 5174 eam
915 5117 1024 5176 totam
1075 5102 1310 5198 prehenditur
1338 5106 1601 5195 consequentia.
1657 5104 1834 5176 Iudicium
1865 5121 1983 5178 autem
2013 5112 2058 5180 de

101 5211 324 5281 voluntatem
355 5222 390 5277 et
419 5209 639 5288 facultatem,
680 5221 850 5302 tanquam
881 5209 920 5274 in
954 5209 1024 5276 duo
1076 5206 1325 5298 consequentia
1348 5220 1486 5274 tantum
1509 5231 1549 5275 ex
1573 5206 1758 5279 dialectica
1778 5211 1970 5298 petendum
1991 5224 2057 5281 est.

96 5313 227 5403 tecipua
245 5312 400 5378 membra
418 5308 644 5399 partiendam
665 5334 749 5383 esse,
799 5307 844 5379 ln
866 5320 937 5379 tota
950 5306 1025 5378 Mi·
1073 5307 1165 5379 Nam
1183 5321 1216 5377 et
1235 5307 1391 5396 planiora
1414 5319 1514 5389 sunt,
1540 5323 1574 5378 et
1597 5309 1764 5392 meliora,
1789 5333 1879 5400 qnae
1901 5312 1946 5379 de
1970 5334 2057 5378 con·

96 5414 185 5482 tiana
218 5411 419 5502 disputatur
453 5408 582 5498 partim
610 5409 656 5478 de
682 5413 864 5483 voluntate
894 5408 1025 5496 Clodii,
1057 5407 1256 5503 ,sequentis
1282 5409 1429 5478 tradunt
1450 5409 1641 5494 dialectici,
1675 5433 1780 5504 qnam
1805 5432 1895 5503 quae
1917 5410 2058 5503 scripsit

1388 4366 1449 4433 De
1474 4360 1743 4456 confutatione.

96 5521 266 5584 llrsasrn.
296 5516 399 5582 Oeen.
422 5513 505 5578 Vos.
534 5511 628 5578 Xlll.
936 5579 950 5588 ,
1498 5510 1547 5580 28
