4538 5754
117 283 194 358 601

274 449 393 525 Aulici
409 453 498 524 finnt
517 450 666 537 divites,

275 551 372 645 Ergo
390 578 450 625 ero
464 553 620 640 aulicus,

278 653 391 747 lgitur
405 678 467 726 ero
481 656 592 725 dives.

223 752 332 827 Tales
360 756 630 851 consequentiae
663 754 871 826 reiiciantur
902 755 1008 826 citata
1040 748 1105 823 bac

119 856 260 946 regula:
293 855 349 928 Ex
371 859 471 951 puris
491 857 766 949 particularibus
790 880 863 928 non
888 877 1029 927 necesse
1054 869 1105 925 est

121 958 224 1051 sequi
239 983 359 1030 veram
372 959 649 1030 conclusionem.
682 955 754 1029 Nec
769 959 918 1028 obscura
935 970 986 1028 est
1003 957 1105 1041 ratio,

121 1061 207 1152 quia
224 1063 322 1129 nulla
338 1060 510 1130 connexio
528 1072 590 1145 est,
615 1073 650 1131 et
667 1058 756 1129 liunt
775 1072 927 1153 quatuor
942 1057 1104 1129 termini:

121 1163 167 1228 de
184 1158 265 1229 aliis
281 1161 439 1254 loquitur
453 1161 588 1245 maior,
614 1162 659 1229 de
671 1160 749 1230 aliis
766 1160 896 1231 minor.
951 1155 1105 1250 Oportet

121 1274 241 1329 antem
266 1262 303 1328 in
327 1262 537 1331 affirmativo
560 1261 763 1356 syllogismo
785 1285 859 1330 nou
883 1259 1010 1330 vitioso
1028 1283 1104 1328 me·

122 1362 224 1430 dium
241 1384 381 1432 causam
397 1384 481 1442 esse,
508 1386 618 1456 quare
631 1385 771 1432 necesse
787 1362 833 1434 sit
847 1361 946 1451 iungi
963 1361 1001 1429 in
1017 1385 1104 1432 cou-

122 1461 284 1532 clusione
304 1463 501 1534 subiectum
524 1476 558 1534 et
582 1464 835 1554 praedicatum.
885 1458 1020 1534 Eadem
1046 1485 1104 1532 rc·

121 1563 204 1650 gula
220 1563 300 1632 aliis
317 1563 435 1634 verbis
447 1556 613 1638 traditur.
663 1561 746 1634 Non
770 1565 863 1636 valet
884 1585 1104 1658 consequen·

122 1664 174 1734 tia
198 1686 219 1732 a
242 1689 316 1733 non
335 1666 527 1737 distributo
541 1666 585 1735 ad
604 1663 854 1751 distributum,
877 1665 998 1750 idest,
1021 1688 1102 1735 cum

122 1764 258 1859 aliquid
277 1766 314 1834 in
332 1767 472 1838 minore
487 1767 639 1839 sumitur
655 1779 750 1837 extra
768 1791 891 1837 verum
906 1765 1103 1837 subiectum

120 1866 279 1935 maioris.
339 1864 477 1939 Vocant
505 1867 602 1935 cuim
636 1867 825 1939 distributa
857 1868 1105 1938 universaliter

122 1967 255 2056 posita,
286 1979 327 2037 ut
341 1968 457 2058 spargi
471 1969 509 2036 in
523 1967 643 2038 omnia
658 1969 825 2040 inferiora
843 1968 991 2064 possint.
1030 1965 1104 2038 Nec

121 2067 306 2137 recitarem
329 2063 420 2139 hanc
442 2069 599 2159 regulam
624 2093 705 2140 curn
730 2064 817 2142 haec
848 2068 1014 2141 sufficiat:
1049 2064 1104 2139 Er

121 2167 224 2259 puris
241 2169 513 2259 particularibus
528 2165 621 2240 nihil
637 2171 813 2263 sequitur,
837 2171 908 2242 nisi
922 2171 1011 2242 adeo
1028 2193 1104 2239 cre·

122 2267 189 2337 bro
203 2269 393 2355 citaretur,
417 2271 523 2341 etiam
538 2271 576 2340 in
599 2272 767 2360 gravibus
791 2271 958 2346 materiis.
1008 2269 1104 2343 Cita-

122 2380 313 2440 turautem
332 2382 434 2457 tunc,
458 2394 539 2441 cum
553 2372 704 2442 insidiae
718 2386 801 2445 sunt
823 2374 861 2443 in
885 2386 1105 2463 argumento,

122 2469 186 2537 ubi
216 2472 363 2562 ponitur
391 2472 564 2563 particula
596 2474 828 2562 universalis,
866 2476 1027 2544 sednon
1054 2486 1106 2560 est

123 2571 245 2640 addita
267 2596 352 2642 vero
376 2573 550 2643 subiecto:
577 2595 639 2642 scu
658 2575 719 2644 ubi
741 2599 815 2645 non
830 2576 897 2646 sub
911 2573 1105 2645 universali

122 2670 163 2738 fit
182 2673 401 2757 subsumtio,
425 2676 486 2743 sed
510 2675 577 2744 sub
599 2674 671 2745 alia
693 2677 867 2768 particula
893 2700 968 2746 nou
991 2676 1105 2769 posita

122 2771 387 2857 universaliter,
411 2788 468 2844 ut:

194 2942 197 2947 .
278 2869 408 2944 Omnis
425 2873 565 2967 eclipsis
581 2873 709 2945 Lunae
722 2876 760 2948 bt
775 2877 812 2947 in
831 2878 1070 2970 oppositione,

182 2988 183 2991 ’
276 2966 435 3064 Singulis
461 2975 643 3048 mensibus
676 2977 714 3050 fit
746 2979 926 3071 oppositio
950 2977 1045 3050 Solis
1071 2993 1104 3050 et

249 3082 251 3086 “
328 3075 471 3162 Lunae,

279 3172 391 3263 Igitur
406 3176 556 3265 singolis
570 3169 754 3248 mensibus
768 3177 807 3248 fit
821 3176 972 3270 eclipsis.

224 3272 432 3348 Subsumtio
449 3278 486 3348 fit
502 3281 569 3350 sub
582 3280 817 3372 oppositione,
832 3281 928 3373 qnod
945 3280 1104 3350 ficrinon

126 3374 286 3447 debebat.
338 3374 386 3448 Et
400 3379 520 3452 minor
535 3381 752 3476 loquiturde
764 3374 886 3451 multis
907 3382 1105 3473 oppositio·

126 3476 247 3557 uibus,
269 3480 315 3547 de
331 3481 460 3572 quibus
475 3506 549 3552 uon
566 3482 725 3574 loquitur
745 3481 870 3557 maior.
919 3480 1104 3554 Dialectici

127 3577 172 3647 sic
189 3579 373 3650 reiiciunt:
394 3579 492 3672 Nego
514 3582 821 3675 consequentiam,
840 3583 923 3676 quia
944 3584 1104 3676 procedi*

127 3692 220 3750 tura
244 3704 321 3748 non
343 3681 534 3755 distributo
556 3687 600 3754 ad
623 3685 865 3755 distributum.
916 3681 1026 3757 Recte
1047 3709 1104 3755 re-

126 3779 357 3871 sponderetur
381 3784 505 3869 etiam,
530 3784 560 3855 si
580 3786 728 3856 diceres:
762 3782 817 3855 Es
833 3785 932 3875 puris
947 3787 1103 3878 particu-

125 3881 257 3952 laribus
272 3907 346 3952 non
361 3906 500 3954 necesse
516 3901 566 3956 cst
578 3910 697 3954 veram
714 3886 976 3956 conclusionem
991 3889 1103 3980 sequi.

124 3980 180 4052 Sic
195 3996 314 4053 autem
331 3985 429 4056 lieret
442 3988 555 4056 metior
567 3987 794 4057 universalis:
820 3987 860 4055 ln
876 3988 975 4056 omni
990 4014 1103 4081 oppo-

122 4085 248 4154 sitione
269 4085 308 4155 fit
331 4087 470 4177 eclipsis
485 4087 621 4165 Lunae.
673 4086 769 4158 llaec
794 4089 1006 4159 universalis
1027 4113 1103 4160 ma-

122 4186 246 4259 nifeste
266 4187 352 4258 t'alsa
370 4201 433 4264 est.

529 4358 683 4435 Aliud.
763 4347 764 4351 ¹

269 4489 470 4562 Cninslibet
493 4490 786 4562 contradictionis
809 4493 918 4563 altera
941 4516 1024 4586 pars
1051 4507 1102 4566 est

322 4595 427 4678 lnlsa,
556 4648 558 4652 .

271 4690 369 4763 Hae'c
403 4692 620 4785 propositio,
657 4693 806 4763 coslum
834 4709 1016 4781 movetur,
1049 4709 1101 4766 est

321 4794 613 4866 contradictionis
627 4795 735 4864 altera
751 4818 850 4883 pars,

270 4891 367 4985 Ergo
392 4892 479 4966 baec
500 4896 713 4988 propositio,
745 4895 1100 4979 coelum'snovetur,

324 4998 489 5068 estialsa.

218 5096 325 5167 Hanc
339 5098 598 5168 cavillationem
612 5097 749 5168 discant
761 5099 998 5168 adolescentes
1006 5113 1098 5168 recte

115 5200 329 5294 dissolvere,
354 5199 437 5293 quia
457 5222 561 5288 saepe
582 5200 769 5283 obiicitur,
795 5213 830 5270 et
851 5203 895 5268 ad
919 5221 1116 5293 quaecum.

113 5327 182 5394 que
198 5300 368 5370 materias
383 5300 641 5369 accommodari
657 5313 781 5390 potest.
822 5297 887 5372 Εει
901 5312 1018 5370 autem
1034 5322 1097 5369 ne-

731 281 777 357 V.
828 276 1151 356 ultoruttara
1177 271 1520 352 DIALECTICES.
1586 326 1590 331 -

2009 277 2025 409 'y
2061 286 2138 364 sos

1153 452 1240 520 buto
1254 450 1297 519 ad
1316 443 1566 532 distributum,
1592 448 1648 518 vel
1668 450 1752 544 quia
1773 452 1978 543 proceditur
1994 476 2015 526 a
2035 457 2135 547 puris

1155 550 1439 643 particularibus.
1488 546 1579 618 Nam
1596 552 1792 623 subsumtio
1806 554 1845 625 fit
1859 555 1927 625 snb
1941 551 2010 624 hoc
2023 567 2136 628 mem·

1155 653 1238 721 bro:
1265 651 1387 722 Altera
1403 672 1502 742 pars,
1526 673 1601 722 nou
1617 655 1685 722 sub
1702 653 1912 742 universali,
1936 654 2136 741 Cuiuslibet

1155 748 1456 824 contradictionis.

1256 853 1317 926 Sic
1339 848 1457 922 autem
1481 853 1633 925 debebat
1657 853 1734 925 fieri
1756 853 1971 943 aubsurotio,
2003 857 2135 931 Cuius·

1155 956 1241 1026 libet
1254 952 1548 1025 contradictionis
1562 956 1671 1026 altera
1689 977 1771 1048 pars
1784 969 1835 1026 εει
1851 956 1951 1032 salsa.

1256 1055 1326 1128 Sed
1343 1049 1431 1125 haec
1447 1068 1498 1125 est
1518 1057 1769 1128 contradictio:
1797 1053 1948 1127 Coclum
1960 1072 2134 1146 moretur,

1154 1155 1302 1229 Coelum
1318 1180 1392 1225 non
1410 1170 1582 1242 movetur,
1607 1153 1704 1248 Ergo
1718 1157 1758 1226 in
1773 1152 1839 1228 bac
1853 1158 2133 1232 contradictione
2193 1244 2196 1252 ,

1153 1260 1263 1330 altera
1279 1280 1358 1350 pars
1374 1271 1425 1327 est
1439 1257 1538 1329 falsa.

1256 1358 1406 1429 Mutatis
1418 1358 1556 1429 casibus
1570 1358 1687 1430 statim
1701 1355 1984 1451 deprehenditur
1995 1359 2136 1440 vitium.
2166 1352 2168 1357 ’

1307 1458 1496 1549 Quaelibet
1510 1461 1743 1531 contradictio
1758 1462 1877 1532 recitat
1894 1463 1983 1533 duas
2004 1485 2135 1554 propo-

1358 1561 1525 1646 sitiones,
1566 1585 1718 1654 quarum
1744 1564 1854 1633 altera
1882 1585 1985 1648 vera,
2024 1565 2136 1636 altera

1356 1662 1445 1731 falsa
1461 1675 1529 1746 est,

1306 1757 1405 1833 llaec
1426 1775 1479 1833 est
1507 1758 1756 1831 contradictio:
1790 1756 1941 1834 Coelum
1961 1777 2135 1849 movetur,

1357 1861 1503 1935 Coelum
1522 1885 1596 1932 nou
1611 1874 1792 1946 movetur,

1307 1959 1444 2035 Harum
1461 1962 1572 2054 igitur
1584 1962 1692 2033 altera
1710 1961 1796 2032 laisa
1813 1976 1877 2040 cst.

1569 2071 1725 2165 Aliud.

1305 2206 1482 2282 Omnium
1498 2210 1732 2306 imperiorum
1746 2210 1859 2306 aliqui
1876 2210 2054 2307 principes
2078 2214 2135 2285 iu·
2255 2246 2258 2253 ·

1357 2314 1402 2384 sti
1417 2326 1519 2399 sunt,
1549 2400 1554 2408 ἱ

1219 2448 1223 2458 ·
1309 2414 1502 2510 Cambyses
1515 2409 1586 2483 tuit
1601 2411 1783 2505 princeps,

1306 2514 1419 2608 lgitur
1433 2530 1467 2587 ει
1482 2513 1675 2608 Cambyses'
1686 2513 1755 2585 fuit
1769 2513 1894 2585 iustus.

1257 2613 1426 2708 Neganda
1447 2630 1500 2688 εει
1522 2615 1794 2707 consequentia,
1825 2616 1910 2708 quia
1933 2616 2135 2708 proceditur

1154 2741 1174 2789 a
1200 2741 1275 2789 non
1301 2719 1511 2803 distributo,
1536 2731 1577 2786 ut
1602 2738 1720 2807 supra.
1771 2713 1980 2789 Subsumtio
2007 2719 2046 2787 fit
2067 2720 2135 2788 sub
2255 2778 2260 2787 .

1154 2819 1377 2912 particulari:
1404 2818 1529 2911 Aliqui
1551 2815 1751 2908 principes,
1779 2829 1813 2886 et
1838 2817 1877 2890 fit
1898 2819 2071 2890 connexio
2093 2842 2135 2887 ex
2258 2848 2261 2854 ·

1154 2920 1253 3012 puris
1268 2920 1558 3013 particularibus:

1305 3021 1432 3115 Aliqui
1447 3019 1625 3111 principes
1641 3030 1724 3087 sunt
1737 3013 1842 3100 iusti,
1928 3047 1930 3049 ·
1947 3068 1951 3073 .

1303 3121 1496 3216 Cambyses
1511 3135 1563 3190 est
1579 3119 1763 3209 princeps,

1306 3221 1417 3314 Igitur
1432 3219 1622 3315 Cambyses
1639 3231 1691 3289 cst
1707 3218 1832 3289 iustus.

1256 3323 1300 3396 lo
1321 3319 1386 3396 bac
1400 3324 1520 3414 regula
1535 3333 1737 3393 recensetur
1758 3330 1791 3389 et
1812 3313 1998 3412 explicatio
2019 3316 2133 3411 syllo-

1153 3425 1276 3516 gismi,
1300 3427 1345 3497 de
1364 3451 1435 3521 quo
1452 3427 1490 3494 in
1503 3421 1662 3496 Ecclesia
1680 3420 1889 3513 disputatur.
1923 3414 1976 3487 Ac
1991 3421 2136 3511 prodest

1154 3542 1272 3599 tenere
1287 3527 1555 3622 explicationem
1570 3522 1779 3615 simplicem,
1799 3517 1939 3616 qualem
1954 3512 2047 3590 hane
2061 3543 2136 3591 esse

1153 3629 1258 3700 multi
1271 3653 1345 3701 non
1361 3625 1504 3699 hebetes
1519 3626 1736 3697 indicarunt.

1306 3722 1437 3801 Omnis
1454 3726 1601 3799 essentia
1618 3725 1740 3795 divina
1757 3733 1808 3790 cst
1825 3718 1949 3806 Pater,

1305 3828 1420 3900 Filius
1436 3842 1487 3898 est
1503 3825 1653 3897 essentia
1670 3822 1814 3905 divina,

1304 3927 1400 4020 Fuge
1415 3930 1529 4001 Filius
1545 3942 1596 3999 est
1610 3922 1726 3995 Pater.

1185 4060 1194 4070 ·
1253 4029 1558 4125 Respondendum
1577 4038 1645 4097 est:
1673 4022 1754 4095 Non
1770 4022 1861 4093 valet
1880 4021 2133 4114 consequentia
2227 4024 2236 4032 ⁸

1152 4135 1263 4206 anun
1280 4134 1470 4205 distributo
1484 4133 1530 4201 ad
1554 4128 1803 4209 distributum,
1827 4147 1910 4192 nam
1933 4122 2047 4191 maior
2068 4122 2132 4191 etsi

1153 4236 1382 4306 videturesse
1397 4234 1629 4316 universalis,
1651 4241 1770 4302 tamen
1786 4249 1859 4293 non
1876 4234 1987 4314 potest
2003 4221 2132 4292 resolvi

1151 4339 1190 4406 in
1216 4332 1309 4406 hanc
1330 4359 1411 4404 vere
1425 4333 1678 4405 universalem:
1705 4324 1759 4397 De
1783 4346 1994 4417 quocunque
2009 4346 2132 4393 verum

1151 4453 1203 4510 est
1220 4439 1356 4522 dicere,
1382 4438 1478 4530 quod
1499 4436 1544 4506 sit
1558 4429 1708 4510 essentia
1721 4426 1865 4507 divina,
1891 4423 1982 4493 illud
1997 4439 2049 4497 εει
2063 4422 2132 4493 Pa·

1151 4553 1216 4611 ter.
1267 4536 1367 4607 Talis
1381 4537 1564 4629 explicatio
1581 4532 1711 4605 dicitur
1724 4526 1896 4618 complete
1909 4524 2131 4596 universalis.

1150 4639 1241 4712 Cum
1264 4653 1382 4709 autern
1407 4639 1522 4708 maior
1543 4661 1617 4708 non
1640 4631 1684 4700 sit
1712 4627 1886 4720 complete
1913 4626 2133 4712 universalis,

1150 4766 1233 4813 nam
1257 4741 1363 4812 etiam
1385 4743 1430 4810 de
1455 4739 1550 4811 Filio
1574 4756 1696 4806 verum
1720 4744 1772 4802 est
1794 4727 1931 4813 dicere,
1958 4730 2059 4824 'quod
2076 4726 2131 4819 ,sit

1150 4843 1299 4914 essentia
1322 4842 1464 4924 divina,
1495 4839 1579 4910 satis
1600 4832 1753 4923 intelligi
1775 4844 1890 4925 potest
1913 4850 2130 4925 consequen-

1148 4946 1234 5016 tiam
1252 4945 1413 5016 vitiosam
1429 4965 1515 5013 esse.

1564 5070 1712 5144 Sexta.

1248 5194 1331 5268 Non
1355 5192 1402 5265 sit
1422 5193 1502 5283 plus
1517 5190 1565 5260 in
1588 5184 1834 5269 conclusione,
1865 5204 1970 5274 quam
1996 5176 2064 5249 luit
2085 5177 2127 5245 'in

1147 5299 1358 5391 praemissis.
1409 5291 1480 5363 llic
1504 5314 1605 5362 error
1629 5311 1702 5358 non
1727 5308 1829 5371 raros
1850 5296 1921 5369 est,
1951 5294 1991 5351 ut
2006 5275 2127 5349 ludaei
2236 5371 2238 5374 y

112 5406 229 5493 ganda
246 5401 513 5495 consequentia,
531 5401 615 5495 quia
632 5402 837 5494 proceditur
850 5427 871 5473 a
886 5425 961 5473 non
974 5397 1094 5472 distri·
1146 5415 1272 5474 contra
1287 5395 1472 5469 leremiam
1489 5391 1845 5484 argumentabautur:
