<?xml version="1.0" encoding="UTF-8"?>
<!DOCTYPE html PUBLIC "-//W3C//DTD XHTML 1.0 Transitional//EN"
    "http://www.w3.org/TR/xhtml1/DTD/xhtml1-transitional.dtd">
<html xmlns="http://www.w3.org/1999/xhtml" xml:lang="en" lang="en">
 <head>
  <title>
</title>
<meta http-equiv="Content-Type" content="text/html;charset=utf-8" />
  <meta name='ocr-system' content='tesseract 3.04.00' />
  <meta name='ocr-capabilities' content='ocr_page ocr_carea ocr_par ocr_line ocrx_word'/>
</head>
<body>
  <div class='ocr_page' id='page_1' title='image "./corpusreformato11melagoog_0344.png"; bbox 0 0 4538 5754; ppageno 0'>
   <div class='ocr_carea' id='block_1_1' title="bbox 96 214 2065 323">
    <p class='ocr_par' dir='ltr' id='par_1_1' title="bbox 96 214 2065 323">
     <span class='ocr_line' id='line_1_1' title="bbox 96 214 2065 323; baseline -0.002 -26"><span class='ocrx_word' id='word_1_1' title='bbox 96 228 112 283; x_wconf 74' lang='lat' dir='ltr'>r</span> <span class='ocrx_word' id='word_1_2' title='bbox 556 316 563 323; x_wconf 38' lang='grc'>,</span> <span class='ocrx_word' id='word_1_3' title='bbox 643 223 689 300; x_wconf 89' lang='lat' dir='ltr'>v.</span> <span class='ocrx_word' id='word_1_4' title='bbox 747 218 1070 299; x_wconf 79' lang='lat' dir='ltr'>nnornuara</span> <span class='ocrx_word' id='word_1_5' title='bbox 1103 214 1441 298; x_wconf 76' lang='lat' dir='ltr'>ntamorrous.</span> <span class='ocrx_word' id='word_1_6' title='bbox 1986 229 2065 309; x_wconf 64' lang='lat' dir='ltr'>aas</span> 
     </span>
    </p>
   </div>
   <div class='ocr_carea' id='block_1_2' title="bbox 96 391 2136 5481">
    <p class='ocr_par' dir='ltr' id='par_1_2' title="bbox 96 391 2136 5481">
     <span class='ocr_line' id='line_1_2' title="bbox 96 391 2052 491; baseline -0.001 -18"><span class='ocrx_word' id='word_1_7' title='bbox 96 402 168 474; x_wconf 85' lang='lat' dir='ltr'>itus</span> <span class='ocrx_word' id='word_1_8' title='bbox 197 400 343 474; x_wconf 79' lang='lat' dir='ltr'>accendi</span> <span class='ocrx_word' id='word_1_9' title='bbox 368 411 403 472; x_wconf 91' lang='lat' dir='ltr'>et</span> <span class='ocrx_word' id='word_1_10' title='bbox 426 397 641 488; x_wconf 87' lang='lat' dir='ltr'>deflagrare,</span> <span class='ocrx_word' id='word_1_11' title='bbox 667 396 729 491; x_wconf 88' lang='lat' dir='ltr'>qui</span> <span class='ocrx_word' id='word_1_12' title='bbox 749 397 899 489; x_wconf 85' lang='lat' dir='ltr'>speciem</span> <span class='ocrx_word' id='word_1_13' title='bbox 924 392 1020 469; x_wconf 85' lang='lat' dir='ltr'>Solis</span> <span class='ocrx_word' id='word_1_14' title='bbox 1070 415 1192 480; x_wconf 90' lang='lat' dir='ltr'>nosse,</span> <span class='ocrx_word' id='word_1_15' title='bbox 1234 393 1331 463; x_wconf 91' lang='lat' dir='ltr'>aliud</span> <span class='ocrx_word' id='word_1_16' title='bbox 1363 404 1436 461; x_wconf 87' lang='lat' dir='ltr'>esse</span> <span class='ocrx_word' id='word_1_17' title='bbox 1469 391 1595 477; x_wconf 87' lang='lat' dir='ltr'>vitam,</span> <span class='ocrx_word' id='word_1_18' title='bbox 1630 394 1729 465; x_wconf 88' lang='lat' dir='ltr'>aliud</span> <span class='ocrx_word' id='word_1_19' title='bbox 1754 410 1924 481; x_wconf 89' lang='lat' dir='ltr'>mortem,</span> <span class='ocrx_word' id='word_1_20' title='bbox 1956 403 2052 474; x_wconf 84' lang='lat' dir='ltr'>alind</span> 
     </span>
     <span class='ocr_line' id='line_1_3' title="bbox 96 494 2055 588; baseline 0.001 -14"><span class='ocrx_word' id='word_1_21' title='bbox 96 505 233 576; x_wconf 81' lang='lat' dir='ltr'>diarum</span> <span class='ocrx_word' id='word_1_22' title='bbox 247 505 430 576; x_wconf 88' lang='lat' dir='ltr'>stellarum</span> <span class='ocrx_word' id='word_1_23' title='bbox 447 502 613 573; x_wconf 84' lang='lat' dir='ltr'>efficiant.</span> <span class='ocrx_word' id='word_1_24' title='bbox 665 498 814 570; x_wconf 81' lang='lat' dir='ltr'>Animas</span> <span class='ocrx_word' id='word_1_25' title='bbox 831 495 1018 570; x_wconf 90' lang='lat' dir='ltr'>hominum</span> <span class='ocrx_word' id='word_1_26' title='bbox 1070 510 1227 580; x_wconf 90' lang='lat' dir='ltr'>motum,</span> <span class='ocrx_word' id='word_1_27' title='bbox 1252 495 1349 565; x_wconf 92' lang='lat' dir='ltr'>aliud</span> <span class='ocrx_word' id='word_1_28' title='bbox 1367 494 1539 588; x_wconf 89' lang='lat' dir='ltr'>quietem,</span> <span class='ocrx_word' id='word_1_29' title='bbox 1566 508 1628 565; x_wconf 86' lang='lat' dir='ltr'>etc.</span> <span class='ocrx_word' id='word_1_30' title='bbox 1665 495 1752 569; x_wconf 90' lang='lat' dir='ltr'>Vult</span> <span class='ocrx_word' id='word_1_31' title='bbox 1768 495 1861 569; x_wconf 89' lang='lat' dir='ltr'>Deus</span> <span class='ocrx_word' id='word_1_32' title='bbox 1874 504 1978 572; x_wconf 87' lang='lat' dir='ltr'>nobis</span> <span class='ocrx_word' id='word_1_33' title='bbox 1993 502 2055 574; x_wconf 86' lang='lat' dir='ltr'>has</span> 
     </span>
     <span class='ocr_line' id='line_1_4' title="bbox 96 596 2055 696; baseline 0 -19"><span class='ocrx_word' id='word_1_34' title='bbox 96 621 185 678; x_wconf 90' lang='lat' dir='ltr'>rmat</span> <span class='ocrx_word' id='word_1_35' title='bbox 201 607 347 679; x_wconf 89' lang='lat' dir='ltr'>interire</span> <span class='ocrx_word' id='word_1_36' title='bbox 363 629 443 677; x_wconf 91' lang='lat' dir='ltr'>cum</span> <span class='ocrx_word' id='word_1_37' title='bbox 467 602 698 696; x_wconf 80' lang='lat' dir='ltr'>corporibus,</span> <span class='ocrx_word' id='word_1_38' title='bbox 726 624 868 691; x_wconf 90' lang='lat' dir='ltr'>prorsus</span> <span class='ocrx_word' id='word_1_39' title='bbox 893 614 933 672; x_wconf 94' lang='grc' dir='ltr'>ιιι</span> <span class='ocrx_word' id='word_1_40' title='bbox 957 622 1019 691; x_wconf 90' lang='lat' dir='ltr'>pc-</span> <span class='ocrx_word' id='word_1_41' title='bbox 1071 597 1262 668; x_wconf 89' lang='lat' dir='ltr'>sententias</span> <span class='ocrx_word' id='word_1_42' title='bbox 1290 609 1401 668; x_wconf 89' lang='lat' dir='ltr'>certas</span> <span class='ocrx_word' id='word_1_43' title='bbox 1433 609 1467 667; x_wconf 89' lang='lat' dir='ltr'>et</span> <span class='ocrx_word' id='word_1_44' title='bbox 1497 596 1662 685; x_wconf 84' lang='lat' dir='ltr'>immotas</span> <span class='ocrx_word' id='word_1_45' title='bbox 1682 621 1773 669; x_wconf 82' lang='lat' dir='ltr'>esse:</span> <span class='ocrx_word' id='word_1_46' title='bbox 1807 599 1889 671; x_wconf 90' lang='lat' dir='ltr'>Nou</span> <span class='ocrx_word' id='word_1_47' title='bbox 1917 607 2055 676; x_wconf 87' lang='lat' dir='ltr'>occidas</span> 
     </span>
     <span class='ocr_line' id='line_1_5' title="bbox 96 695 2055 797; baseline -0.001 -20"><span class='ocrx_word' id='word_1_48' title='bbox 96 733 165 780; x_wconf 44' lang='lat' dir='ltr'>,um</span> <span class='ocrx_word' id='word_1_49' title='bbox 181 710 255 779; x_wconf 89' lang='lat' dir='ltr'>vita</span> <span class='ocrx_word' id='word_1_50' title='bbox 272 706 500 797; x_wconf 80' lang='lat' dir='ltr'>extinguitur.</span> <span class='ocrx_word' id='word_1_51' title='bbox 554 703 597 774; x_wconf 95' lang='lat' dir='ltr'>ln</span> <span class='ocrx_word' id='word_1_52' title='bbox 613 698 873 776; x_wconf 81' lang='lat' dir='ltr'>Ethicisbnem</span> <span class='ocrx_word' id='word_1_53' title='bbox 891 699 1020 773; x_wconf 90' lang='lat' dir='ltr'>huma·</span> <span class='ocrx_word' id='word_1_54' title='bbox 1070 695 1252 770; x_wconf 91' lang='lat' dir='ltr'>hominem</span> <span class='ocrx_word' id='word_1_55' title='bbox 1275 700 1471 780; x_wconf 76' lang='lat' dir='ltr'><strong>insontem,</strong></span> <span class='ocrx_word' id='word_1_56' title='bbox 1503 696 1555 769; x_wconf 87' lang='lat' dir='ltr'>Ne</span> <span class='ocrx_word' id='word_1_57' title='bbox 1576 699 1726 790; x_wconf 88' lang='lat' dir='ltr'>polluito</span> <span class='ocrx_word' id='word_1_58' title='bbox 1749 714 1782 772; x_wconf 92' lang='lat' dir='ltr'>te</span> <span class='ocrx_word' id='word_1_59' title='bbox 1804 703 1946 776; x_wconf 75' lang='lat' dir='ltr'>incestis</span> <span class='ocrx_word' id='word_1_60' title='bbox 1971 708 2055 778; x_wconf 91' lang='lat' dir='ltr'>libi·</span> 
     </span>
     <span class='ocr_line' id='line_1_6' title="bbox 96 798 2052 899; baseline 0.002 -23"><span class='ocrx_word' id='word_1_61' title='bbox 96 825 278 883; x_wconf 73' lang='lat' dir='ltr'>:naturae</span> <span class='ocrx_word' id='word_1_62' title='bbox 306 810 458 880; x_wconf 83' lang='lat' dir='ltr'>affirmat</span> <span class='ocrx_word' id='word_1_63' title='bbox 488 828 562 875; x_wconf 91' lang='lat' dir='ltr'>esse</span> <span class='ocrx_word' id='word_1_64' title='bbox 590 807 825 899; x_wconf 88' lang='lat' dir='ltr'>voluptatem,</span> <span class='ocrx_word' id='word_1_65' title='bbox 859 801 928 875; x_wconf 93' lang='lat' dir='ltr'>hoc</span> <span class='ocrx_word' id='word_1_66' title='bbox 956 816 1019 888; x_wconf 88' lang='lat' dir='ltr'>est,</span> <span class='ocrx_word' id='word_1_67' title='bbox 1071 802 1228 873; x_wconf 90' lang='lat' dir='ltr'>dinibus.</span> <span class='ocrx_word' id='word_1_68' title='bbox 1287 799 1425 891; x_wconf 84' lang='lat' dir='ltr'>Pugnat</span> <span class='ocrx_word' id='word_1_69' title='bbox 1456 799 1566 889; x_wconf 82' lang='lat' dir='ltr'>igitur</span> <span class='ocrx_word' id='word_1_70' title='bbox 1594 798 1805 873; x_wconf 86' lang='lat' dir='ltr'>Academica</span> <span class='ocrx_word' id='word_1_71' title='bbox 1834 829 1908 876; x_wconf 91' lang='lat' dir='ltr'>non</span> <span class='ocrx_word' id='word_1_72' title='bbox 1939 811 2052 880; x_wconf 89' lang='lat' dir='ltr'>solum</span> 
     </span>
     <span class='ocr_line' id='line_1_7' title="bbox 96 902 2057 999; baseline 0 -16"><span class='ocrx_word' id='word_1_73' title='bbox 96 937 158 983; x_wconf 90' lang='lat' dir='ltr'>are</span> <span class='ocrx_word' id='word_1_74' title='bbox 178 913 347 983; x_wconf 91' lang='lat' dir='ltr'>cruciatu.</span> <span class='ocrx_word' id='word_1_75' title='bbox 384 908 493 994; x_wconf 91' lang='lat' dir='ltr'>lnde,</span> <span class='ocrx_word' id='word_1_76' title='bbox 516 931 596 977; x_wconf 91' lang='lat' dir='ltr'>cum</span> <span class='ocrx_word' id='word_1_77' title='bbox 614 908 787 980; x_wconf 86' lang='lat' dir='ltr'>anteierat</span> <span class='ocrx_word' id='word_1_78' title='bbox 803 907 1020 999; x_wconf 89' lang='lat' dir='ltr'>voluptatem</span> <span class='ocrx_word' id='word_1_79' title='bbox 1073 927 1153 975; x_wconf 90' lang='lat' dir='ltr'>cum</span> <span class='ocrx_word' id='word_1_80' title='bbox 1187 904 1368 973; x_wconf 92' lang='lat' dir='ltr'>commoni</span> <span class='ocrx_word' id='word_1_81' title='bbox 1402 902 1536 974; x_wconf 91' lang='lat' dir='ltr'>iudicio</span> <span class='ocrx_word' id='word_1_82' title='bbox 1574 902 1741 990; x_wconf 86' lang='lat' dir='ltr'>rationis,</span> <span class='ocrx_word' id='word_1_83' title='bbox 1780 919 1816 976; x_wconf 91' lang='lat' dir='ltr'>et</span> <span class='ocrx_word' id='word_1_84' title='bbox 1848 932 1926 977; x_wconf 87' lang='lat' dir='ltr'>cum</span> <span class='ocrx_word' id='word_1_85' title='bbox 1964 912 2057 983; x_wconf 88' lang='lat' dir='ltr'>vitae</span> 
     </span>
     <span class='ocr_line' id='line_1_8' title="bbox 96 1003 2056 1104; baseline -0.002 -17"><span class='ocrx_word' id='word_1_86' title='bbox 96 1015 177 1100; x_wconf 85' lang='lat' dir='ltr'>tuti,</span> <span class='ocrx_word' id='word_1_87' title='bbox 199 1015 312 1084; x_wconf 91' lang='lat' dir='ltr'>multa</span> <span class='ocrx_word' id='word_1_88' title='bbox 330 1012 418 1083; x_wconf 85' lang='lat' dir='ltr'>falsa</span> <span class='ocrx_word' id='word_1_89' title='bbox 435 1023 644 1104; x_wconf 88' lang='lat' dir='ltr'>sequuntur.</span> <span class='ocrx_word' id='word_1_90' title='bbox 878 1030 891 1051; x_wconf 91' lang='lat'><strong>·</strong></span> <span class='ocrx_word' id='word_1_91' title='bbox 1073 1005 1219 1091; x_wconf 92' lang='lat' dir='ltr'>ordine,</span> <span class='ocrx_word' id='word_1_92' title='bbox 1256 1008 1317 1076; x_wconf 87' lang='lat' dir='ltr'>sed</span> <span class='ocrx_word' id='word_1_93' title='bbox 1354 1006 1459 1076; x_wconf 90' lang='lat' dir='ltr'>etiam</span> <span class='ocrx_word' id='word_1_94' title='bbox 1490 1028 1571 1076; x_wconf 92' lang='lat' dir='ltr'>cum</span> <span class='ocrx_word' id='word_1_95' title='bbox 1600 1003 1695 1086; x_wconf 90' lang='lat' dir='ltr'>Deo,</span> <span class='ocrx_word' id='word_1_96' title='bbox 1736 1029 1816 1078; x_wconf 91' lang='lat' dir='ltr'>cum</span> <span class='ocrx_word' id='word_1_97' title='bbox 1844 1007 1883 1078; x_wconf 93' lang='lat' dir='ltr'>in</span> <span class='ocrx_word' id='word_1_98' title='bbox 1909 1011 2056 1084; x_wconf 89' lang='lat' dir='ltr'>univer-</span> 
     </span>
     <span class='ocr_line' id='line_1_9' title="bbox 216 1102 2054 1186; baseline 0.005 -9"><span class='ocrx_word' id='word_1_99' title='bbox 216 1115 219 1121; x_wconf 88' lang='grc'><strong><em>’</em></strong></span> <span class='ocrx_word' id='word_1_100' title='bbox 1074 1131 1152 1179; x_wconf 87' lang='lat' dir='ltr'>sum</span> <span class='ocrx_word' id='word_1_101' title='bbox 1169 1108 1264 1180; x_wconf 94' lang='lat' dir='ltr'>tollit</span> <span class='ocrx_word' id='word_1_102' title='bbox 1287 1108 1547 1181; x_wconf 74' lang='lat' dir='ltr'>certitudinem.</span> <span class='ocrx_word' id='word_1_103' title='bbox 1599 1102 1696 1179; x_wconf 91' lang='lat' dir='ltr'>Haec</span> <span class='ocrx_word' id='word_1_104' title='bbox 1718 1108 1763 1180; x_wconf 91' lang='lat' dir='ltr'>de</span> <span class='ocrx_word' id='word_1_105' title='bbox 1783 1110 1885 1181; x_wconf 88' lang='lat' dir='ltr'>sectis</span> <span class='ocrx_word' id='word_1_106' title='bbox 1909 1136 2054 1186; x_wconf 88' lang='lat' dir='ltr'>monere</span> 
     </span>
     <span class='ocr_line' id='line_1_10' title="bbox 464 1189 2053 1304; baseline 0.004 -24"><span class='ocrx_word' id='word_1_107' title='bbox 464 1189 592 1259; x_wconf 50' lang='lat' dir='ltr'>Sim·</span> <span class='ocrx_word' id='word_1_108' title='bbox 1073 1211 1312 1281; x_wconf 78' lang='lat' dir='ltr'>adolescentes</span> <span class='ocrx_word' id='word_1_109' title='bbox 1335 1209 1423 1283; x_wconf 91' lang='lat' dir='ltr'>utile</span> <span class='ocrx_word' id='word_1_110' title='bbox 1445 1223 1515 1291; x_wconf 93' lang='lat' dir='ltr'>est,</span> <span class='ocrx_word' id='word_1_111' title='bbox 1549 1233 1595 1279; x_wconf 92' lang='lat' dir='ltr'>ne</span> <span class='ocrx_word' id='word_1_112' title='bbox 1615 1233 1715 1280; x_wconf 88' lang='lat' dir='ltr'>veras</span> <span class='ocrx_word' id='word_1_113' title='bbox 1737 1224 1771 1283; x_wconf 92' lang='lat' dir='ltr'>et</span> <span class='ocrx_word' id='word_1_114' title='bbox 1794 1227 1950 1304; x_wconf 84' lang='lat' dir='ltr'>receptas</span> <span class='ocrx_word' id='word_1_115' title='bbox 1972 1240 2053 1286; x_wconf 88' lang='lat' dir='ltr'>sen-</span> 
     </span>
     <span class='ocr_line' id='line_1_11' title="bbox 135 1307 2055 1406; baseline -0.002 -16"><span class='ocrx_word' id='word_1_116' title='bbox 135 1317 254 1390; x_wconf 90' lang='lat' dir='ltr'>Stoica</span> <span class='ocrx_word' id='word_1_117' title='bbox 263 1315 481 1387; x_wconf 88' lang='lat' dir='ltr'>Dialecticen</span> <span class='ocrx_word' id='word_1_118' title='bbox 497 1315 677 1406; x_wconf 73' lang='lat' dir='ltr'>spinosam</span> <span class='ocrx_word' id='word_1_119' title='bbox 692 1327 727 1385; x_wconf 91' lang='lat' dir='ltr'>et</span> <span class='ocrx_word' id='word_1_120' title='bbox 739 1310 1021 1383; x_wconf 78' lang='lat' dir='ltr'>inextricabilem</span> <span class='ocrx_word' id='word_1_121' title='bbox 1074 1312 1220 1398; x_wconf 90' lang='lat' dir='ltr'>tentias,</span> <span class='ocrx_word' id='word_1_122' title='bbox 1246 1336 1333 1406; x_wconf 92' lang='lat' dir='ltr'>quas</span> <span class='ocrx_word' id='word_1_123' title='bbox 1348 1315 1450 1384; x_wconf 90' lang='lat' dir='ltr'>docet</span> <span class='ocrx_word' id='word_1_124' title='bbox 1463 1312 1661 1383; x_wconf 92' lang='lat' dir='ltr'>communis</span> <span class='ocrx_word' id='word_1_125' title='bbox 1678 1307 1901 1385; x_wconf 88' lang='lat' dir='ltr'>Aristotelica</span> <span class='ocrx_word' id='word_1_126' title='bbox 1922 1319 2055 1390; x_wconf 89' lang='lat' dir='ltr'>doctri-</span> 
     </span>
     <span class='ocr_line' id='line_1_12' title="bbox 96 1410 2057 1514; baseline 0 -24"><span class='ocrx_word' id='word_1_127' title='bbox 96 1420 173 1504; x_wconf 77' lang='lat' dir='ltr'>snit,</span> <span class='ocrx_word' id='word_1_128' title='bbox 187 1444 277 1514; x_wconf 91' lang='lat' dir='ltr'>quae</span> <span class='ocrx_word' id='word_1_129' title='bbox 291 1419 402 1489; x_wconf 91' lang='lat' dir='ltr'>multa</span> <span class='ocrx_word' id='word_1_130' title='bbox 418 1441 493 1486; x_wconf 93' lang='lat' dir='ltr'>non</span> <span class='ocrx_word' id='word_1_131' title='bbox 506 1439 588 1485; x_wconf 84' lang='lat' dir='ltr'>vere</span> <span class='ocrx_word' id='word_1_132' title='bbox 604 1410 827 1485; x_wconf 87' lang='lat' dir='ltr'>cohaerentia</span> <span class='ocrx_word' id='word_1_133' title='bbox 843 1415 1022 1484; x_wconf 91' lang='lat' dir='ltr'>inerudite</span> <span class='ocrx_word' id='word_1_134' title='bbox 1038 1433 1040 1436; x_wconf 86' lang='grc'><em>·</em></span> <span class='ocrx_word' id='word_1_135' title='bbox 1073 1438 1140 1501; x_wconf 91' lang='lat' dir='ltr'>na,</span> <span class='ocrx_word' id='word_1_136' title='bbox 1164 1414 1367 1506; x_wconf 77' lang='lat' dir='ltr'>fastidiant,</span> <span class='ocrx_word' id='word_1_137' title='bbox 1392 1427 1426 1485; x_wconf 91' lang='lat' dir='ltr'>et</span> <span class='ocrx_word' id='word_1_138' title='bbox 1449 1437 1569 1484; x_wconf 90' lang='lat' dir='ltr'>amore</span> <span class='ocrx_word' id='word_1_139' title='bbox 1588 1415 1757 1486; x_wconf 84' lang='lat' dir='ltr'>novitatis</span> <span class='ocrx_word' id='word_1_140' title='bbox 1779 1417 2001 1489; x_wconf 87' lang='lat' dir='ltr'>admirentur</span> <span class='ocrx_word' id='word_1_141' title='bbox 2022 1437 2057 1492; x_wconf 87' lang='lat' dir='ltr'>et</span> 
     </span>
     <span class='ocr_line' id='line_1_13' title="bbox 98 1513 2053 1610; baseline -0.001 -17"><span class='ocrx_word' id='word_1_142' title='bbox 98 1523 273 1606; x_wconf 88' lang='lat' dir='ltr'>cervavit,</span> <span class='ocrx_word' id='word_1_143' title='bbox 305 1522 402 1590; x_wconf 89' lang='lat' dir='ltr'>unde</span> <span class='ocrx_word' id='word_1_144' title='bbox 425 1519 530 1588; x_wconf 81' lang='lat' dir='ltr'>salsas</span> <span class='ocrx_word' id='word_1_145' title='bbox 551 1517 739 1610; x_wconf 84' lang='lat' dir='ltr'>opiniones</span> <span class='ocrx_word' id='word_1_146' title='bbox 762 1516 926 1588; x_wconf 80' lang='lat' dir='ltr'>extruxit.</span> <span class='ocrx_word' id='word_1_147' title='bbox 978 1513 1021 1584; x_wconf 94' lang='lat' dir='ltr'>ln</span> <span class='ocrx_word' id='word_1_148' title='bbox 1074 1517 1330 1609; x_wconf 86' lang='lat' dir='ltr'>amplectantur</span> <span class='ocrx_word' id='word_1_149' title='bbox 1352 1517 1570 1608; x_wconf 86' lang='lat' dir='ltr'>prodigiosas</span> <span class='ocrx_word' id='word_1_150' title='bbox 1591 1516 1789 1606; x_wconf 90' lang='lat' dir='ltr'>opiniones.</span> <span class='ocrx_word' id='word_1_151' title='bbox 1843 1519 1939 1592; x_wconf 90' lang='lat' dir='ltr'>lncst</span> <span class='ocrx_word' id='word_1_152' title='bbox 1958 1525 2053 1592; x_wconf 87' lang='lat' dir='ltr'>enim</span> 
     </span>
     <span class='ocr_line' id='line_1_14' title="bbox 96 1617 2054 1718; baseline 0.001 -26"><span class='ocrx_word' id='word_1_153' title='bbox 96 1622 199 1718; x_wconf 75' lang='lat' dir='ltr'>psicis</span> <span class='ocrx_word' id='word_1_154' title='bbox 223 1637 257 1693; x_wconf 92' lang='lat' dir='ltr'>et</span> <span class='ocrx_word' id='word_1_155' title='bbox 277 1617 417 1691; x_wconf 83' lang='lat' dir='ltr'>Ethicis</span> <span class='ocrx_word' id='word_1_156' title='bbox 445 1633 539 1689; x_wconf 89' lang='lat' dir='ltr'>errat</span> <span class='ocrx_word' id='word_1_157' title='bbox 564 1620 713 1711; x_wconf 88' lang='lat' dir='ltr'>pariter,</span> <span class='ocrx_word' id='word_1_158' title='bbox 745 1618 1021 1713; x_wconf 90' lang='lat' dir='ltr'>primumquod</span> <span class='ocrx_word' id='word_1_159' title='bbox 1073 1619 1154 1689; x_wconf 86' lang='lat' dir='ltr'>talis</span> <span class='ocrx_word' id='word_1_160' title='bbox 1175 1619 1355 1689; x_wconf 82' lang='lat' dir='ltr'>mobilitas</span> <span class='ocrx_word' id='word_1_161' title='bbox 1380 1620 1525 1704; x_wconf 89' lang='lat' dir='ltr'>animis,</span> <span class='ocrx_word' id='word_1_162' title='bbox 1551 1630 1591 1689; x_wconf 88' lang='lat' dir='ltr'>ut</span> <span class='ocrx_word' id='word_1_163' title='bbox 1612 1619 1714 1689; x_wconf 87' lang='lat' dir='ltr'>facile</span> <span class='ocrx_word' id='word_1_164' title='bbox 1734 1625 1933 1712; x_wconf 87' lang='lat' dir='ltr'>praesentia</span> <span class='ocrx_word' id='word_1_165' title='bbox 1954 1626 2054 1697; x_wconf 86' lang='lat' dir='ltr'>sasti-</span> 
     </span>
     <span class='ocr_line' id='line_1_15' title="bbox 96 1720 2055 1815; baseline 0.002 -23"><span class='ocrx_word' id='word_1_166' title='bbox 96 1725 158 1794; x_wconf 88' lang='lat' dir='ltr'>nia</span> <span class='ocrx_word' id='word_1_167' title='bbox 172 1723 248 1794; x_wconf 83' lang='lat' dir='ltr'>beri</span> <span class='ocrx_word' id='word_1_168' title='bbox 263 1721 459 1792; x_wconf 88' lang='lat' dir='ltr'>necessario</span> <span class='ocrx_word' id='word_1_169' title='bbox 476 1721 670 1806; x_wconf 90' lang='lat' dir='ltr'>contendit,</span> <span class='ocrx_word' id='word_1_170' title='bbox 692 1733 766 1791; x_wconf 93' lang='lat' dir='ltr'>tum</span> <span class='ocrx_word' id='word_1_171' title='bbox 783 1720 927 1814; x_wconf 84' lang='lat' dir='ltr'>quaein</span> <span class='ocrx_word' id='word_1_172' title='bbox 944 1742 1021 1788; x_wconf 89' lang='lat' dir='ltr'>ma·</span> <span class='ocrx_word' id='word_1_173' title='bbox 1074 1720 1184 1805; x_wconf 89' lang='lat' dir='ltr'>diaut,</span> <span class='ocrx_word' id='word_1_174' title='bbox 1199 1735 1230 1790; x_wconf 91' lang='lat' dir='ltr'>ct</span> <span class='ocrx_word' id='word_1_175' title='bbox 1241 1745 1331 1790; x_wconf 85' lang='lat' dir='ltr'>nova</span> <span class='ocrx_word' id='word_1_176' title='bbox 1348 1745 1387 1791; x_wconf 91' lang='lat' dir='ltr'>ac</span> <span class='ocrx_word' id='word_1_177' title='bbox 1401 1721 1602 1813; x_wconf 88' lang='lat' dir='ltr'>prodigiosa</span> <span class='ocrx_word' id='word_1_178' title='bbox 1617 1723 1811 1814; x_wconf 88' lang='lat' dir='ltr'>suspiciant</span> <span class='ocrx_word' id='word_1_179' title='bbox 1829 1738 1861 1794; x_wconf 90' lang='lat' dir='ltr'>et</span> <span class='ocrx_word' id='word_1_180' title='bbox 1875 1740 2055 1815; x_wconf 89' lang='lat' dir='ltr'>appetant,</span> 
     </span>
     <span class='ocr_line' id='line_1_16' title="bbox 96 1820 2055 1919; baseline 0.001 -24"><span class='ocrx_word' id='word_1_181' title='bbox 96 1829 124 1897; x_wconf 86' lang='lat' dir='ltr'>ia</span> <span class='ocrx_word' id='word_1_182' title='bbox 145 1827 361 1916; x_wconf 84' lang='lat' dir='ltr'>gignuntur,</span> <span class='ocrx_word' id='word_1_183' title='bbox 392 1838 467 1895; x_wconf 90' lang='lat' dir='ltr'>tum</span> <span class='ocrx_word' id='word_1_184' title='bbox 491 1846 582 1918; x_wconf 89' lang='lat' dir='ltr'>quae</span> <span class='ocrx_word' id='word_1_185' title='bbox 610 1823 701 1893; x_wconf 88' lang='lat' dir='ltr'>liunt</span> <span class='ocrx_word' id='word_1_186' title='bbox 728 1847 748 1893; x_wconf 92' lang='lat' dir='ltr'>a</span> <span class='ocrx_word' id='word_1_187' title='bbox 777 1821 1022 1894; x_wconf 89' lang='lat' dir='ltr'>voluntatibus</span> <span class='ocrx_word' id='word_1_188' title='bbox 1072 1835 1114 1893; x_wconf 94' lang='lat' dir='ltr'>ut</span> <span class='ocrx_word' id='word_1_189' title='bbox 1128 1820 1357 1918; x_wconf 88' lang='lat' dir='ltr'>Thucydides</span> <span class='ocrx_word' id='word_1_190' title='bbox 1373 1824 1549 1914; x_wconf 89' lang='lat' dir='ltr'>vituperat</span> <span class='ocrx_word' id='word_1_191' title='bbox 1566 1824 1658 1901; x_wconf 84' lang='lat' dir='ltr'>cives</span> <span class='ocrx_word' id='word_1_192' title='bbox 1682 1847 1784 1905; x_wconf 88' lang='lat' dir='ltr'>suos,</span> <span class='ocrx_word' id='word_1_193' title='bbox 1811 1826 1976 1919; x_wconf 88' lang='lat' dir='ltr'>inquiens</span> <span class='ocrx_word' id='word_1_194' title='bbox 1996 1855 2055 1899; x_wconf 90' lang='lat' dir='ltr'>cos</span> 
     </span>
     <span class='ocr_line' id='line_1_17' title="bbox 96 1914 2056 2017; baseline 0.001 -19"><span class='ocrx_word' id='word_1_195' title='bbox 96 1929 227 1998; x_wconf 86' lang='lat' dir='ltr'>minum</span> <span class='ocrx_word' id='word_1_196' title='bbox 245 1929 337 1998; x_wconf 90' lang='lat' dir='ltr'>bona</span> <span class='ocrx_word' id='word_1_197' title='bbox 355 1939 390 1998; x_wconf 92' lang='lat' dir='ltr'>et</span> <span class='ocrx_word' id='word_1_198' title='bbox 414 1926 520 1998; x_wconf 92' lang='lat' dir='ltr'>mala.</span> <span class='ocrx_word' id='word_1_199' title='bbox 574 1921 622 1996; x_wconf 90' lang='lat' dir='ltr'>Ut</span> <span class='ocrx_word' id='word_1_200' title='bbox 644 1926 774 1996; x_wconf 86' lang='lat' dir='ltr'>scelera</span> <span class='ocrx_word' id='word_1_201' title='bbox 797 1914 950 1994; x_wconf 85' lang='lat' dir='ltr'>Neronis</span> <span class='ocrx_word' id='word_1_202' title='bbox 972 1923 1023 1994; x_wconf 92' lang='lat' dir='ltr'>ait</span> <span class='ocrx_word' id='word_1_203' title='bbox 1073 1946 1192 1995; x_wconf 88' lang='lat' dir='ltr'>servos</span> <span class='ocrx_word' id='word_1_204' title='bbox 1205 1948 1278 1994; x_wconf 89' lang='lat' dir='ltr'>esse</span> <span class='ocrx_word' id='word_1_205' title='bbox 1291 1927 1525 1996; x_wconf 88' lang='lat' dir='ltr'>absurdarum</span> <span class='ocrx_word' id='word_1_206' title='bbox 1545 1927 1775 2017; x_wconf 91' lang='lat' dir='ltr'>opinionum,</span> <span class='ocrx_word' id='word_1_207' title='bbox 1801 1941 1836 1999; x_wconf 93' lang='lat' dir='ltr'>et</span> <span class='ocrx_word' id='word_1_208' title='bbox 1857 1943 2056 2000; x_wconf 88' lang='lat' dir='ltr'>contemto-</span> 
     </span>
     <span class='ocr_line' id='line_1_18' title="bbox 96 2020 2055 2125; baseline 0.002 -24"><span class='ocrx_word' id='word_1_209' title='bbox 96 2031 234 2100; x_wconf 83' lang='lat' dir='ltr'>:cssario</span> <span class='ocrx_word' id='word_1_210' title='bbox 249 2029 337 2101; x_wconf 85' lang='lat' dir='ltr'>lieri.</span> <span class='ocrx_word' id='word_1_211' title='bbox 388 2026 523 2117; x_wconf 84' lang='lat' dir='ltr'>Alligat</span> <span class='ocrx_word' id='word_1_212' title='bbox 543 2024 660 2097; x_wconf 90' lang='lat' dir='ltr'>Deum</span> <span class='ocrx_word' id='word_1_213' title='bbox 685 2030 728 2098; x_wconf 90' lang='lat' dir='ltr'>ad</span> <span class='ocrx_word' id='word_1_214' title='bbox 752 2046 873 2097; x_wconf 87' lang='lat' dir='ltr'>causas</span> <span class='ocrx_word' id='word_1_215' title='bbox 896 2048 1021 2096; x_wconf 89' lang='lat' dir='ltr'>sccun-</span> <span class='ocrx_word' id='word_1_216' title='bbox 1072 2049 1129 2098; x_wconf 89' lang='lat' dir='ltr'>res</span> <span class='ocrx_word' id='word_1_217' title='bbox 1151 2026 1379 2113; x_wconf 88' lang='lat' dir='ltr'>usitatarum,</span> <span class='ocrx_word' id='word_1_218' title='bbox 1411 2020 1569 2108; x_wconf 75' lang='grc' dir='ltr'><strong><em>δούλους</em></strong></span> <span class='ocrx_word' id='word_1_219' title='bbox 1589 2021 1741 2102; x_wconf 81' lang='grc' dir='ltr'><em>ἀτόπων</em></span> <span class='ocrx_word' id='word_1_220' title='bbox 1761 2025 1825 2101; x_wconf 81' lang='grc' dir='ltr'>καὶ</span> <span class='ocrx_word' id='word_1_221' title='bbox 1846 2023 2055 2125; x_wconf 78' lang='grc' dir='ltr'><strong><em>ὑπερόπτας</em></strong></span> 
     </span>
     <span class='ocr_line' id='line_1_19' title="bbox 96 2120 2055 2223; baseline 0.005 -27"><span class='ocrx_word' id='word_1_222' title='bbox 96 2158 119 2214; x_wconf 80' lang='grc' dir='ltr'><strong>ι,</strong></span> <span class='ocrx_word' id='word_1_223' title='bbox 155 2147 191 2204; x_wconf 87' lang='lat' dir='ltr'>et</span> <span class='ocrx_word' id='word_1_224' title='bbox 211 2143 316 2220; x_wconf 89' lang='lat' dir='ltr'>negat</span> <span class='ocrx_word' id='word_1_225' title='bbox 340 2153 419 2199; x_wconf 91' lang='lat' dir='ltr'>eum</span> <span class='ocrx_word' id='word_1_226' title='bbox 443 2131 546 2200; x_wconf 92' lang='lat' dir='ltr'>aliter</span> <span class='ocrx_word' id='word_1_227' title='bbox 569 2152 671 2221; x_wconf 90' lang='lat' dir='ltr'>posse</span> <span class='ocrx_word' id='word_1_228' title='bbox 695 2152 815 2219; x_wconf 85' lang='lat' dir='ltr'>agere,</span> <span class='ocrx_word' id='word_1_229' title='bbox 849 2152 955 2223; x_wconf 92' lang='lat' dir='ltr'>quam</span> <span class='ocrx_word' id='word_1_230' title='bbox 981 2140 1023 2198; x_wconf 90' lang='lat' dir='ltr'>ut</span> <span class='ocrx_word' id='word_1_231' title='bbox 1072 2120 1372 2203; x_wconf 76' lang='grc' dir='ltr'><strong>τῶνειωθότιον.</strong></span> <span class='ocrx_word' id='word_1_232' title='bbox 1425 2127 1520 2199; x_wconf 86' lang='lat' dir='ltr'>llaec</span> <span class='ocrx_word' id='word_1_233' title='bbox 1543 2128 1628 2199; x_wconf 89' lang='lat' dir='ltr'>vitia</span> <span class='ocrx_word' id='word_1_234' title='bbox 1653 2143 1686 2200; x_wconf 86' lang='lat' dir='ltr'>ct</span> <span class='ocrx_word' id='word_1_235' title='bbox 1709 2133 1866 2221; x_wconf 88' lang='lat' dir='ltr'>vulgaria</span> <span class='ocrx_word' id='word_1_236' title='bbox 1891 2148 1993 2218; x_wconf 90' lang='lat' dir='ltr'>sunt,</span> <span class='ocrx_word' id='word_1_237' title='bbox 2020 2153 2055 2206; x_wconf 90' lang='lat' dir='ltr'>et</span> 
     </span>
     <span class='ocr_line' id='line_1_20' title="bbox 96 2231 2054 2326; baseline 0.001 -22"><span class='ocrx_word' id='word_1_238' title='bbox 96 2257 162 2304; x_wconf 80' lang='lat' dir='ltr'>tsae</span> <span class='ocrx_word' id='word_1_239' title='bbox 184 2235 356 2303; x_wconf 91' lang='lat' dir='ltr'>secundae</span> <span class='ocrx_word' id='word_1_240' title='bbox 377 2233 561 2317; x_wconf 80' lang='lat' dir='ltr'>feruntur,</span> <span class='ocrx_word' id='word_1_241' title='bbox 586 2232 670 2326; x_wconf 92' lang='lat' dir='ltr'>quia</span> <span class='ocrx_word' id='word_1_242' title='bbox 694 2234 783 2302; x_wconf 91' lang='lat' dir='ltr'>ordo</span> <span class='ocrx_word' id='word_1_243' title='bbox 807 2231 1022 2303; x_wconf 89' lang='lat' dir='ltr'>turbaretur.</span> <span class='ocrx_word' id='word_1_244' title='bbox 1072 2244 1292 2302; x_wconf 88' lang='lat' dir='ltr'>suntcausae</span> <span class='ocrx_word' id='word_1_245' title='bbox 1312 2254 1519 2321; x_wconf 89' lang='lat' dir='ltr'>magnarum</span> <span class='ocrx_word' id='word_1_246' title='bbox 1541 2231 1779 2304; x_wconf 86' lang='lat' dir='ltr'>calamitatum</span> <span class='ocrx_word' id='word_1_247' title='bbox 1805 2235 1842 2302; x_wconf 89' lang='lat' dir='ltr'>in</span> <span class='ocrx_word' id='word_1_248' title='bbox 1866 2233 1954 2303; x_wconf 84' lang='lat' dir='ltr'>vita:</span> <span class='ocrx_word' id='word_1_249' title='bbox 1982 2235 2054 2306; x_wconf 87' lang='lat' dir='ltr'>Nec</span> 
     </span>
     <span class='ocr_line' id='line_1_21' title="bbox 96 2332 2055 2426; baseline 0.002 -21"><span class='ocrx_word' id='word_1_250' title='bbox 96 2338 189 2406; x_wconf 90' lang='lat' dir='ltr'>imas</span> <span class='ocrx_word' id='word_1_251' title='bbox 202 2332 390 2405; x_wconf 92' lang='lat' dir='ltr'>hominum</span> <span class='ocrx_word' id='word_1_252' title='bbox 404 2333 454 2403; x_wconf 90' lang='lat' dir='ltr'>ait</span> <span class='ocrx_word' id='word_1_253' title='bbox 468 2332 585 2423; x_wconf 87' lang='lat' dir='ltr'>ignem</span> <span class='ocrx_word' id='word_1_254' title='bbox 598 2357 671 2404; x_wconf 89' lang='lat' dir='ltr'>esse</span> <span class='ocrx_word' id='word_1_255' title='bbox 683 2337 871 2406; x_wconf 90' lang='lat' dir='ltr'>durantem</span> <span class='ocrx_word' id='word_1_256' title='bbox 886 2334 1023 2426; x_wconf 87' lang='lat' dir='ltr'>aliquot</span> <span class='ocrx_word' id='word_1_257' title='bbox 1073 2333 1141 2402; x_wconf 90' lang='lat' dir='ltr'>alia</span> <span class='ocrx_word' id='word_1_258' title='bbox 1158 2356 1259 2403; x_wconf 89' lang='lat' dir='ltr'>causa</span> <span class='ocrx_word' id='word_1_259' title='bbox 1279 2332 1365 2418; x_wconf 84' lang='lat' dir='ltr'>fuit,</span> <span class='ocrx_word' id='word_1_260' title='bbox 1392 2356 1472 2403; x_wconf 91' lang='lat' dir='ltr'>cum</span> <span class='ocrx_word' id='word_1_261' title='bbox 1492 2347 1591 2403; x_wconf 90' lang='lat' dir='ltr'>antea</span> <span class='ocrx_word' id='word_1_262' title='bbox 1606 2347 1700 2405; x_wconf 90' lang='lat' dir='ltr'>recte</span> <span class='ocrx_word' id='word_1_263' title='bbox 1721 2336 1911 2407; x_wconf 89' lang='lat' dir='ltr'>constituta</span> <span class='ocrx_word' id='word_1_264' title='bbox 1932 2338 2055 2408; x_wconf 87' lang='lat' dir='ltr'>fuisset</span> 
     </span>
     <span class='ocr_line' id='line_1_22' title="bbox 96 2423 2076 2531; baseline 0.001 -23"><span class='ocrx_word' id='word_1_265' title='bbox 96 2438 184 2524; x_wconf 88' lang='lat' dir='ltr'>nlis,</span> <span class='ocrx_word' id='word_1_266' title='bbox 208 2449 394 2531; x_wconf 87' lang='lat' dir='ltr'>postquam</span> <span class='ocrx_word' id='word_1_267' title='bbox 410 2436 913 2527; x_wconf 87' lang='lat' dir='ltr'>discesseruntacorporibus.</span> <span class='ocrx_word' id='word_1_268' title='bbox 952 2433 1022 2505; x_wconf 87' lang='lat' dir='ltr'>Sed</span> <span class='ocrx_word' id='word_1_269' title='bbox 1073 2430 1300 2529; x_wconf 84' lang='lat' dir='ltr'>philosophia</span> <span class='ocrx_word' id='word_1_270' title='bbox 1329 2423 1377 2504; x_wconf 81' lang='lat' dir='ltr'>ab</span> <span class='ocrx_word' id='word_1_271' title='bbox 1407 2432 1597 2505; x_wconf 84' lang='lat' dir='ltr'>Aristotele</span> <span class='ocrx_word' id='word_1_272' title='bbox 1630 2449 1665 2506; x_wconf 91' lang='lat' dir='ltr'>et</span> <span class='ocrx_word' id='word_1_273' title='bbox 1691 2432 1959 2531; x_wconf 86' lang='lat' dir='ltr'>Theophrasto,</span> <span class='ocrx_word' id='word_1_274' title='bbox 1991 2429 2076 2510; x_wconf 33' lang='lat' dir='ltr'>cur*</span> 
     </span>
     <span class='ocr_line' id='line_1_23' title="bbox 96 2533 2057 2631; baseline 0.003 -23"><span class='ocrx_word' id='word_1_275' title='bbox 96 2564 156 2610; x_wconf 81' lang='lat' dir='ltr'>ren</span> <span class='ocrx_word' id='word_1_276' title='bbox 174 2552 293 2631; x_wconf 90' lang='lat' dir='ltr'>postea</span> <span class='ocrx_word' id='word_1_277' title='bbox 312 2537 475 2630; x_wconf 90' lang='lat' dir='ltr'>dissipari</span> <span class='ocrx_word' id='word_1_278' title='bbox 493 2552 526 2609; x_wconf 91' lang='lat' dir='ltr'>et</span> <span class='ocrx_word' id='word_1_279' title='bbox 541 2539 709 2629; x_wconf 78' lang='lat' dir='ltr'>extingui,</span> <span class='ocrx_word' id='word_1_280' title='bbox 735 2553 776 2608; x_wconf 90' lang='grc' dir='ltr'>ιιι</span> <span class='ocrx_word' id='word_1_281' title='bbox 789 2539 878 2608; x_wconf 88' lang='lat' dir='ltr'>alios</span> <span class='ocrx_word' id='word_1_282' title='bbox 896 2538 1023 2607; x_wconf 80' lang='lat' dir='ltr'>fumos.</span> <span class='ocrx_word' id='word_1_283' title='bbox 1074 2562 1150 2607; x_wconf 91' lang='lat' dir='ltr'>eam</span> <span class='ocrx_word' id='word_1_284' title='bbox 1164 2550 1340 2609; x_wconf 86' lang='lat' dir='ltr'>mutarent</span> <span class='ocrx_word' id='word_1_285' title='bbox 1365 2537 1595 2628; x_wconf 83' lang='lat' dir='ltr'>posteriores,</span> <span class='ocrx_word' id='word_1_286' title='bbox 1621 2533 1818 2630; x_wconf 83' lang='lat' dir='ltr'>Epicurus,</span> <span class='ocrx_word' id='word_1_287' title='bbox 1842 2540 1960 2626; x_wconf 87' lang='lat' dir='ltr'>Zeno,</span> <span class='ocrx_word' id='word_1_288' title='bbox 1986 2544 2057 2613; x_wconf 81' lang='lat' dir='ltr'>Ar-</span> 
     </span>
     <span class='ocr_line' id='line_1_24' title="bbox 96 2635 2058 2733; baseline 0.002 -22"><span class='ocrx_word' id='word_1_289' title='bbox 96 2657 145 2714; x_wconf 88' lang='lat' dir='ltr'>rat</span> <span class='ocrx_word' id='word_1_290' title='bbox 160 2642 407 2733; x_wconf 91' lang='lat' dir='ltr'>multipliciter</span> <span class='ocrx_word' id='word_1_291' title='bbox 423 2643 468 2710; x_wconf 93' lang='lat' dir='ltr'>de</span> <span class='ocrx_word' id='word_1_292' title='bbox 493 2641 679 2712; x_wconf 84' lang='lat' dir='ltr'>affectibus</span> <span class='ocrx_word' id='word_1_293' title='bbox 703 2638 908 2726; x_wconf 93' lang='lat' dir='ltr'>hominum,</span> <span class='ocrx_word' id='word_1_294' title='bbox 934 2661 1024 2732; x_wconf 87' lang='lat' dir='ltr'>quos</span> <span class='ocrx_word' id='word_1_295' title='bbox 1077 2640 1218 2725; x_wconf 83' lang='lat' dir='ltr'>cesilas,</span> <span class='ocrx_word' id='word_1_296' title='bbox 1243 2640 1373 2720; x_wconf 89' lang='lat' dir='ltr'>etalii,</span> <span class='ocrx_word' id='word_1_297' title='bbox 1394 2640 1468 2711; x_wconf 70' lang='lat' dir='ltr'>&#39;nisi</span> <span class='ocrx_word' id='word_1_298' title='bbox 1483 2635 1569 2708; x_wconf 90' lang='lat' dir='ltr'>haec</span> <span class='ocrx_word' id='word_1_299' title='bbox 1586 2640 1711 2709; x_wconf 86' lang='lat' dir='ltr'>levitas</span> <span class='ocrx_word' id='word_1_300' title='bbox 1724 2642 1973 2732; x_wconf 84' lang='lat' dir='ltr'>ingeniorum,</span> <span class='ocrx_word' id='word_1_301' title='bbox 2000 2646 2058 2714; x_wconf 89' lang='lat' dir='ltr'>in-</span> 
     </span>
     <span class='ocr_line' id='line_1_25' title="bbox 96 2741 2056 2840; baseline 0.001 -25"><span class='ocrx_word' id='word_1_302' title='bbox 96 2744 223 2815; x_wconf 87' lang='lat' dir='ltr'>ttendit</span> <span class='ocrx_word' id='word_1_303' title='bbox 242 2743 428 2835; x_wconf 91' lang='lat' dir='ltr'>opiniones</span> <span class='ocrx_word' id='word_1_304' title='bbox 445 2765 538 2828; x_wconf 89' lang='lat' dir='ltr'>esse,</span> <span class='ocrx_word' id='word_1_305' title='bbox 564 2757 598 2813; x_wconf 93' lang='lat' dir='ltr'>et</span> <span class='ocrx_word' id='word_1_306' title='bbox 613 2765 655 2813; x_wconf 82' lang='lat' dir='ltr'>ex</span> <span class='ocrx_word' id='word_1_307' title='bbox 667 2758 793 2813; x_wconf 91' lang='lat' dir='ltr'>natura</span> <span class='ocrx_word' id='word_1_308' title='bbox 809 2743 888 2812; x_wconf 92' lang='lat' dir='ltr'>tolli</span> <span class='ocrx_word' id='word_1_309' title='bbox 909 2765 1024 2835; x_wconf 90' lang='lat' dir='ltr'>posse,</span> <span class='ocrx_word' id='word_1_310' title='bbox 1073 2743 1178 2812; x_wconf 89' lang='lat' dir='ltr'>citata</span> <span class='ocrx_word' id='word_1_311' title='bbox 1194 2741 1402 2832; x_wconf 88' lang='lat' dir='ltr'>ambitione,</span> <span class='ocrx_word' id='word_1_312' title='bbox 1428 2741 1661 2812; x_wconf 85' lang='lat' dir='ltr'>aemulatione</span> <span class='ocrx_word' id='word_1_313' title='bbox 1675 2756 1708 2813; x_wconf 89' lang='lat' dir='ltr'>et</span> <span class='ocrx_word' id='word_1_314' title='bbox 1724 2741 1942 2840; x_wconf 73' lang='grc' dir='ltr'>φιλονεικίᾳ.</span> <span class='ocrx_word' id='word_1_315' title='bbox 1965 2746 2056 2819; x_wconf 87' lang='lat' dir='ltr'>Cum</span> 
     </span>
     <span class='ocr_line' id='line_1_26' title="bbox 96 2841 2056 2936; baseline 0.001 -19"><span class='ocrx_word' id='word_1_316' title='bbox 96 2868 298 2917; x_wconf 77' lang='lat' dir='ltr'>›mnesesse</span> <span class='ocrx_word' id='word_1_317' title='bbox 320 2843 484 2916; x_wconf 88' lang='lat' dir='ltr'>viciosos.</span> <span class='ocrx_word' id='word_1_318' title='bbox 534 2841 645 2915; x_wconf 91' lang='lat' dir='ltr'>Ludit</span> <span class='ocrx_word' id='word_1_319' title='bbox 667 2845 895 2935; x_wconf 88' lang='lat' dir='ltr'>ambiguitate</span> <span class='ocrx_word' id='word_1_320' title='bbox 920 2867 1024 2912; x_wconf 88' lang='lat' dir='ltr'>voca·</span> <span class='ocrx_word' id='word_1_321' title='bbox 1075 2867 1157 2914; x_wconf 87' lang='lat' dir='ltr'>vcro</span> <span class='ocrx_word' id='word_1_322' title='bbox 1174 2843 1343 2934; x_wconf 87' lang='lat' dir='ltr'>legimus,</span> <span class='ocrx_word' id='word_1_323' title='bbox 1368 2862 1475 2936; x_wconf 76' lang='lat' dir='ltr'>emam</span> <span class='ocrx_word' id='word_1_324' title='bbox 1491 2856 1596 2914; x_wconf 90' lang='lat' dir='ltr'>tetras</span> <span class='ocrx_word' id='word_1_325' title='bbox 1609 2845 1797 2935; x_wconf 90' lang='lat' dir='ltr'>opiniones</span> <span class='ocrx_word' id='word_1_326' title='bbox 1811 2843 1975 2918; x_wconf 91' lang='lat' dir='ltr'>horribili</span> <span class='ocrx_word' id='word_1_327' title='bbox 1986 2873 2056 2919; x_wconf 86' lang='lat' dir='ltr'>-an-</span> 
     </span>
     <span class='ocr_line' id='line_1_27' title="bbox 96 2940 2057 3040; baseline 0.003 -24"><span class='ocrx_word' id='word_1_328' title='bbox 96 2951 228 3032; x_wconf 72' lang='lat' dir='ltr'>lonam,</span> <span class='ocrx_word' id='word_1_329' title='bbox 261 2969 343 3016; x_wconf 92' lang='lat' dir='ltr'>cum</span> <span class='ocrx_word' id='word_1_330' title='bbox 370 2959 476 3035; x_wconf 87' lang='lat' dir='ltr'>negat</span> <span class='ocrx_word' id='word_1_331' title='bbox 507 2966 564 3016; x_wconf 90' lang='lat' dir='ltr'>res</span> <span class='ocrx_word' id='word_1_332' title='bbox 591 2947 843 3017; x_wconf 83' lang='lat' dir='ltr'>convenientes</span> <span class='ocrx_word' id='word_1_333' title='bbox 867 2959 1025 3029; x_wconf 90' lang='lat' dir='ltr'>naturae,</span> <span class='ocrx_word' id='word_1_334' title='bbox 1070 2945 1174 3016; x_wconf 90' lang='lat' dir='ltr'>dacia</span> <span class='ocrx_word' id='word_1_335' title='bbox 1190 2942 1324 3016; x_wconf 89' lang='lat' dir='ltr'>deDco</span> <span class='ocrx_word' id='word_1_336' title='bbox 1352 2946 1561 3036; x_wconf 88' lang='lat' dir='ltr'>sparserint,</span> <span class='ocrx_word' id='word_1_337' title='bbox 1587 2940 1875 3020; x_wconf 87' lang='lat' dir='ltr'>cohorrescamus</span> <span class='ocrx_word' id='word_1_338' title='bbox 1898 2951 2057 3040; x_wconf 85' lang='lat' dir='ltr'>cogitan-</span> 
     </span>
     <span class='ocr_line' id='line_1_28' title="bbox 96 3046 2056 3144; baseline 0.001 -24"><span class='ocrx_word' id='word_1_339' title='bbox 96 3074 169 3134; x_wconf 86' lang='lat' dir='ltr'>rm,</span> <span class='ocrx_word' id='word_1_340' title='bbox 195 3050 399 3133; x_wconf 90' lang='lat' dir='ltr'>sanitatem,</span> <span class='ocrx_word' id='word_1_341' title='bbox 424 3050 565 3128; x_wconf 76' lang='lat' dir='ltr'>csssum,</span> <span class='ocrx_word' id='word_1_342' title='bbox 589 3061 737 3141; x_wconf 89' lang='lat' dir='ltr'>potum,</span> <span class='ocrx_word' id='word_1_343' title='bbox 762 3050 857 3119; x_wconf 89' lang='lat' dir='ltr'>bona</span> <span class='ocrx_word' id='word_1_344' title='bbox 873 3070 963 3132; x_wconf 88' lang='lat' dir='ltr'>esse,</span> <span class='ocrx_word' id='word_1_345' title='bbox 990 3061 1024 3118; x_wconf 90' lang='lat' dir='ltr'>et</span> <span class='ocrx_word' id='word_1_346' title='bbox 1074 3058 1145 3128; x_wconf 90' lang='lat' dir='ltr'>tes,</span> <span class='ocrx_word' id='word_1_347' title='bbox 1165 3071 1237 3138; x_wconf 95' lang='lat' dir='ltr'>quo</span> <span class='ocrx_word' id='word_1_348' title='bbox 1255 3047 1420 3117; x_wconf 90' lang='lat' dir='ltr'>diabolus</span> <span class='ocrx_word' id='word_1_349' title='bbox 1438 3046 1597 3138; x_wconf 91' lang='lat' dir='ltr'>impellat</span> <span class='ocrx_word' id='word_1_350' title='bbox 1614 3061 1769 3134; x_wconf 84' lang='lat' dir='ltr'>mentes,</span> <span class='ocrx_word' id='word_1_351' title='bbox 1794 3075 1885 3144; x_wconf 89' lang='lat' dir='ltr'>quae</span> <span class='ocrx_word' id='word_1_352' title='bbox 1902 3077 1975 3121; x_wconf 91' lang='lat' dir='ltr'>non</span> <span class='ocrx_word' id='word_1_353' title='bbox 2000 3077 2056 3122; x_wconf 91' lang='lat' dir='ltr'>re-</span> 
     </span>
     <span class='ocr_line' id='line_1_29' title="bbox 96 3148 2055 3241; baseline 0.002 -21"><span class='ocrx_word' id='word_1_354' title='bbox 96 3165 181 3222; x_wconf 76' lang='lat' dir='ltr'>›ntra</span> <span class='ocrx_word' id='word_1_355' title='bbox 206 3175 262 3221; x_wconf 90' lang='lat' dir='ltr'>res</span> <span class='ocrx_word' id='word_1_356' title='bbox 284 3153 503 3221; x_wconf 88' lang='lat' dir='ltr'>destruentes</span> <span class='ocrx_word' id='word_1_357' title='bbox 524 3162 708 3236; x_wconf 89' lang='lat' dir='ltr'>naturam,</span> <span class='ocrx_word' id='word_1_358' title='bbox 732 3165 900 3236; x_wconf 89' lang='lat' dir='ltr'>mortem,</span> <span class='ocrx_word' id='word_1_359' title='bbox 928 3173 1025 3218; x_wconf 90' lang='lat' dir='ltr'>mor·</span> <span class='ocrx_word' id='word_1_360' title='bbox 1075 3162 1207 3239; x_wconf 90' lang='lat' dir='ltr'>guntur</span> <span class='ocrx_word' id='word_1_361' title='bbox 1221 3151 1300 3219; x_wconf 91' lang='lat' dir='ltr'>luce</span> <span class='ocrx_word' id='word_1_362' title='bbox 1315 3148 1455 3234; x_wconf 90' lang='lat' dir='ltr'>diviua,</span> <span class='ocrx_word' id='word_1_363' title='bbox 1481 3164 1515 3220; x_wconf 92' lang='lat' dir='ltr'>et</span> <span class='ocrx_word' id='word_1_364' title='bbox 1533 3173 1755 3241; x_wconf 88' lang='lat' dir='ltr'>opponamus</span> <span class='ocrx_word' id='word_1_365' title='bbox 1771 3154 1991 3236; x_wconf 89' lang='lat' dir='ltr'>testimonia,</span> <span class='ocrx_word' id='word_1_366' title='bbox 2018 3156 2055 3223; x_wconf 93' lang='lat' dir='ltr'>in</span> 
     </span>
     <span class='ocr_line' id='line_1_30' title="bbox 96 3248 2056 3346; baseline 0.002 -24"><span class='ocrx_word' id='word_1_367' title='bbox 96 3277 124 3340; x_wconf 89' lang='grc' dir='ltr'>ι,</span> <span class='ocrx_word' id='word_1_368' title='bbox 150 3253 337 3344; x_wconf 91' lang='lat' dir='ltr'>penuriam</span> <span class='ocrx_word' id='word_1_369' title='bbox 360 3253 449 3336; x_wconf 91' lang='lat' dir='ltr'>cibi,</span> <span class='ocrx_word' id='word_1_370' title='bbox 481 3266 607 3345; x_wconf 89' lang='lat' dir='ltr'>potus,</span> <span class='ocrx_word' id='word_1_371' title='bbox 637 3254 730 3322; x_wconf 93' lang='lat' dir='ltr'>mala</span> <span class='ocrx_word' id='word_1_372' title='bbox 754 3275 838 3325; x_wconf 89' lang='lat' dir='ltr'>esse.</span> <span class='ocrx_word' id='word_1_373' title='bbox 897 3251 1025 3323; x_wconf 87' lang='lat' dir='ltr'>Stellas</span> <span class='ocrx_word' id='word_1_374' title='bbox 1075 3252 1204 3346; x_wconf 90' lang='lat' dir='ltr'>quibus</span> <span class='ocrx_word' id='word_1_375' title='bbox 1226 3275 1262 3320; x_wconf 91' lang='lat' dir='ltr'>se</span> <span class='ocrx_word' id='word_1_376' title='bbox 1282 3248 1380 3320; x_wconf 88' lang='lat' dir='ltr'>Deus</span> <span class='ocrx_word' id='word_1_377' title='bbox 1399 3251 1580 3342; x_wconf 81' lang='lat' dir='ltr'>patefecit,</span> <span class='ocrx_word' id='word_1_378' title='bbox 1611 3265 1645 3322; x_wconf 91' lang='lat' dir='ltr'>et</span> <span class='ocrx_word' id='word_1_379' title='bbox 1666 3255 1758 3325; x_wconf 87' lang='lat' dir='ltr'>veris</span> <span class='ocrx_word' id='word_1_380' title='bbox 1787 3257 2056 3346; x_wconf 81' lang='lat' dir='ltr'>sententiispe-</span> 
     </span>
     <span class='ocr_line' id='line_1_31' title="bbox 102 3347 2136 3448; baseline -0 -21"><span class='ocrx_word' id='word_1_381' title='bbox 102 3347 190 3427; x_wconf 90' lang='lat' dir='ltr'>dicit</span> <span class='ocrx_word' id='word_1_382' title='bbox 206 3355 369 3447; x_wconf 87' lang='lat' dir='ltr'>vaporib.</span> <span class='ocrx_word' id='word_1_383' title='bbox 384 3368 497 3425; x_wconf 89' lang='lat' dir='ltr'>terrae</span> <span class='ocrx_word' id='word_1_384' title='bbox 517 3366 552 3424; x_wconf 91' lang='lat' dir='ltr'>et</span> <span class='ocrx_word' id='word_1_385' title='bbox 576 3357 715 3437; x_wconf 91' lang='lat' dir='ltr'>occani,</span> <span class='ocrx_word' id='word_1_386' title='bbox 742 3369 775 3425; x_wconf 86' lang='lat' dir='ltr'>et</span> <span class='ocrx_word' id='word_1_387' title='bbox 797 3356 919 3423; x_wconf 90' lang='lat' dir='ltr'>lunam</span> <span class='ocrx_word' id='word_1_388' title='bbox 942 3354 1026 3437; x_wconf 83' lang='lat' dir='ltr'>facit</span> <span class='ocrx_word' id='word_1_389' title='bbox 1074 3368 1170 3424; x_wconf 89' lang='lat' dir='ltr'>ctora</span> <span class='ocrx_word' id='word_1_390' title='bbox 1187 3353 1407 3439; x_wconf 88' lang='lat' dir='ltr'>muniamus,</span> <span class='ocrx_word' id='word_1_391' title='bbox 1434 3376 1508 3423; x_wconf 89' lang='lat' dir='ltr'>nou</span> <span class='ocrx_word' id='word_1_392' title='bbox 1525 3354 1640 3423; x_wconf 91' lang='lat' dir='ltr'>solum</span> <span class='ocrx_word' id='word_1_393' title='bbox 1652 3360 1776 3425; x_wconf 87' lang='lat' dir='ltr'>&#39;contra</span> <span class='ocrx_word' id='word_1_394' title='bbox 1793 3353 1987 3448; x_wconf 81' lang='lat' dir='ltr'>Epicureos</span> <span class='ocrx_word' id='word_1_395' title='bbox 1999 3359 2057 3427; x_wconf 86' lang='lat' dir='ltr'>ln-</span> <span class='ocrx_word' id='word_1_396' title='bbox 2132 3353 2136 3356; x_wconf 62' lang='grc'><strong>’</strong></span> 
     </span>
     <span class='ocr_line' id='line_1_32' title="bbox 96 3452 2056 3537; baseline -0.001 -7"><span class='ocrx_word' id='word_1_397' title='bbox 96 3457 210 3530; x_wconf 91' lang='lat' dir='ltr'>iorem</span> <span class='ocrx_word' id='word_1_398' title='bbox 228 3472 333 3530; x_wconf 90' lang='lat' dir='ltr'>terra.</span> <span class='ocrx_word' id='word_1_399' title='bbox 384 3456 456 3527; x_wconf 86' lang='lat' dir='ltr'>Sed</span> <span class='ocrx_word' id='word_1_400' title='bbox 473 3452 559 3528; x_wconf 89' lang='lat' dir='ltr'>haec</span> <span class='ocrx_word' id='word_1_401' title='bbox 573 3457 777 3528; x_wconf 90' lang='lat' dir='ltr'>obscuriora</span> <span class='ocrx_word' id='word_1_402' title='bbox 794 3456 933 3527; x_wconf 90' lang='lat' dir='ltr'>omitto.</span> <span class='ocrx_word' id='word_1_403' title='bbox 1075 3479 1191 3537; x_wconf 90' lang='lat' dir='ltr'>rores,</span> <span class='ocrx_word' id='word_1_404' title='bbox 1221 3457 1281 3524; x_wconf 84' lang='lat' dir='ltr'>sed</span> <span class='ocrx_word' id='word_1_405' title='bbox 1312 3455 1415 3526; x_wconf 89' lang='lat' dir='ltr'>etiam</span> <span class='ocrx_word' id='word_1_406' title='bbox 1446 3470 1570 3527; x_wconf 89' lang='lat' dir='ltr'>contra</span> <span class='ocrx_word' id='word_1_407' title='bbox 1592 3456 1701 3526; x_wconf 91' lang='lat' dir='ltr'>stoica</span> <span class='ocrx_word' id='word_1_408' title='bbox 1725 3459 1850 3529; x_wconf 91' lang='lat' dir='ltr'>deliria</span> <span class='ocrx_word' id='word_1_409' title='bbox 1875 3475 1908 3531; x_wconf 94' lang='lat' dir='ltr'>et</span> <span class='ocrx_word' id='word_1_410' title='bbox 1931 3464 2056 3531; x_wconf 90' lang='lat' dir='ltr'>acade-</span> 
     </span>
     <span class='ocr_line' id='line_1_33' title="bbox 581 3552 2112 3652; baseline 0.01 -32"><span class='ocrx_word' id='word_1_411' title='bbox 581 3635 590 3652; x_wconf 37' lang='grc' dir='ltr'>ι</span> <span class='ocrx_word' id='word_1_412' title='bbox 1074 3557 1202 3627; x_wconf 90' lang='lat' dir='ltr'>micam</span> <span class='ocrx_word' id='word_1_413' title='bbox 1228 3552 1365 3650; x_wconf 75' lang='grc' dir='ltr'>ἐποχὴν</span> <span class='ocrx_word' id='word_1_414' title='bbox 1393 3579 1455 3628; x_wconf 88' lang='lat' dir='ltr'>seu</span> <span class='ocrx_word' id='word_1_415' title='bbox 1485 3558 1764 3641; x_wconf 88' lang='lat' dir='ltr'>dubitationem,</span> <span class='ocrx_word' id='word_1_416' title='bbox 1797 3577 1831 3632; x_wconf 92' lang='lat' dir='ltr'>et</span> <span class='ocrx_word' id='word_1_417' title='bbox 1856 3565 2000 3633; x_wconf 87' lang='lat' dir='ltr'>accendi</span> <span class='ocrx_word' id='word_1_418' title='bbox 2022 3569 2112 3635; x_wconf 72' lang='lat' dir='ltr'>et&#39;&#39;</span> 
     </span>
     <span class='ocr_line' id='line_1_34' title="bbox 428 3636 2055 3757; baseline 0.002 -27"><span class='ocrx_word' id='word_1_419' title='bbox 428 3636 638 3703; x_wconf 62' lang='lat' dir='ltr'>Affldem&#39;ia·</span> <span class='ocrx_word' id='word_1_420' title='bbox 850 3669 857 3677; x_wconf 77' lang='grc'><strong>“</strong></span> <span class='ocrx_word' id='word_1_421' title='bbox 1075 3659 1275 3730; x_wconf 88' lang='lat' dir='ltr'>confirmari</span> <span class='ocrx_word' id='word_1_422' title='bbox 1297 3662 1335 3728; x_wconf 92' lang='lat' dir='ltr'>in</span> <span class='ocrx_word' id='word_1_423' title='bbox 1359 3659 1464 3729; x_wconf 90' lang='lat' dir='ltr'>nobis</span> <span class='ocrx_word' id='word_1_424' title='bbox 1485 3684 1603 3730; x_wconf 89' lang='lat' dir='ltr'>veram</span> <span class='ocrx_word' id='word_1_425' title='bbox 1627 3661 1846 3750; x_wconf 76' lang='lat' dir='ltr'>agnitionem</span> <span class='ocrx_word' id='word_1_426' title='bbox 1870 3663 1935 3734; x_wconf 86' lang='lat' dir='ltr'>Dei</span> <span class='ocrx_word' id='word_1_427' title='bbox 1958 3681 2055 3757; x_wconf 89' lang='lat' dir='ltr'>peta-</span> 
     </span>
     <span class='ocr_line' id='line_1_35' title="bbox 141 3758 2091 3862; baseline 0.003 -30"><span class='ocrx_word' id='word_1_428' title='bbox 141 3762 333 3832; x_wconf 87' lang='lat' dir='ltr'>Academia</span> <span class='ocrx_word' id='word_1_429' title='bbox 365 3763 560 3842; x_wconf 89' lang='lat' dir='ltr'>recentior,</span> <span class='ocrx_word' id='word_1_430' title='bbox 597 3785 675 3831; x_wconf 91' lang='lat' dir='ltr'>cum</span> <span class='ocrx_word' id='word_1_431' title='bbox 712 3760 848 3832; x_wconf 85' lang='lat' dir='ltr'>videret</span> <span class='ocrx_word' id='word_1_432' title='bbox 880 3781 1024 3850; x_wconf 85' lang='lat' dir='ltr'>magnas</span> <span class='ocrx_word' id='word_1_433' title='bbox 1074 3785 1165 3833; x_wconf 91' lang='lat' dir='ltr'>mus.</span> <span class='ocrx_word' id='word_1_434' title='bbox 1216 3758 1322 3833; x_wconf 82' lang='lat' dir='ltr'>Extat</span> <span class='ocrx_word' id='word_1_435' title='bbox 1345 3761 1677 3852; x_wconf 88' lang='lat' dir='ltr'>dialogusLuciani</span> <span class='ocrx_word' id='word_1_436' title='bbox 1701 3765 1746 3833; x_wconf 88' lang='lat' dir='ltr'>de</span> <span class='ocrx_word' id='word_1_437' title='bbox 1769 3767 1891 3852; x_wconf 90' lang='lat' dir='ltr'>sectis,</span> <span class='ocrx_word' id='word_1_438' title='bbox 1921 3769 1959 3836; x_wconf 93' lang='lat' dir='ltr'>in</span> <span class='ocrx_word' id='word_1_439' title='bbox 1982 3787 2091 3862; x_wconf 68' lang='lat' dir='ltr'>quot</span> 
     </span>
     <span class='ocr_line' id='line_1_36' title="bbox 96 3864 2055 3955; baseline 0.003 -21"><span class='ocrx_word' id='word_1_440' title='bbox 96 3889 112 3934; x_wconf 89' lang='lat' dir='ltr'>e</span> <span class='ocrx_word' id='word_1_441' title='bbox 134 3865 372 3934; x_wconf 88' lang='lat' dir='ltr'>dissensiones</span> <span class='ocrx_word' id='word_1_442' title='bbox 396 3866 546 3934; x_wconf 91' lang='lat' dir='ltr'>aliarum</span> <span class='ocrx_word' id='word_1_443' title='bbox 576 3876 766 3948; x_wconf 88' lang='lat' dir='ltr'>sectarum,</span> <span class='ocrx_word' id='word_1_444' title='bbox 798 3875 834 3933; x_wconf 91' lang='lat' dir='ltr'>et</span> <span class='ocrx_word' id='word_1_445' title='bbox 861 3864 1024 3932; x_wconf 89' lang='lat' dir='ltr'>animad-</span> <span class='ocrx_word' id='word_1_446' title='bbox 1074 3864 1250 3955; x_wconf 87' lang='lat' dir='ltr'>disputat,</span> <span class='ocrx_word' id='word_1_447' title='bbox 1270 3864 1475 3934; x_wconf 84' lang='lat' dir='ltr'>undescota</span> <span class='ocrx_word' id='word_1_448' title='bbox 1497 3877 1625 3934; x_wconf 88' lang='lat' dir='ltr'>tenens</span> <span class='ocrx_word' id='word_1_449' title='bbox 1646 3868 1899 3955; x_wconf 88' lang='lat' dir='ltr'>possessionem</span> <span class='ocrx_word' id='word_1_450' title='bbox 1924 3872 2055 3940; x_wconf 85' lang='lat' dir='ltr'>verita·</span> 
     </span>
     <span class='ocr_line' id='line_1_37' title="bbox 96 3961 2061 4059; baseline 0.003 -21"><span class='ocrx_word' id='word_1_451' title='bbox 96 3979 191 4038; x_wconf 81' lang='lat' dir='ltr'>teret</span> <span class='ocrx_word' id='word_1_452' title='bbox 208 3969 376 4059; x_wconf 90' lang='lat' dir='ltr'>quasdam</span> <span class='ocrx_word' id='word_1_453' title='bbox 394 3981 509 4058; x_wconf 89' lang='lat' dir='ltr'>partes</span> <span class='ocrx_word' id='word_1_454' title='bbox 526 3966 562 4034; x_wconf 94' lang='lat' dir='ltr'>in</span> <span class='ocrx_word' id='word_1_455' title='bbox 581 3961 757 4059; x_wconf 82' lang='lat' dir='ltr'>Physicis,</span> <span class='ocrx_word' id='word_1_456' title='bbox 782 3979 821 4035; x_wconf 92' lang='lat' dir='ltr'>ut</span> <span class='ocrx_word' id='word_1_457' title='bbox 838 3967 882 4034; x_wconf 90' lang='lat' dir='ltr'>de</span> <span class='ocrx_word' id='word_1_458' title='bbox 898 3965 1023 4035; x_wconf 92' lang='lat' dir='ltr'>mundi</span> <span class='ocrx_word' id='word_1_459' title='bbox 1076 3965 1141 4048; x_wconf 90' lang='lat' dir='ltr'>tis,</span> <span class='ocrx_word' id='word_1_460' title='bbox 1168 3965 1309 4054; x_wconf 82' lang='lat' dir='ltr'>agnosci</span> <span class='ocrx_word' id='word_1_461' title='bbox 1326 3966 1451 4055; x_wconf 87' lang='lat' dir='ltr'>possit,</span> <span class='ocrx_word' id='word_1_462' title='bbox 1477 3964 1590 4040; x_wconf 68' lang='lat' dir='ltr'>Sitne</span> <span class='ocrx_word' id='word_1_463' title='bbox 1603 3967 1775 4038; x_wconf 90' lang='lat' dir='ltr'>indicium</span> <span class='ocrx_word' id='word_1_464' title='bbox 1799 3973 1907 4042; x_wconf 90' lang='lat' dir='ltr'>barba</span> <span class='ocrx_word' id='word_1_465' title='bbox 1933 3987 1967 4042; x_wconf 91' lang='lat' dir='ltr'>et</span> <span class='ocrx_word' id='word_1_466' title='bbox 1989 3974 2061 4046; x_wconf 19' lang='lat' dir='ltr'>tri-⁴</span> 
     </span>
     <span class='ocr_line' id='line_1_38' title="bbox 96 4067 2054 4166; baseline 0.003 -26"><span class='ocrx_word' id='word_1_467' title='bbox 96 4069 163 4154; x_wconf 91' lang='lat' dir='ltr'>tio,</span> <span class='ocrx_word' id='word_1_468' title='bbox 190 4071 234 4137; x_wconf 91' lang='lat' dir='ltr'>de</span> <span class='ocrx_word' id='word_1_469' title='bbox 251 4068 441 4139; x_wconf 87' lang='lat' dir='ltr'>fluminum</span> <span class='ocrx_word' id='word_1_470' title='bbox 457 4068 696 4160; x_wconf 88' lang='lat' dir='ltr'>perennitate,</span> <span class='ocrx_word' id='word_1_471' title='bbox 718 4081 751 4136; x_wconf 91' lang='lat' dir='ltr'>et</span> <span class='ocrx_word' id='word_1_472' title='bbox 766 4068 835 4137; x_wconf 91' lang='lat' dir='ltr'>alia</span> <span class='ocrx_word' id='word_1_473' title='bbox 850 4070 1023 4160; x_wconf 92' lang='lat' dir='ltr'>quaedam</span> <span class='ocrx_word' id='word_1_474' title='bbox 1075 4067 1172 4137; x_wconf 82' lang='lat' dir='ltr'>stiria</span> <span class='ocrx_word' id='word_1_475' title='bbox 1190 4068 1329 4152; x_wconf 87' lang='lat' dir='ltr'>vultus,</span> <span class='ocrx_word' id='word_1_476' title='bbox 1350 4091 1389 4138; x_wconf 90' lang='lat' dir='ltr'>ac</span> <span class='ocrx_word' id='word_1_477' title='bbox 1404 4068 1497 4139; x_wconf 90' lang='lat' dir='ltr'>ludit</span> <span class='ocrx_word' id='word_1_478' title='bbox 1516 4068 1577 4137; x_wconf 91' lang='lat' dir='ltr'>ille</span> <span class='ocrx_word' id='word_1_479' title='bbox 1592 4092 1657 4140; x_wconf 91' lang='lat' dir='ltr'>suo</span> <span class='ocrx_word' id='word_1_480' title='bbox 1672 4094 1783 4145; x_wconf 87' lang='lat' dir='ltr'>more.</span> <span class='ocrx_word' id='word_1_481' title='bbox 1819 4073 1888 4145; x_wconf 86' lang='lat' dir='ltr'>Sed</span> <span class='ocrx_word' id='word_1_482' title='bbox 1906 4099 2054 4166; x_wconf 88' lang='lat' dir='ltr'>respon·</span> 
     </span>
     <span class='ocr_line' id='line_1_39' title="bbox 96 4165 2054 4266; baseline 0.004 -27"><span class='ocrx_word' id='word_1_483' title='bbox 96 4195 112 4239; x_wconf 91' lang='lat' dir='ltr'>n</span> <span class='ocrx_word' id='word_1_484' title='bbox 134 4171 219 4240; x_wconf 90' lang='lat' dir='ltr'>satis</span> <span class='ocrx_word' id='word_1_485' title='bbox 241 4165 496 4260; x_wconf 88' lang='lat' dir='ltr'>comprehendi</span> <span class='ocrx_word' id='word_1_486' title='bbox 519 4171 592 4240; x_wconf 86' lang='lat' dir='ltr'>acie</span> <span class='ocrx_word' id='word_1_487' title='bbox 616 4165 765 4238; x_wconf 88' lang='lat' dir='ltr'>humani</span> <span class='ocrx_word' id='word_1_488' title='bbox 781 4169 933 4258; x_wconf 87' lang='lat' dir='ltr'>ingenii,</span> <span class='ocrx_word' id='word_1_489' title='bbox 960 4171 1024 4238; x_wconf 82' lang='lat' dir='ltr'>ad-</span> <span class='ocrx_word' id='word_1_490' title='bbox 1074 4170 1127 4239; x_wconf 88' lang='lat' dir='ltr'>sio</span> <span class='ocrx_word' id='word_1_491' title='bbox 1144 4184 1236 4240; x_wconf 90' lang='lat' dir='ltr'>recte</span> <span class='ocrx_word' id='word_1_492' title='bbox 1252 4169 1426 4242; x_wconf 89' lang='lat' dir='ltr'>institutis</span> <span class='ocrx_word' id='word_1_493' title='bbox 1440 4171 1553 4240; x_wconf 86' lang='lat' dir='ltr'>facilis</span> <span class='ocrx_word' id='word_1_494' title='bbox 1573 4185 1634 4242; x_wconf 90' lang='lat' dir='ltr'>est.</span> <span class='ocrx_word' id='word_1_495' title='bbox 1686 4171 1752 4242; x_wconf 90' lang='lat' dir='ltr'>llla</span> <span class='ocrx_word' id='word_1_496' title='bbox 1778 4176 1870 4244; x_wconf 91' lang='lat' dir='ltr'>enim</span> <span class='ocrx_word' id='word_1_497' title='bbox 1895 4172 2054 4266; x_wconf 86' lang='lat' dir='ltr'>philoso-</span> 
     </span>
     <span class='ocr_line' id='line_1_40' title="bbox 96 4267 2052 4367; baseline 0.003 -25"><span class='ocrx_word' id='word_1_498' title='bbox 96 4275 130 4344; x_wconf 83' lang='lat' dir='ltr'>lit</span> <span class='ocrx_word' id='word_1_499' title='bbox 143 4273 269 4343; x_wconf 86' lang='lat' dir='ltr'>salsam</span> <span class='ocrx_word' id='word_1_500' title='bbox 286 4267 518 4367; x_wconf 90' lang='lat' dir='ltr'>hyperbolen,</span> <span class='ocrx_word' id='word_1_501' title='bbox 535 4273 654 4342; x_wconf 90' lang='lat' dir='ltr'>omnia</span> <span class='ocrx_word' id='word_1_502' title='bbox 674 4272 807 4341; x_wconf 89' lang='lat' dir='ltr'>incerta</span> <span class='ocrx_word' id='word_1_503' title='bbox 824 4293 909 4354; x_wconf 89' lang='lat' dir='ltr'>csse,</span> <span class='ocrx_word' id='word_1_504' title='bbox 926 4273 1021 4363; x_wconf 92' lang='lat' dir='ltr'>quod</span> <span class='ocrx_word' id='word_1_505' title='bbox 1074 4267 1158 4363; x_wconf 93' lang='lat' dir='ltr'>phia</span> <span class='ocrx_word' id='word_1_506' title='bbox 1183 4296 1264 4341; x_wconf 89' lang='lat' dir='ltr'>vera</span> <span class='ocrx_word' id='word_1_507' title='bbox 1289 4285 1357 4357; x_wconf 91' lang='lat' dir='ltr'>est,</span> <span class='ocrx_word' id='word_1_508' title='bbox 1391 4296 1481 4365; x_wconf 91' lang='lat' dir='ltr'>quae</span> <span class='ocrx_word' id='word_1_509' title='bbox 1503 4275 1646 4344; x_wconf 91' lang='lat' dir='ltr'>orditur</span> <span class='ocrx_word' id='word_1_510' title='bbox 1674 4276 1898 4366; x_wconf 89' lang='lat' dir='ltr'>aprincipiis</span> <span class='ocrx_word' id='word_1_511' title='bbox 1928 4292 2052 4349; x_wconf 88' lang='lat' dir='ltr'>natura</span> 
     </span>
     <span class='ocr_line' id='line_1_41' title="bbox 96 4367 2052 4458; baseline 0.003 -14"><span class='ocrx_word' id='word_1_512' title='bbox 96 4400 143 4444; x_wconf 80' lang='lat' dir='ltr'>sm</span> <span class='ocrx_word' id='word_1_513' title='bbox 160 4376 205 4445; x_wconf 90' lang='lat' dir='ltr'>ad</span> <span class='ocrx_word' id='word_1_514' title='bbox 222 4396 388 4443; x_wconf 89' lang='lat' dir='ltr'>numeros</span> <span class='ocrx_word' id='word_1_515' title='bbox 405 4387 438 4445; x_wconf 92' lang='lat' dir='ltr'>et</span> <span class='ocrx_word' id='word_1_516' title='bbox 455 4374 499 4442; x_wconf 90' lang='lat' dir='ltr'>ad</span> <span class='ocrx_word' id='word_1_517' title='bbox 515 4369 641 4452; x_wconf 77' lang='grc' dir='ltr'><strong>κοινὰς</strong></span> <span class='ocrx_word' id='word_1_518' title='bbox 657 4367 801 4454; x_wconf 77' lang='grc' dir='ltr'><strong><em>ἐννοίας</em></strong></span> <span class='ocrx_word' id='word_1_519' title='bbox 815 4376 853 4441; x_wconf 93' lang='lat' dir='ltr'>in</span> <span class='ocrx_word' id='word_1_520' title='bbox 870 4370 1024 4443; x_wconf 89' lang='lat' dir='ltr'>Geome-</span> <span class='ocrx_word' id='word_1_521' title='bbox 1074 4375 1186 4458; x_wconf 89' lang='lat' dir='ltr'>notis,</span> <span class='ocrx_word' id='word_1_522' title='bbox 1213 4386 1248 4442; x_wconf 92' lang='lat' dir='ltr'>et</span> <span class='ocrx_word' id='word_1_523' title='bbox 1270 4374 1415 4442; x_wconf 91' lang='lat' dir='ltr'>materia</span> <span class='ocrx_word' id='word_1_524' title='bbox 1437 4376 1799 4457; x_wconf 90' lang='lat' dir='ltr'>demonstrationum,</span> <span class='ocrx_word' id='word_1_525' title='bbox 1826 4391 1860 4449; x_wconf 90' lang='lat' dir='ltr'>et</span> <span class='ocrx_word' id='word_1_526' title='bbox 1883 4379 1966 4449; x_wconf 92' lang='lat' dir='ltr'>inde</span> <span class='ocrx_word' id='word_1_527' title='bbox 1991 4383 2052 4449; x_wconf 91' lang='lat' dir='ltr'>de·</span> 
     </span>
     <span class='ocr_line' id='line_1_42' title="bbox 96 4474 2052 4580; baseline 0.004 -34"><span class='ocrx_word' id='word_1_528' title='bbox 96 4477 328 4560; x_wconf 81' lang='lat' dir='ltr'>ttranstulit,</span> <span class='ocrx_word' id='word_1_529' title='bbox 354 4500 505 4569; x_wconf 93' lang='lat' dir='ltr'>quarum</span> <span class='ocrx_word' id='word_1_530' title='bbox 523 4476 771 4545; x_wconf 89' lang='lat' dir='ltr'>certitudinem</span> <span class='ocrx_word' id='word_1_531' title='bbox 791 4475 898 4544; x_wconf 84' lang='lat' dir='ltr'>variis</span> <span class='ocrx_word' id='word_1_532' title='bbox 921 4499 1024 4567; x_wconf 89' lang='lat' dir='ltr'>prae·</span> <span class='ocrx_word' id='word_1_533' title='bbox 1075 4474 1348 4546; x_wconf 89' lang='lat' dir='ltr'>monstrationes</span> <span class='ocrx_word' id='word_1_534' title='bbox 1378 4477 1505 4547; x_wconf 90' lang='lat' dir='ltr'>ordine</span> <span class='ocrx_word' id='word_1_535' title='bbox 1538 4478 1677 4548; x_wconf 84' lang='lat' dir='ltr'>extruit.</span> <span class='ocrx_word' id='word_1_536' title='bbox 1735 4474 1838 4548; x_wconf 90' lang='lat' dir='ltr'>Hanc</span> <span class='ocrx_word' id='word_1_537' title='bbox 1870 4477 2052 4580; x_wconf 82' lang='grc' dir='ltr'><strong>κριτήρια,</strong></span> 
     </span>
     <span class='ocr_line' id='line_1_43' title="bbox 96 4574 2050 4671; baseline 0.006 -24"><span class='ocrx_word' id='word_1_538' title='bbox 96 4578 151 4668; x_wconf 68' lang='lat' dir='ltr'>giis</span> <span class='ocrx_word' id='word_1_539' title='bbox 170 4574 426 4670; x_wconf 91' lang='lat' dir='ltr'>sophismatum</span> <span class='ocrx_word' id='word_1_540' title='bbox 444 4577 652 4646; x_wconf 82' lang='lat' dir='ltr'>labefactare</span> <span class='ocrx_word' id='word_1_541' title='bbox 675 4590 800 4646; x_wconf 90' lang='lat' dir='ltr'>conata</span> <span class='ocrx_word' id='word_1_542' title='bbox 818 4593 880 4650; x_wconf 90' lang='lat' dir='ltr'>est.</span> <span class='ocrx_word' id='word_1_543' title='bbox 931 4576 1024 4648; x_wconf 90' lang='lat' dir='ltr'>Tra·</span> <span class='ocrx_word' id='word_1_544' title='bbox 1074 4601 1165 4671; x_wconf 92' lang='lat' dir='ltr'>quae</span> <span class='ocrx_word' id='word_1_545' title='bbox 1180 4601 1286 4667; x_wconf 90' lang='lat' dir='ltr'>supra</span> <span class='ocrx_word' id='word_1_546' title='bbox 1300 4579 1472 4667; x_wconf 89' lang='lat' dir='ltr'>recensui,</span> <span class='ocrx_word' id='word_1_547' title='bbox 1497 4603 1615 4650; x_wconf 82' lang='lat' dir='ltr'>veram</span> <span class='ocrx_word' id='word_1_548' title='bbox 1631 4591 1664 4648; x_wconf 90' lang='lat' dir='ltr'>et</span> <span class='ocrx_word' id='word_1_549' title='bbox 1678 4577 1814 4650; x_wconf 89' lang='lat' dir='ltr'>lirmam</span> <span class='ocrx_word' id='word_1_550' title='bbox 1832 4607 1905 4654; x_wconf 89' lang='lat' dir='ltr'>esse</span> <span class='ocrx_word' id='word_1_551' title='bbox 1918 4599 2050 4657; x_wconf 89' lang='lat' dir='ltr'>testan-</span> 
     </span>
     <span class='ocr_line' id='line_1_44' title="bbox 96 4673 2052 4778; baseline 0.006 -30"><span class='ocrx_word' id='word_1_552' title='bbox 96 4683 281 4751; x_wconf 83' lang='lat' dir='ltr'>litantem</span> <span class='ocrx_word' id='word_1_553' title='bbox 314 4678 411 4748; x_wconf 91' lang='lat' dir='ltr'>Deus</span> <span class='ocrx_word' id='word_1_554' title='bbox 442 4673 732 4762; x_wconf 79' lang='lat' dir='ltr'>Arithmeticam‚</span> <span class='ocrx_word' id='word_1_555' title='bbox 770 4677 1024 4764; x_wconf 87' lang='lat' dir='ltr'>Geometriam,</span> <span class='ocrx_word' id='word_1_556' title='bbox 1075 4694 1143 4753; x_wconf 91' lang='lat' dir='ltr'>tur.</span> <span class='ocrx_word' id='word_1_557' title='bbox 1195 4676 1242 4749; x_wconf 79' lang='lat' dir='ltr'>Et</span> <span class='ocrx_word' id='word_1_558' title='bbox 1263 4696 1448 4753; x_wconf 85' lang='lat' dir='ltr'>verasunt</span> <span class='ocrx_word' id='word_1_559' title='bbox 1473 4685 1616 4768; x_wconf 91' lang='lat' dir='ltr'>eadem,</span> <span class='ocrx_word' id='word_1_560' title='bbox 1640 4681 1957 4778; x_wconf 86' lang='lat' dir='ltr'>ubicunquerecte</span> <span class='ocrx_word' id='word_1_561' title='bbox 1980 4703 2052 4760; x_wconf 90' lang='lat' dir='ltr'>tra·</span> 
     </span>
     <span class='ocr_line' id='line_1_45' title="bbox 96 4777 2050 4880; baseline 0.005 -28"><span class='ocrx_word' id='word_1_562' title='bbox 96 4783 189 4878; x_wconf 86' lang='lat' dir='ltr'>ysica</span> <span class='ocrx_word' id='word_1_563' title='bbox 205 4782 377 4875; x_wconf 88' lang='lat' dir='ltr'>quaedam</span> <span class='ocrx_word' id='word_1_564' title='bbox 395 4794 428 4850; x_wconf 89' lang='lat' dir='ltr'>et</span> <span class='ocrx_word' id='word_1_565' title='bbox 442 4777 587 4864; x_wconf 87' lang='lat' dir='ltr'>Ethica‚</span> <span class='ocrx_word' id='word_1_566' title='bbox 613 4793 652 4850; x_wconf 95' lang='lat' dir='ltr'>ut</span> <span class='ocrx_word' id='word_1_567' title='bbox 672 4781 871 4869; x_wconf 84' lang='lat' dir='ltr'>gubernent</span> <span class='ocrx_word' id='word_1_568' title='bbox 896 4781 1023 4852; x_wconf 90' lang='lat' dir='ltr'>multas</span> <span class='ocrx_word' id='word_1_569' title='bbox 1075 4785 1227 4867; x_wconf 86' lang='lat' dir='ltr'>duntur,</span> <span class='ocrx_word' id='word_1_570' title='bbox 1253 4782 1326 4851; x_wconf 91' lang='lat' dir='ltr'>sive</span> <span class='ocrx_word' id='word_1_571' title='bbox 1341 4786 1435 4873; x_wconf 92' lang='lat' dir='ltr'>apud</span> <span class='ocrx_word' id='word_1_572' title='bbox 1452 4784 1700 4874; x_wconf 80' lang='lat' dir='ltr'>Aristotelem,</span> <span class='ocrx_word' id='word_1_573' title='bbox 1721 4787 1796 4855; x_wconf 88' lang='lat' dir='ltr'>sive</span> <span class='ocrx_word' id='word_1_574' title='bbox 1819 4791 1912 4880; x_wconf 93' lang='lat' dir='ltr'>apud</span> <span class='ocrx_word' id='word_1_575' title='bbox 1930 4789 2050 4863; x_wconf 85' lang='lat' dir='ltr'>Plato-</span> 
     </span>
     <span class='ocr_line' id='line_1_46' title="bbox 96 4883 2050 4988; baseline 0.004 -33"><span class='ocrx_word' id='word_1_576' title='bbox 96 4910 131 4955; x_wconf 82' lang='lat' dir='ltr'>se</span> <span class='ocrx_word' id='word_1_577' title='bbox 147 4898 281 4978; x_wconf 89' lang='lat' dir='ltr'>partes,</span> <span class='ocrx_word' id='word_1_578' title='bbox 305 4896 340 4954; x_wconf 91' lang='lat' dir='ltr'>et</span> <span class='ocrx_word' id='word_1_579' title='bbox 363 4883 435 4952; x_wconf 88' lang='lat' dir='ltr'>sint</span> <span class='ocrx_word' id='word_1_580' title='bbox 456 4883 671 4953; x_wconf 90' lang='lat' dir='ltr'>adminicula</span> <span class='ocrx_word' id='word_1_581' title='bbox 695 4884 734 4951; x_wconf 90' lang='lat' dir='ltr'>in</span> <span class='ocrx_word' id='word_1_582' title='bbox 760 4883 920 4952; x_wconf 87' lang='lat' dir='ltr'>doctrina</span> <span class='ocrx_word' id='word_1_583' title='bbox 943 4907 1024 4954; x_wconf 91' lang='lat' dir='ltr'>coe-</span> <span class='ocrx_word' id='word_1_584' title='bbox 1074 4908 1167 4955; x_wconf 88' lang='lat' dir='ltr'>nem.</span> <span class='ocrx_word' id='word_1_585' title='bbox 1221 4883 1289 4954; x_wconf 89' lang='lat' dir='ltr'>Sed</span> <span class='ocrx_word' id='word_1_586' title='bbox 1309 4907 1445 4953; x_wconf 90' lang='lat' dir='ltr'>errores</span> <span class='ocrx_word' id='word_1_587' title='bbox 1460 4899 1544 4956; x_wconf 90' lang='lat' dir='ltr'>sunt</span> <span class='ocrx_word' id='word_1_588' title='bbox 1560 4887 1671 4972; x_wconf 84' lang='lat' dir='ltr'>varii,</span> <span class='ocrx_word' id='word_1_589' title='bbox 1696 4900 1735 4957; x_wconf 91' lang='lat' dir='ltr'>ut</span> <span class='ocrx_word' id='word_1_590' title='bbox 1751 4909 1831 4960; x_wconf 92' lang='lat' dir='ltr'>cum</span> <span class='ocrx_word' id='word_1_591' title='bbox 1849 4893 1916 4962; x_wconf 90' lang='lat' dir='ltr'>iter</span> <span class='ocrx_word' id='word_1_592' title='bbox 1930 4894 2050 4988; x_wconf 90' lang='lat' dir='ltr'>aliquo</span> 
     </span>
     <span class='ocr_line' id='line_1_47' title="bbox 96 4980 2050 5091; baseline 0.004 -32"><span class='ocrx_word' id='word_1_593' title='bbox 96 4989 136 5072; x_wconf 86' lang='lat' dir='ltr'>ti,</span> <span class='ocrx_word' id='word_1_594' title='bbox 158 5012 197 5058; x_wconf 92' lang='lat' dir='ltr'>ac</span> <span class='ocrx_word' id='word_1_595' title='bbox 220 4985 299 5056; x_wconf 85' lang='lat' dir='ltr'>vult</span> <span class='ocrx_word' id='word_1_596' title='bbox 321 4980 448 5056; x_wconf 90' lang='lat' dir='ltr'>harum</span> <span class='ocrx_word' id='word_1_597' title='bbox 476 4985 718 5057; x_wconf 90' lang='lat' dir='ltr'>doctrinarum</span> <span class='ocrx_word' id='word_1_598' title='bbox 743 4985 878 5054; x_wconf 88' lang='lat' dir='ltr'>firmam</span> <span class='ocrx_word' id='word_1_599' title='bbox 899 4999 933 5056; x_wconf 89' lang='lat' dir='ltr'>et</span> <span class='ocrx_word' id='word_1_600' title='bbox 955 4986 1024 5055; x_wconf 94' lang='lat' dir='ltr'>im-</span> <span class='ocrx_word' id='word_1_601' title='bbox 1073 4986 1238 5068; x_wconf 83' lang='lat' dir='ltr'>facimus,</span> <span class='ocrx_word' id='word_1_602' title='bbox 1266 5010 1335 5054; x_wconf 93' lang='lat' dir='ltr'>una</span> <span class='ocrx_word' id='word_1_603' title='bbox 1353 4988 1398 5055; x_wconf 92' lang='lat' dir='ltr'>ad</span> <span class='ocrx_word' id='word_1_604' title='bbox 1415 5009 1490 5056; x_wconf 87' lang='lat' dir='ltr'>eam</span> <span class='ocrx_word' id='word_1_605' title='bbox 1507 5001 1636 5058; x_wconf 88' lang='lat' dir='ltr'>metam</span> <span class='ocrx_word' id='word_1_606' title='bbox 1652 5004 1744 5061; x_wconf 89' lang='lat' dir='ltr'>recta</span> <span class='ocrx_word' id='word_1_607' title='bbox 1768 4993 1824 5062; x_wconf 86' lang='lat' dir='ltr'>via</span> <span class='ocrx_word' id='word_1_608' title='bbox 1850 5009 1920 5076; x_wconf 87' lang='lat' dir='ltr'>est,</span> <span class='ocrx_word' id='word_1_609' title='bbox 1943 5018 1962 5064; x_wconf 91' lang='lat' dir='ltr'>a</span> <span class='ocrx_word' id='word_1_610' title='bbox 1982 5022 2050 5091; x_wconf 91' lang='lat' dir='ltr'>qna</span> 
     </span>
     <span class='ocr_line' id='line_1_48' title="bbox 97 5079 2053 5173; baseline 0.004 -12"><span class='ocrx_word' id='word_1_611' title='bbox 97 5105 171 5162; x_wconf 91' lang='lat' dir='ltr'>tam</span> <span class='ocrx_word' id='word_1_612' title='bbox 204 5113 278 5158; x_wconf 91' lang='lat' dir='ltr'>esse</span> <span class='ocrx_word' id='word_1_613' title='bbox 307 5079 566 5159; x_wconf 81' lang='lat' dir='ltr'>certitudinem.</span> <span class='ocrx_word' id='word_1_614' title='bbox 626 5086 712 5157; x_wconf 88' lang='lat' dir='ltr'>Vult</span> <span class='ocrx_word' id='word_1_615' title='bbox 732 5111 797 5156; x_wconf 91' lang='lat' dir='ltr'>nos</span> <span class='ocrx_word' id='word_1_616' title='bbox 818 5086 1022 5158; x_wconf 90' lang='lat' dir='ltr'>discrimina</span> <span class='ocrx_word' id='word_1_617' title='bbox 1074 5090 1311 5173; x_wconf 88' lang='lat' dir='ltr'>discedentes,</span> <span class='ocrx_word' id='word_1_618' title='bbox 1336 5089 1398 5158; x_wconf 93' lang='lat' dir='ltr'>alii</span> <span class='ocrx_word' id='word_1_619' title='bbox 1415 5091 1516 5161; x_wconf 91' lang='lat' dir='ltr'>aliter</span> <span class='ocrx_word' id='word_1_620' title='bbox 1533 5093 1722 5164; x_wconf 68' lang='lat' dir='ltr'>aberrant.</span> <span class='ocrx_word' id='word_1_621' title='bbox 1764 5092 1832 5166; x_wconf 86' lang='lat' dir='ltr'>Sed</span> <span class='ocrx_word' id='word_1_622' title='bbox 1847 5099 2053 5169; x_wconf 90' lang='lat' dir='ltr'>accedamus</span> 
     </span>
     <span class='ocr_line' id='line_1_49' title="bbox 96 5188 1710 5275; baseline 0.006 -13"><span class='ocrx_word' id='word_1_623' title='bbox 96 5215 271 5262; x_wconf 89' lang='lat' dir='ltr'>merorum</span> <span class='ocrx_word' id='word_1_624' title='bbox 286 5213 405 5275; x_wconf 89' lang='lat' dir='ltr'>nosse,</span> <span class='ocrx_word' id='word_1_625' title='bbox 431 5204 472 5261; x_wconf 93' lang='lat' dir='ltr'>ut</span> <span class='ocrx_word' id='word_1_626' title='bbox 492 5214 571 5259; x_wconf 93' lang='lat' dir='ltr'>cum</span> <span class='ocrx_word' id='word_1_627' title='bbox 596 5191 761 5259; x_wconf 89' lang='lat' dir='ltr'>audimus</span> <span class='ocrx_word' id='word_1_628' title='bbox 783 5188 926 5259; x_wconf 86' lang='lat' dir='ltr'>unicum</span> <span class='ocrx_word' id='word_1_629' title='bbox 949 5214 1023 5260; x_wconf 89' lang='lat' dir='ltr'>esse</span> <span class='ocrx_word' id='word_1_630' title='bbox 1059 5195 1116 5261; x_wconf 68' lang='lat' dir='ltr'>‚ad</span> <span class='ocrx_word' id='word_1_631' title='bbox 1136 5191 1335 5261; x_wconf 90' lang='lat' dir='ltr'>doctrinam</span> <span class='ocrx_word' id='word_1_632' title='bbox 1349 5192 1392 5261; x_wconf 92' lang='lat' dir='ltr'>de</span> <span class='ocrx_word' id='word_1_633' title='bbox 1405 5193 1492 5263; x_wconf 89' lang='lat' dir='ltr'>locis</span> <span class='ocrx_word' id='word_1_634' title='bbox 1506 5195 1710 5271; x_wconf 80' lang='lat' dir='ltr'>dialecticis.</span> 
     </span>
     <span class='ocr_line' id='line_1_50' title="bbox 96 5287 1020 5375; baseline -0.002 -11"><span class='ocrx_word' id='word_1_635' title='bbox 96 5318 220 5365; x_wconf 90' lang='lat' dir='ltr'>ernum</span> <span class='ocrx_word' id='word_1_636' title='bbox 240 5289 381 5363; x_wconf 90' lang='lat' dir='ltr'>Patrem</span> <span class='ocrx_word' id='word_1_637' title='bbox 400 5290 546 5361; x_wconf 92' lang='lat' dir='ltr'>Domini</span> <span class='ocrx_word' id='word_1_638' title='bbox 562 5293 673 5362; x_wconf 92' lang='lat' dir='ltr'>nostri</span> <span class='ocrx_word' id='word_1_639' title='bbox 692 5291 766 5360; x_wconf 90' lang='lat' dir='ltr'>lesu</span> <span class='ocrx_word' id='word_1_640' title='bbox 781 5287 927 5375; x_wconf 91' lang='lat' dir='ltr'>Christi,</span> <span class='ocrx_word' id='word_1_641' title='bbox 948 5317 1020 5362; x_wconf 87' lang='lat' dir='ltr'>non</span> 
     </span>
     <span class='ocr_line' id='line_1_51' title="bbox 96 5392 1022 5481; baseline 0.002 -17"><span class='ocrx_word' id='word_1_642' title='bbox 96 5399 235 5481; x_wconf 66' lang='lat' dir='ltr'>:itemus</span> <span class='ocrx_word' id='word_1_643' title='bbox 259 5395 537 5465; x_wconf 90' lang='lat' dir='ltr'>innumerabiles</span> <span class='ocrx_word' id='word_1_644' title='bbox 560 5394 669 5469; x_wconf 90' lang='lat' dir='ltr'>Deos.</span> <span class='ocrx_word' id='word_1_645' title='bbox 721 5392 809 5465; x_wconf 91' lang='lat' dir='ltr'>Vult</span> <span class='ocrx_word' id='word_1_646' title='bbox 833 5416 900 5465; x_wconf 91' lang='lat' dir='ltr'>nos</span> <span class='ocrx_word' id='word_1_647' title='bbox 925 5410 1022 5468; x_wconf 88' lang='lat' dir='ltr'>certo</span> 
     </span>
    </p>
   </div>
   <div class='ocr_carea' id='block_1_3' title="bbox 96 5460 1627 5578">
    <p class='ocr_par' dir='ltr' id='par_1_3' title="bbox 96 5460 1627 5578">
     <span class='ocr_line' id='line_1_52' title="bbox 96 5460 1627 5578; baseline 0.007 -10"><span class='ocrx_word' id='word_1_648' title='bbox 96 5501 277 5568; x_wconf 72' lang='grc' dir='ltr'><strong>Μιιιιτιι.</strong></span> <span class='ocrx_word' id='word_1_649' title='bbox 306 5501 410 5567; x_wconf 83' lang='lat' dir='ltr'>Orrn.</span> <span class='ocrx_word' id='word_1_650' title='bbox 437 5500 637 5568; x_wconf 70' lang='lat' dir='ltr'>vouxlll.</span> <span class='ocrx_word' id='word_1_651' title='bbox 1447 5460 1458 5570; x_wconf 26' lang='lat'>.-</span> <span class='ocrx_word' id='word_1_652' title='bbox 1526 5484 1530 5491; x_wconf 78' lang='lat'>.</span> <span class='ocrx_word' id='word_1_653' title='bbox 1572 5505 1627 5578; x_wconf 50' lang='lat' dir='ltr'>hh.</span> 
     </span>
    </p>
   </div>
   <div class='ocr_carea' id='block_1_4' title="bbox 0 0 2274 5748">
    <p class='ocr_par' dir='ltr' id='par_1_4' title="bbox 0 0 2274 5748">
     <span class='ocr_line' id='line_1_53' title="bbox 0 0 2274 5748; baseline 0 0"><span class='ocrx_word' id='word_1_654' title='bbox 0 0 2274 5748; x_wconf 95' lang='lat' dir='ltr'> </span> 
     </span>
    </p>
   </div>
  </div>
 </body>
</html>
