4538 5754
145 218 222 295 sse
529 188 531 192 ’
757 220 802 296 V.
852 211 1543 297 morenaranncucnous,
2052 211 2166 316 >oso

140 411 237 462 cesse
257 400 322 462 est.
369 387 448 464 Hae
463 384 585 464 'metae
607 403 782 462 vocantur
810 392 1005 486 syllogismi
1032 407 1125 465 recte
1176 393 1358 487 sequentia
1385 414 1427 462 ex
1446 384 1504 461 his
1525 386 1711 482 principiis
1737 367 1930 472 extructas,
1962 407 2052 480 quae
2077 385 2159 478 qui·

139 492 236 563 iacti.
285 488 337 564 Et
350 494 435 586 quia
449 493 544 565 inter
556 495 691 584 primos
706 493 929 587 syllogismos
948 507 1031 569 sunt
1053 495 1125 590 syl·
1175 498 1257 567 dem
1270 510 1306 568 et
1318 497 1357 565 in
1372 505 1491 564 mente
1505 484 1626 563 dvina
1643 503 1726 561 sunt
1747 504 1910 563 aeternae
1931 500 1966 558 et
1988 487 2155 558 immotae

138 592 281 682 logismi
311 591 545 681 arithmetici,
574 595 613 665 in
643 589 700 664 his
731 595 1014 688 perspicuitatem
1037 622 1124 667 con·
1175 597 1345 685 noticiae,
1368 621 1409 668 ac
1424 617 1550 677 norma
1567 594 1751 664 virtutum.
1790 589 1911 680 Quare
1924 600 1960 659 et
1974 600 2154 680 praecepta

138 695 345 788 sequentiae
360 695 631 768 consideremus.
658 694 813 768 Naturae
826 711 932 769 notae
947 712 1123 789 suntpro-
1173 696 1342 792 Decalogi
1364 713 1447 770 sunt
1469 697 1732 778 conclusiones,
1756 717 1798 763 er
1818 692 1949 763 talibus
1969 687 2155 782 principiis
2180 767 2185 776 ,

137 795 335 888 portiones.
386 796 429 867 ln
448 793 574 869 harum
590 798 798 884 collatione,
820 822 906 872 vero
927 800 1122 896 syllogismi
1174 815 1296 889 natae,
1321 816 1362 875 ut
1377 800 1464 872 alibi
1478 798 1654 892 copiosius
1668 795 1809 867 dicitur.

98 942 106 949 -
140 898 268 968 ordine
280 898 406 989 positis
419 900 535 983 tribus
549 900 724 987 numeris,
750 915 925 994 quartum⁸
939 903 1041 997 sequi
1056 925 1121 973 ne·
1736 974 1745 992 ,

142 1021 232 1071 m
249 1011 320 1070 m,
1532 977 1632 1073 ,Atta
1650 975 1774 1044 dississo.
2122 1057 2123 1060 Ξ

291 1095 372 1170 Una
386 1097 479 1168 libra
494 1121 593 1169 cerae
610 1100 704 1172 valet
719 1096 886 1173 drachma
902 1127 992 1190 una,
1274 1103 1538 1197 Principiorum
1553 1100 1623 1173 alia
1638 1095 1945 1175 dimittentium,
1970 1088 2150 1163 autetiam

288 1197 359 1270 Hic
374 1214 456 1271 sunt
470 1199 585 1272 librae
597 1203 735 1290 decem,
1172 1207 1292 1298 priora
1308 1221 1403 1293 sunt,
1429 1201 1771 1295 Geometraeprimo
1787 1211 1821 1270 et
1834 1196 1986 1266 maxime
1996 1192 2150 1263 illustria

289 1297 389 1391 Ergo
403 1302 524 1373 decem
539 1298 728 1375 drachmae
742 1320 848 1379 erunt
862 1307 1032 1399 precium.
1083 1356 1085 1361 -
1169 1322 1299 1380 vocant
1325 1302 1453 1388 κοινὰς
1480 1301 1642 1389 ἐννοίας,
1681 1295 1746 1375 καὶ
1777 1289 1990 1391 ἀξιώματα,
2029 1308 2150 1386 1³⁰⁸tea

236 1397 309 1472 Hie
330 1404 419 1472 ordo
442 1416 494 1473 est
516 1405 651 1495 primae
673 1407 805 1496 figurae
820 1409 1117 1503 syllogismorum,
1168 1426 1341 1498 vocantur
1369 1402 1599 1506 hypotheses,
1632 1405 1720 1476 alias
1748 1402 1859 1474 aliter.
1917 1389 2151 1488 Philosophia

148 1503 171 1572 si
189 1503 310 1574 dextre
330 1507 585 1582 accommodes.
635 1503 726 1577 Nam
747 1509 864 1580 maior
885 1534 950 1602 pro
971 1506 1118 1579 univer·
1167 1514 1314 1583 moralis
1339 1534 1380 1582 ex
1402 1505 1554 1606 Physica
1574 1505 1722 1579 assumit
1741 1498 1832 1574 hanc
1853 1499 2149 1595 propositionem:

146 1604 200 1677 seli
214 1604 379 1697 ponitur:
405 1605 595 1693 Quaelibet
609 1607 702 1680 libra
727 1610 820 1681 valet
840 1634 912 1682 una
935 1605 1117 1693 drachma,
1167 1612 1301 1687 Natura
1317 1610 1476 1684 hominis
1491 1610 1633 1682 condita
1648 1607 1761 1680 estad
1780 1617 1914 1675 certum
1934 1600 2053 1673 linem.
2105 1596 2149 1666 ld

146 1705 193 1776 rel
204 1718 292 1800 quot
308 1720 391 1777 sunt
406 1707 536 1795 librae,
563 1722 617 1780 tot
639 1724 722 1783 sunt
736 1708 937 1785 drachmae.
988 1709 1037 1784 Ut
1051 1733 1116 1780 au·
1167 1715 1205 1785 in
1219 1712 1376 1811 physicis
1390 1717 1667 1797 demonstratur,
1681 1732 1756 1779 non
1768 1705 1998 1778 confirmatur
2013 1695 2148 1769 inPhi-

146 1822 205 1878 tem
217 1808 422 1900 proportio,
448 1833 540 1902 quae
556 1814 708 1883 naturali
724 1813 803 1884 luce
818 1815 947 1885 mentis
965 1809 1115 1884 iudicari
1166 1814 1329 1910 losophia
1343 1817 1482 1891 morali.
1533 1814 1605 1888 Sed
1629 1809 1818 1902 recipitur,
1844 1820 2011 1899 tanquam
2033 1797 2148 1895 hypo·

145 1919 267 2000 potest,
298 1910 455 1980 ostendit
482 1915 768 2006 consequentiam
791 1916 830 1984 in
852 1918 985 1988 talibus
1005 1914 1114 2010 syllo·
1165 1916 1293 2005 thesis,
1318 1920 1442 2003 idest,
1467 1918 1568 1987 lirma
1582 1912 1797 2007 propositio,
1821 1908 1966 1980 aliunde
1982 1915 2148 1985 assumta,

143 2009 252 2100 simis
267 2006 499 2083 arithmeticis
519 2015 656 2101 valere,
682 2031 717 2088 et
739 2017 924 2090 immotam
948 2040 1039 2088 esse:
1065 2017 1113 2085 ita
1164 2031 1205 2092 ut
1221 2021 1265 2095 sit
1280 2016 1461 2093 inchoatio
1475 2017 1657 2090 doctrinae
1671 2011 1829 2088 moralis.
1853 2007 1904 2082 Ut
1913 2021 2029 2078 autem
2044 2004 2144 2095 prin-

144 2112 342 2183 incseteris
365 2112 578 2207 syllogismis
598 2118 716 2189 valere
736 2120 1044 2213 consequentiam,
1078 2130 1113 2189 ct
1164 2124 1256 2215 cipia
1274 2118 1495 2194 arithmetica
1513 2132 1548 2191 et
1562 2115 1791 2209 geometrica,
1816 2123 1852 2182 et
1870 2105 2145 2178 demonstratio.

144 2212 314 2285 immotam
339 2237 413 2284 esse
436 2217 653 2307 conspicitur
680 2242 722 2290 ex
749 2221 1113 2293 demonstrationibus
1163 2249 1226 2295 nes
1240 2223 1326 2296 inde
1341 2226 1453 2295 factae
1466 2223 1589 2292 firmae
1611 2232 1646 2289 et
1668 2219 1836 2286 immotae
1855 2222 1956 2295 sunt,
1981 2210 2029 2279 ita
2054 2207 2144 2276 scia-

145 2338 209 2384 uon
227 2316 354 2408 procul
376 2318 570 2404 accersitis,
595 2323 656 2389 sed
681 2323 797 2393 obviis
817 2335 852 2392 et
875 2322 1112 2403 evidentibus,
1163 2349 1255 2414 mus,
1277 2350 1399 2397 revera
1416 2321 1593 2418 principia
1609 2317 1761 2412 practica
1779 2329 1814 2386 ct
1828 2308 2145 2384 demonstrationes

115 2440 118 2445 ·
144 2437 219 2509 quas
238 2438 346 2509 supra
369 2420 548 2506 recensui,
583 2445 734 2514 quarum
761 2423 937 2494 evidentia
959 2425 1111 2494 sciamus
1143 2428 1247 2499 'inde
1264 2429 1390 2513 iactas,
1414 2427 1533 2497 firmas
1548 2436 1582 2494 et
1597 2423 1763 2492 immotas
1783 2439 1866 2487 esse.
1918 2411 1969 2484 Ut
1983 2431 2143 2481 assensus

143 2516 304 2589 munitam
318 2542 391 2589 esse
406 2520 655 2592 certitudinem
671 2523 710 2593 in
724 2524 981 2600 ratiocinando.
1019 2521 1111 2596 Cum
1162 2532 1284 2601 lirmus
1301 2544 1335 2601 et
1349 2541 1539 2620 perpetuus
1553 2537 1623 2611 est,
1641 2548 1715 2618 quo
1729 2516 1902 2601 assentior
1914 2511 1997 2585 huic
2013 2535 2144 2604 propo·
2187 2562 2193 2573 .

142 2617 238 2707 igitur
257 2619 578 2694 demonstrationes
603 2625 795 2714 figurarum
826 2627 899 2699 sint
926 2627 1051 2698 obviae
1076 2640 1111 2699 et
1162 2633 1302 2703 sitioni:
1329 2632 1384 2702 bis
1399 2630 1424 2702 4
1439 2642 1522 2702 sunt
1539 2627 1576 2698 8.
1626 2625 1795 2696 ltafirmo
1816 2640 1957 2691 assensu
1980 2612 2145 2706 amplecti

140 2719 299 2801 illustres,
323 2722 452 2795 usitate
465 2724 599 2796 dicitur
613 2741 648 2797 et
661 2728 825 2799 ordinem
840 2728 880 2799 in
899 2729 1111 2825 syllogismis
1161 2729 1326 2803 homines
1340 2733 1527 2824 oportebat
1549 2724 1642 2798 hanc
1664 2722 1960 2818 propositionem:
1983 2715 2065 2786 Non
2088 2713 2143 2783 ia-

139 2835 252 2895 nalura
266 2835 394 2936 notum
411 2846 497 2900 esse.
1161 2836 1327 2904 ciendum
1344 2857 1417 2904 esse
1432 2834 1582 2903 furtum.
1633 2827 1704 2900 Sed
1719 2828 1758 2896 in
1774 2821 1840 2906 hac
1854 2820 2005 2910 caligine
2025 2816 2142 2885 minus

262 2976 270 2983 ⁸
296 2991 481 3080 Ouoarodo
508 2990 700 3094 differunt
721 2998 940 3095 principiul
1160 2937 1422 3129 fflggigffi
1439 2935 1768 3106 1ξιειῑιιῗιιιἰῗιβιξιιξιιωίηιι8
1775 2939 1958 3118 ’preiciiiisv
1961 2918 2141 3089 lmaiihiiilsi

225 3121 366 3200 sithoc
386 3129 543 3222 primum
565 3133 757 3202 discrimen
780 3158 822 3204 ex
843 3133 991 3206 materia
1011 3155 1109 3204 sum·
1159 3137 1243 3211 Ideo
1259 3136 1388 3235 Cynici
1402 3136 1622 3210 sustulerunt
1643 3128 1820 3225 principia
1837 3122 1993 3218 practica
2017 3133 2052 3190 et
2076 3122 2140 3188 de-

133 3240 215 3301 lum:
241 3227 327 3305 Alia
339 3242 425 3300 sunt
439 3231 698 3324 Speculahilia,
722 3235 791 3306 alia
804 3233 973 3308 Practica.
1159 3241 1434 3315 monstrationes
1450 3238 1641 3332 practices,
1664 3232 1728 3330 qui
1743 3231 1929 3311 dixerunt,
1953 3217 2047 3292 nihil
2065 3243 2139 3290 0³⁸²

221 3327 462 3422 Speculahilia
479 3349 653 3407 vocantur
669 3337 822 3408 noticiae
835 3338 1030 3422 naturales,
1046 3357 1114 3407 seu.
1160 3357 1285 3414 natura
1301 3343 1452 3429 iustum,
1478 3339 1538 3410 scd
1553 3350 1691 3412 tantum
1707 3332 1889 3427 opinione.
1935 3324 2043 3414 Quod
2058 3347 2139 3392 cum

130 3433 384 3524 mpositiones
397 3448 523 3505 natura
538 3451 661 3524 notae,
686 3462 727 3508 ex
744 3438 874 3532 quibus
886 3436 1053 3533 physicae
1072 3451 1123 3509 et-
1159 3462 1194 3519 et
1214 3447 1342 3516 falsum
1363 3445 1408 3516 sit
1432 3457 1467 3515 et
1498 3439 1793 3513 contumeliosum
1824 3432 1992 3502 adversus
2010 3422 2140 3509 Deum,

128 3528 391 3607 netbemaclcae
413 3537 576 3609 doctrina
597 3553 826 3627 extruuntur,
857 3556 897 3611 ut
919 3555 1032 3614 totum
1056 3552 1108 3609 cst
1159 3549 1329 3618 monendi
1344 3559 1427 3617 sunt
1440 3544 1607 3626 studiosi,
1630 3555 1671 3612 ut
1694 3539 1767 3608 vim
1789 3531 1918 3605 horum
1942 3526 2138 3621 principio-

127 3635 238 3709 ntaius
250 3637 486 3730 qualibetsua
504 3653 618 3731 parte:
645 3640 747 3731 Quae
762 3656 846 3714 sunt
859 3643 923 3713 uni
937 3641 1108 3737 aequalia,
1158 3673 1237 3718 rum
1267 3662 1302 3719 et
1326 3644 1453 3718 harum
1479 3640 1824 3716 demonstrationum
1853 3647 1947 3704 recte
1975 3630 2137 3699 conside·
2191 3628 2194 3632 ’

94 3830 97 3841 Ι
126 3735 215 3811 iuter
226 3759 305 3808 sese
316 3753 403 3810 sunt
414 3742 592 3833 aequalia:
619 3741 736 3816 Unius
751 3745 911 3838 corporis
925 3743 1107 3838 simplicis,
1158 3764 1258 3834 rent,
1278 3764 1313 3821 et
1327 3749 1565 3821 assensionem
1584 3743 1793 3815 confirment
1808 3760 1888 3808 cum
1910 3732 2004 3803 veris
2024 3730 2137 3801 ratio·

94 3838 314 3953 ymicusest
328 3853 445 3911 motus
461 3843 644 3918 naturalis.
840 3889 876 3925 μ
950 3888 958 3902 ,
1156 3852 1284 3937 nibus,
1309 3865 1385 3924 tum
1402 3875 1485 3922 vero
1503 3847 1608 3920 ctiam
1637 3841 1849 3916 testimoniis
1873 3859 1958 3907 voce
1973 3830 2042 3903 Dei
2064 3848 2137 3905 tra·

94 3982 96 3991 ·
218 3939 381 4012 Practica
397 3956 569 4015 vocantur
582 3946 735 4019 noticiae
743 3948 933 4034 naturales,
948 3972 1008 4025 seu
1021 3974 1105 4041 pro·
1156 3952 1251 4025 ditis.
2184 3971 2186 3975 ’

94 4042 312 4133 ‚positiones
336 4058 463 4114 natura
484 4059 611 4132 notae,
642 4075 733 4142 quae
762 4063 890 4139 regunt
916 4046 1103 4122 hominum
1539 4123 1548 4141 ‚
1664 4122 1710 4141 ,,

94 4148 244 4233 inens
265 4157 449 4218 utnatura
467 4143 624 4218 humana
641 4151 809 4242 iutelligit
824 4151 1014 4221 discrimen
1037 4149 1104 4223 ho·
1214 4165 1216 4171 '
1272 4114 1618 4217 D⁰P⁰t⁹f⁰⁰t⁸⁰¹⁸⁰
1632 4117 1762 4193 dum
1777 4123 1891 4190 mm
1906 4121 2021 4186 am&
2077 4210 2081 4218 -
2121 4164 2129 4191 '

94 4238 100 4321 l
124 4259 300 4318 meorum
315 4260 351 4317 et
364 4248 542 4340 turpium,
568 4250 741 4324 divinitus
754 4253 901 4324 insitum
914 4255 1104 4326 mentibus.
1258 4255 1374 4350 Supra
1392 4254 1468 4328 dixi
1489 4257 1534 4327 de
1555 4253 1670 4326 causis
1701 4248 1942 4330 certitudinis,
1983 4260 2070 4336 quas
2095 4238 2135 4305 in

94 4330 249 4441 iPatura
272 4342 435 4420 humana
458 4350 627 4443 intelligit
647 4351 725 4426 Deo
756 4355 996 4427 obediendum
1028 4381 1102 4427 esse
1152 4352 1388 4451 Philosophia
1411 4358 1536 4451 quaeri
1566 4379 1706 4428 necesse
1736 4365 1798 4425 est.
1849 4348 1922 4420 Nos
1951 4358 2068 4417 autem
2095 4340 2135 4407 in

94 4472 98 4569 Ξ
124 4446 344 4522 infaciendis
354 4445 525 4538 honestis,
541 4466 575 4525 et
586 4455 728 4527 vitanda
743 4458 978 4549 turpitudine,
995 4453 1101 4527 homo
1153 4457 1313 4532 Ecclesia
1335 4456 1404 4530 Dei
1432 4474 1571 4552 praeter
1593 4455 1657 4529 has
1686 4475 1825 4533 causas,
1858 4472 1945 4544 quas
1975 4440 2133 4524 recitavi,
2175 4468 2180 4475 ·

94 4612 97 4657 Ξ
124 4552 410 4624 moisacense
427 4555 650 4643 societatem,
669 4558 752 4651 quia
767 4560 865 4630 solus
882 4583 956 4628 non
979 4559 1101 4650 gignit.
1153 4574 1188 4633 et
1203 4557 1296 4634 hanc
1310 4576 1488 4647 tenemus,
1511 4560 1657 4640 scilicet,
1682 4551 1950 4651 patefactionem
1964 4547 2135 4626 divinam,
2245 4611 2246 4614 ,

94 4676 98 4775 Ξ
123 4644 343 4769 §obveniens
357 4669 410 4726 est
430 4648 589 4743 homiui,
614 4662 706 4731 tueri
728 4661 928 4733 societatem
954 4662 1100 4731 colenda
1152 4666 1257 4735 certis
1272 4663 1487 4735 testimoniis
1499 4664 1646 4740 iactam,
1667 4681 1757 4753 quae
1773 4667 1866 4727 extat
1879 4653 1919 4721 in
1934 4649 2035 4720 libris
2050 4663 2134 4737 pm·

94 4753 272 4842 teneda,
302 4756 521 4827 conveniens
550 4773 620 4841 est,
652 4765 855 4834 turbantem
886 4758 1018 4834 iniuste
1042 4787 1100 4833 so-
1151 4760 1301 4856 pheticis
1316 4779 1351 4838 et
1365 4764 1579 4857 apostolicis.
1626 4755 1705 4832 Etsi
1723 4772 1841 4831 autem
1857 4777 1958 4826 mens
1978 4746 2133 4822 humans

94 4846 274 4947 {cientem
291 4857 497 4964 reprimere.
535 4857 614 4931 Hae
628 4877 663 4934 et
678 4865 811 4936 similes
829 4866 1100 4956 propositiones,
1150 4868 1290 4940 lhcilius
1319 4883 1354 4940 et
1373 4867 1518 4954 ,firmius
1547 4861 1737 4935 assentitur
1763 4860 1828 4941 iis,
1859 4881 1948 4953 quae
1979 4848 2134 4924 naturali

121 4978 204 5049 quae
216 4972 348 5050 regunt
359 4982 488 5045 mores,
503 4962 672 5034 dicuntur
686 4968 812 5037 usitate
828 4967 979 5057 practica
996 4966 1099 5057 prin·
1149 4966 1229 5040 luce
1244 4971 1376 5055 cernit,
1401 4982 1520 5041 tamen
1538 4963 1648 5038 simili
1673 4961 1871 5035 constantia
1894 4978 2017 5029 omnes
2037 4973 2134 5024 crea-

94 5081 99 5092 ·
118 5057 216 5149 ripis,
230 5061 328 5156 quod
344 5085 388 5131 eo
403 5061 610 5152 diligentius
623 5069 920 5137 considerandum
937 5081 999 5150 est,
1015 5069 1099 5161 quia
1149 5084 1248 5143 toras
1277 5071 1469 5143 rationales
1487 5066 1650 5140 assentiri
1680 5065 1868 5158 oportebat
1897 5055 2082 5131 sententiis
2113 5074 2132 5118 a

118 5163 253 5233 tumde
265 5163 344 5253 lege
357 5176 509 5235 naturae
522 5168 659 5239 erudite
675 5170 818 5254 dicitur,
845 5164 929 5240 hinc
945 5169 1098 5242 sumitur
1148 5170 1225 5244 Deo
1240 5173 1443 5267 patefactis,
1467 5169 1603 5242 etiamsi
1627 5193 1646 5239 a
1667 5167 1802 5239 iudicio
1825 5161 1975 5234 rationis
1996 5159 2134 5228 dissen-

116 5282 193 5339 ἐκ
216 5277 250 5336 et
272 5264 426 5336 illustris
456 5267 663 5362 descriptio:
704 5272 815 5362 Leges
846 5283 992 5341 naturae
1023 5295 1096 5342 esse
1148 5275 1254 5362 tiunt.
1313 5273 1364 5348 Ut
1391 5274 1468 5344 sine
1493 5271 1718 5362 dubitatione
1739 5284 1997 5339 asseveramus:
2029 5260 2086 5329 bis
2108 5255 2165 5340 4,

113 5363 457 5461 principiapractisa
471 5381 507 5441 ct
527 5372 775 5446 conclusiones
792 5373 987 5445 necessaria
1010 5397 1109 5444 con-·
1147 5399 1221 5448 esse
1245 5378 1286 5462 8,
1325 5376 1374 5450 ita
1399 5377 1625 5449 statuendum
1652 5385 1723 5454 est,
1760 5365 1883 5442 Deum
1905 5362 2157 5433 excitaturum
