4538 5754
201 253 299 332 1407

198 428 319 502 omnia
360 421 621 515 complectitur,
660 441 827 491 accusans
860 441 984 489 omnes
1022 413 1188 490 homiues

199 527 396 612 mendacii,
422 547 512 619 quae
535 522 621 592 vitia
642 521 756 592 securi
780 545 855 591 non
879 520 1023 604 vident,
1047 544 1111 589 nec
1128 523 1191 591 de-

201 633 364 725 plorant,
390 630 450 697 sed
475 625 524 717 pii
550 625 587 692 in
609 622 863 693 afflictionibus
886 622 998 711 magis
1011 621 1191 715 magisque

201 744 395 825 agnoscunt
410 753 468 813 ea,
484 738 517 796 et
531 725 706 795 admoniti
720 738 972 816 expavescunt,
995 718 1191 793 humilian-

202 850 280 920 tur,
306 843 432 924 petunt
452 827 771 911 condonationem,
803 838 838 895 et
858 822 1000 913 erigunt¹
1020 825 1088 894 fide
1110 849 1191 915 per·

202 937 403 1008 terrefacta's
426 945 572 1002 mentes.
624 926 675 998 lta
701 926 808 996 simul
829 938 990 996 crescunt
1004 927 1191 1017 poeniten·

204 1036 418 1109 ffldfflm

305 1151 424 1223 Huius
444 1146 652 1219 utilissimae
677 1144 859 1216 doctrinae
881 1146 1081 1236 exemplum
1105 1167 1191 1237 pro-

205 1257 325 1352 ponit,
350 1277 431 1324 cum
445 1253 489 1320 de
503 1272 540 1318 se
557 1246 632 1339 ipso
650 1248 901 1331 concionatur,
926 1246 976 1317 ait
998 1269 1071 1316 sese
1094 1268 1191 1314 exer-

205 1358 278 1430 ceri
292 1356 392 1427 duris
407 1350 681 1431 afflictionibus,
707 1362 741 1419 et
762 1349 802 1418 in
815 1344 871 1417 his
885 1369 1073 1437 agnoscere
1090 1347 1192 1416 intir-

76 1507 81 1515 -
204 1461 383 1537 mitatem,
410 1478 483 1523 non
508 1464 646 1523 tautum
672 1474 792 1536 suam,
820 1452 880 1519 sed
896 1449 1057 1520 omnium
1074 1444 1191 1518 homi-

205 1586 312 1646 num,
338 1559 464 1639 idest,
491 1552 600 1625 totius
616 1567 763 1625 naturae
788 1546 975 1622 hominum
994 1562 1191 1641 corruptae.

307 1675 436 1746 Tradit
451 1670 559 1761 igitur
577 1671 776 1740 doctrinam
792 1693 898 1762 quam
914 1667 1116 1740 qucelesia
1133 1693 1192 1739 ex-

205 1798 281 1854 tare
301 1799 441 1848 necesse
457 1786 524 1854 est,
552 1775 596 1842 de
614 1773 817 1843 infirmitate
835 1770 1067 1858 Sanctorum,
1093 1771 1192 1840 vida-

204 1886 287 1954 licet
302 1882 397 1974 quod
416 1887 580 1945 maneant
601 1887 738 1964 peccata
756 1874 793 1941 in
803 1871 942 1944 Sanctis
961 1875 1000 1940 iu
1014 1868 1081 1942 hac
1095 1896 1193 1942 mor-

206 1985 269 2057 tali
292 1984 374 2053 vita.
427 1978 479 2048 Dc
502 1972 570 2045 hoc
598 1975 677 2044 loco
702 1998 803 2064 saepe
827 1976 1084 2044 concionantur
1105 1972 1193 2043 Pro-

206 2081 333 2178 phetae
351 2093 386 2151 et
401 2077 584 2170 Apostoli,
610 2090 649 2146 ut
674 2074 941 2146 psalmita:
976 2075 1058 2144 Non
1085 2075 1194 2145 intres

205 2189 246 2257 in
262 2183 435 2255 iudicium
451 2204 530 2248 cum
548 2201 649 2247 servo
672 2192 753 2264 tuo,
778 2179 861 2270 qnia
889 2200 962 2245 non
988 2176 1195 2247 iustificabi-

205 2305 266 2361 tur
280 2287 319 2355 in
334 2294 521 2374 conspectu
537 2293 599 2350 tuo
614 2279 731 2348 omnis
747 2281 879 2350 vivens.
930 2273 979 2348 Et
997 2282 1030 2351 1.
1048 2272 1126 2351 lob.
1145 2279 1193 2352 1.:

207 2386 475 2466 statuerimus,
492 2382 587 2474 quod
606 2396 785 2471 peccatum
801 2403 874 2450 non
891 2377 1102 2465 habeamus,
1128 2401 1195 2449 nos

103 2555 106 2559 .
206 2494 301 2582 ipsos
315 2471 546 2568 seducimus,
564 2495 628 2552 etc.

309 2619 407 2691 Haec
429 2639 568 2686 necesse
589 2629 641 2685 est
664 2618 702 2682 iu
721 2609 877 2685 Ecclesia
893 2614 1085 2696 inculcari,
1111 2639 1195 2707 pro·

207 2741 286 2817 pter
307 2737 495 2813 utrosque,
522 2716 685 2787 videlicet
708 2730 853 2807 propter
875 2735 1016 2788 securos
1044 2741 1107 2787 seu
1135 2741 1195 2789 su·

206 2827 353 2920 perbos,
380 2834 415 2892 et
430 2833 573 2911 propter
587 2819 746 2917 pavidos.
797 2816 888 2888 Nam
914 2814 1112 2913 hypocrisis
1136 2843 1194 2889 ca·

208 2929 373 3017 stigatur,
399 2937 433 2993 et
447 2925 636 2991 damnatur
653 2915 808 2989 humana
823 2921 971 3006 fiducia,
996 2945 1077 2992 cum
1094 2921 1196 2991 audi-

209 3052 290 3101 mus
315 3049 381 3095 nos
402 3047 484 3093 vere
511 3037 690 3113 peccatum
718 3014 869 3112 habere,
895 3020 968 3092 'nec
997 3023 1108 3093 iustos
1133 3044 1195 3093 scu

207 3142 367 3222 acceptos
384 3150 456 3195 esse
471 3120 567 3209 Deo,
589 3134 733 3215 propter
756 3137 894 3194 nostras
907 3125 1067 3195 virtutes.

309 3242 442 3313 Paulus
460 3238 594 3331 inquit:
622 3236 737 3307 Video
754 3237 860 3308 aliam
878 3240 991 3333 legem
1018 3240 1056 3308 in
1082 3263 1194 3309 mem·

209 3346 285 3417 bris
300 3345 407 3427 meis,
433 3341 645 3410 militantem
661 3351 783 3408 contra
799 3340 910 3430 legem
933 3343 1064 3411 mentis
1088 3365 1196 3426 meae,

209 3463 244 3519 et
258 3447 493 3538 captivantem
510 3466 567 3509 me
582 3440 650 3530 legi
667 3441 811 3531 peccati.
864 3441 956 3513 Usus
970 3455 1025 3512 est
1040 3437 1196 3533 Aposto-

208 3551 267 3619 lus
289 3545 421 3617 illustri
445 3538 668 3633 metaphora,
699 3556 733 3612 et
762 3543 1043 3632 significantibus
1068 3545 1195 3625 verbis,

210 3667 251 3722 ut
270 3671 423 3719 errorem
439 3640 704 3738 hypocritarum
730 3656 880 3729 taxaret,
906 3647 967 3739 qui
986 3669 1066 3716 suas
1082 3647 1196 3717 virtu-

793 242 925 322 tntu.
951 243 1068 320 Mat..
1102 241 1315 321 scutata
1346 239 1648 323 uquutha

2136 253 2215 333 ΜΝ

1343 415 1528 490 interdum
1557 419 1793 511 impelluntur
1814 417 1940 494 Sancti
1964 425 2011 494 sd
2037 420 2216 500 horrendos

1241 519 1360 612 lapsus
1380 534 1502 590 contra
1526 522 1798 608 conscientiam,
1823 524 1887 616 qui
1909 527 2100 598 excutiunt
2121 529 2217 615 tidem,

1242 635 1295 706 ut,
1312 619 1427 691 David
1445 622 1621 712 impulsus
1638 636 1690 693 est
1711 626 1754 694 ad
1772 626 2003 697 adulterium.
2059 626 2149 700 Sunt
2161 633 2216 721 igi·

1242 738 1302 795 tur
1321 723 1417 791 saevi
1441 736 1475 793 et
1502 747 1597 792 acres
1615 737 1732 795 motus
1756 728 1888 815 peccati
1912 720 2099 800 haerentis
2120 728 2216 804 adhuc

1242 824 1281 892 in
1299 846 1415 900 carne.
1465 821 1569 893 Hanc
1595 825 1874 897 imbecillitatem
1892 831 2012 900 securi
2031 849 2216 919 agnooeant,

1242 949 1282 996 ac
1304 926 1484 1017 deponant
1509 925 1675 996 fiduciam
1700 928 1878 1014 iusticias,
1911 944 1947 1001 et
1969 950 2217 1022 expavescentes

1241 1038 1363 1118 petant
1378 1029 1699 1113 condonationem,
1725 1053 1766 1099 ac
1779 1030 1942 1116 discant,
1964 1026 2134 1104 homines
2154 1050 2216 1107 tan·

1241 1142 1318 1199 tum
1336 1152 1399 1219 per
1418 1128 1697 1199 misericordiam
1723 1131 1854 1212 iustos,
1880 1132 1919 1202 id
1943 1148 2016 1220 est,
2042 1134 2119 1207 Deo
2138 1161 2215 1208 acce

1243 1244 1322 1321 ptos
1336 1253 1420 1303 esse.

1343 1360 1483 1437 Rursus
1504 1362 1625 1456 pavidi
1658 1360 1799 1434 teneant
1824 1361 1917 1436 hanc
1941 1359 2215 1453 consolationem,

1243 1466 1354 1536 sciant
1374 1464 1490 1536 Deum
1513 1486 1672 1534 veracem
1698 1489 1792 1552 esse,
1813 1491 1853 1537 ac
1874 1492 1958 1538 vere
1971 1471 2169 1560 postulare,
2187 1486 2215 1542 ut

1242 1581 1438 1638 statuamus
1460 1588 1526 1635 nos
1546 1565 1656 1636 iustos
1679 1589 1752 1636 esse
1776 1591 1838 1658 per
1859 1570 2142 1651 misericordiam
2163 1573 2215 1642 aa

1243 1669 1283 1738 in
1309 1662 1511 1752 Christum,
1542 1691 1617 1736 non
1648 1682 1793 1759 propter
1821 1685 1982 1741 nostram
2014 1664 2231 1762 dignitatem'

1243 1768 1315 1840 Nec
1329 1771 1568 1840 deterreamur
1582 1769 1628 1837 ab
1644 1764 1710 1839 hac
1728 1771 1992 1855 consolatione,
2018 1774 2153 1844 etiamsi
2174 1777 2215 1843 ia

1242 1869 1390 1942 firmitas
1408 1886 1528 1943 nostra
1545 1871 1666 1940 multis
1681 1873 1796 1940 modis
1811 1888 2062 1964 oppugnatur,
2089 1871 2214 1945 haerent

1244 1973 1328 2042 vitia
1351 1997 1425 2041 non
1447 1972 1539 2041 levia
1563 1974 1602 2041 io
1625 1973 1757 2041 carnali
1781 1989 1929 2057 natura,
1956 1990 1999 2046 ut
2013 1978 2145 2046 dictum
2168 1992 2214 2059 est,

1245 2072 1426 2142 Vexamur
1448 2072 1605 2163 morbis,
1631 2074 1772 2164 inopia,
1804 2075 1913 2157 fame,
1939 2077 2067 2158 bellis,
2094 2092 2128 2148 et
2153 2081 2214 2148 aliis

1244 2175 1449 2265 ingentibus
1479 2176 1757 2258 calamitatibus,
1796 2199 1883 2269 quas
1915 2201 2025 2248 nemo
2054 2202 2213 2248 recensere

1244 2290 1376 2367 potest,
1403 2291 1461 2361 ut,
1487 2273 1603 2345 David
1627 2277 1722 2346 filius
1738 2276 1903 2347 interficit
1922 2279 2091 2365 fratrem,
2117 2296 2214 2350 movet

1244 2376 1455 2447 seditionem
1487 2380 1657 2446 adversus
1684 2393 1878 2468 parentem.
1942 2378 2049 2451 Talia
2073 2407 2150 2452 cum
2171 2385 2213 2450 in-

1244 2493 1393 2550 currunt
1416 2479 1455 2547 in
1477 2479 1620 2569 oculos,
1646 2492 1791 2549 movent
1804 2481 1942 2550 animos
1957 2484 2067 2552 etiam
2084 2483 2213 2554 Sancto·

1244 2604 1344 2664 rum,
1369 2594 1409 2651 ut
1423 2581 1577 2669 cogitent
1592 2603 1628 2648 se
1644 2580 1799 2650 abiectos
1821 2605 1894 2650 esse
1917 2605 1936 2651 a
1958 2580 2057 2668 Deo,
2082 2587 2166 2654 sicut
2186 2585 2212 2650 in

1245 2681 1394 2752 Psalmis
1409 2705 1510 2773 saepe
1526 2682 1669 2751 dicitur.
1724 2679 1772 2753 Ut
1786 2680 1965 2756 pastea:
1994 2684 2161 2756 Avertisti
2175 2687 2212 2753 la-

1244 2783 1333 2856 ciem
1350 2798 1447 2855 tuam
1464 2807 1483 2852 a
1498 2806 1575 2866 me,
1602 2796 1638 2852 et
1651 2783 1764 2852 lactus
1777 2805 1855 2853 sum
1873 2788 2122 2861 conturbatus.
2168 2783 2209 2857 Ad

1245 2898 1279 2955 te
1294 2883 1449 2956 Domine
1463 2884 1645 2969 clamabo,
1670 2897 1704 2955 ct
1725 2887 1770 2954 ad
1785 2883 1901 2955 Deum
1926 2910 2049 2956 meum
2065 2891 2211 2981 depreca-

1244 2988 1322 3061 bor.
1374 2985 1477 3075 Quae
1492 2987 1626 3057 utilitas
1641 2986 1679 3056 in
1695 2987 1869 3076 sanguine
1883 3011 1985 3074 meo,
2010 3002 2080 3061 etc.

1336 3103 1378 3174 ln
1396 3101 1451 3174 his
1461 3104 1661 3174 durissimis
1679 3104 1783 3174 luctis
1800 3099 1885 3173 haec
1901 3107 2094 3199 praecipua
2110 3131 2211 3178 conso

1244 3207 1329 3277 latio
1345 3221 1415 3290 est,
1428 3206 1518 3275 scire
1536 3209 1631 3299 quod
1648 3229 1729 3275 vere
1745 3206 1961 3296 praeceperit
1977 3204 2090 3296 Deus,
2105 3225 2142 3280 ut
2156 3233 2210 3279 cre·

1245 3311 1370 3379 damus
1383 3330 1449 3378 nos
1467 3308 1605 3398 placere
1622 3330 1684 3398 per
1704 3307 1985 3377 misericordiam
2011 3328 2155 3404 propter
2168 3311 2210 3382 Fi-

1245 3412 1332 3481 lium
1350 3409 1436 3493 Dei,
1461 3408 1598 3480 etiamsi
1622 3407 1820 3499 premimur
1839 3408 2067 3498 infirmitate,
2093 3427 2152 3484 aut
2172 3412 2212 3479 in·

1244 3513 1409 3604 gentibus
1424 3509 1695 3584 calamitatibus.

1271 3650 1274 3655 ’
1348 3644 1398 3714 lta
1424 3642 1555 3714 Paulus
1569 3640 1678 3716 Rom.
1692 3643 1728 3714 6.
1751 3642 1819 3714 ait:
1846 3642 1920 3714 Nos
1945 3646 2059 3717 simul
2084 3649 2214 3739 sepultos

210 3769 262 3823 tes
276 3765 310 3821 ct
324 3751 414 3817 facta
431 3746 534 3814 valde
549 3745 791 3828 admirantur,
820 3771 926 3840 seque
942 3748 1110 3837 efferunt,
1137 3749 1196 3818 in·
1245 3771 1318 3818 esse
1334 3771 1414 3843 cum
1430 3741 1590 3843 Christo.
1641 3741 1799 3816 lacemus
1814 3745 1934 3816 obruti
1949 3750 2048 3819 mole
2071 3750 2214 3820 afflictio-

153 3865 157 3872 '
210 3857 326 3924 duunt
347 3847 569 3918 securitatem
592 3860 626 3915 et
649 3848 872 3938 superbiam,
899 3850 981 3941 quia
996 3850 1196 3938 imaginari·
1246 3872 1332 3919 num
1350 3861 1384 3918 et
1397 3847 1530 3936 ingenti
1548 3846 1771 3933 infirmitate,
1795 3847 1944 3939 perinde
1961 3864 2004 3920 ut
2023 3875 2106 3921 cum
2127 3853 2162 3919 in
2175 3874 2214 3920 se

210 3971 270 4026 tur
285 3977 322 4023 se
338 3946 430 4020 nihil
445 3943 576 4018 habere
592 3949 691 4031 vitii,
717 3971 753 4019 se
770 3951 923 4019 mundos
938 3974 1013 4020 esse
1029 3975 1070 4020 ac
1084 3953 1195 4022 iustos
1247 3951 1369 4042 pulcro
1398 3949 1525 4018 iaceret
1558 3962 1737 4020 mortuum
1773 3971 1901 4039 corpus
1931 3973 2066 4043 corpus
2093 3949 2216 4034 Christi,

211 4081 328 4128 coram
345 4049 421 4124 Deo
436 4064 581 4142 propter
597 4073 658 4121 sua
672 4051 775 4121 facta.
1245 4075 1317 4121 nan
1332 4050 1640 4141 conspiciebantur
1655 4050 1730 4120 cius
1739 4052 1809 4120 vita
1825 4067 1858 4120 et
1868 4051 2001 4140 gloria:
2029 4056 2094 4125 sed
2118 4071 2215 4124 tamer

175 4171 189 4213 ⁸
312 4170 407 4242 Huic
427 4168 588 4238 coecitati
609 4169 759 4259 opponit
780 4167 914 4239 Paulus
935 4164 1030 4240 hanc
1053 4172 1196 4242 concio·
1247 4154 1389 4223 inierim
1405 4150 1501 4222 Deus
1519 4150 1679 4242 ‘esplcsts
1705 4165 1919 4232 ‘emtum’
1945 4168 2217 4249 01³110lefflt>⁰¹²

211 4300 315 4360 nem,
346 4285 449 4342 vocat
471 4284 650 4361 peccatum
678 4265 825 4340 haerens
854 4271 894 4341 in
925 4296 1052 4363 carne,
1085 4274 1195 4363 legem
1245 4255 1389 4324 ornabit
1408 4276 1474 4323 nos
1498 4253 1621 4342 gloria.
1672 4251 1806 4324 Paulus
1826 4253 2216 4349 siguificatsepulturan

212 4378 479 4456 membrorum,
503 4368 571 4441 hoc
585 4387 653 4451 eat,
669 4396 744 4441 non
762 4396 835 4441 rem
852 4374 1024 4457 otiosam,
1051 4378 1111 4445 ,ed
1132 4373 1214 4445 hg:
1246 4352 1383 4427 Christi
1410 4378 1484 4424 esse
1507 4355 1697 4444 imaginem
1721 4356 1815 4426 vitae
1831 4354 1996 4427 infirmae
2020 4372 2057 4428 et
2078 4362 2219 4431 adflictas

213 4483 355 4551 bentem
383 4497 479 4543 acres
505 4473 667 4543 stimulos
699 4487 733 4543 et
757 4494 892 4558 motus,
925 4475 1055 4544 deinde
1080 4477 1195 4548 addit:
1247 4457 1483 4574 stncfflfflfflg
1523 4454 1704 4575 Qu³¹²f¹¹
1730 4453 1901 4551 b⁰⁶lyll⁰
1923 4481 1993 4576 ¹¹9⁵
2015 4465 2219 4556 fflnltmttl‘*

212 4581 431 4651 Militantem
451 4587 573 4644 contra
588 4574 698 4662 legem
714 4577 854 4647 mentis.
905 4574 987 4645 Nou
1002 4577 1110 4666 igitur
1123 4601 1197 4647 ces·
1246 4583 1346 4640 murs
1379 4574 1413 4628 el
1446 4557 1790 4628 dt³t³m11⁵¹nfir¹n0
1820 4572 1853 4627 el
1875 4559 2042 4630 adflttlos
2068 4587 2142 4633 non
2163 4585 2220 4634 esse

213 4697 268 4753 sat
288 4675 373 4749 haec
395 4678 509 4755 labes,
536 4698 601 4743 nec
621 4690 672 4746 est
687 4678 856 4757 extincta,
883 4680 943 4746 sed
959 4673 1080 4747 hostili
1099 4703 1197 4749 more
1247 4661 1402 4731 “biems
1432 4656 1570 4779 ³·D002
1603 4659 1880 4776 ¹¹{0d0111s1d0s
1913 4655 1984 4776 {¹⁰0
2006 4676 2081 4748 ⁸⁵²,
2113 4667 2220 4738 fidutit

216 4795 411 4874 grassatur,
436 4791 476 4847 ut
498 4789 632 4847 avertat
651 4791 786 4848 mentes
809 4775 937 4849 aDem
964 4780 1106 4849 tandem
1134 4806 1197 4851 νο.
1248 4762 1508 4832 misericordiae
1524 4783 1717 4850 promissae
1730 4774 1876 4853 propter
1890 4759 2049 4851 Filium,
2078 4790 2143 4838 uos
2161 4789 2220 4838 sus.

217 4898 271 4957 cat
301 4895 337 4951 et
360 4879 617 4971 captivantem,
648 4878 739 4949 sicut
760 4903 863 4972 saepe
889 4876 1118 4951 horribiliter
1129 4883 1198 4951 im·
1247 4878 1433 4935 lente¹⁰⁰⁸·

215 4987 368 5080 pingunt
382 4979 503 5052 Sancti
519 5004 560 5048 ex
575 4979 780 5051 infirmitate
800 4995 834 5052 et
856 4982 1070 5070 ignorantes.
1110 4981 1197 5054 ltem
1349 4980 1419 5052 Sed
1443 5002 1590 5069 magnae
1613 4994 1665 5050 cst
1688 4973 2031 5053 naturaehumanae
2056 5003 2220 5059 contuma-

216 5088 281 5159 diu
314 5086 494 5153 luctantur
529 5083 569 5149 in
604 5082 794 5172 pavoribus
827 5107 906 5152 cum
944 5085 1199 5174 desperatione.
1248 5083 1320 5169 cia,
1347 5083 1556 5152 blandimur
1581 5081 1713 5152 nostris
1731 5079 1849 5161 vitiis,
1875 5086 2091 5172 quaerimus
2112 5089 2220 5182 prani-

215 5185 370 5282 Moysen
399 5181 541 5253 tenebat
570 5181 749 5279 captivum
772 5184 959 5253 infirmitas
983 5189 1026 5254 ad
1052 5194 1199 5278 petram,
1250 5185 1310 5255 dia
1334 5199 1456 5253 contra
1478 5186 1698 5256 voluntatem
1714 5180 1803 5267 Dei,
1829 5181 1992 5254 tremunt
2015 5192 2131 5263 animi
2151 5192 2220 5262 eds

218 5314 299 5361 cum
317 5283 512 5366 dubitaret,
536 5283 602 5355 etsi
618 5284 733 5355 iussus
754 5299 827 5357 erat
849 5285 982 5371 aDeo,
1008 5311 1135 5380 aquam
1159 5315 1201 5360 ex
1250 5286 1434 5357 mitatibus
1452 5296 1487 5355 et
1506 5287 1709 5356 irascuntur
1731 5281 1829 5369 Deo,
1854 5284 2098 5374 indignantur
2119 5294 2220 5364 melina

217 5404 318 5486 Pilia
331 5376 468 5458 elicere·
1252 5413 1326 5460 esse
1353 5386 1534 5481 Tyranois
1560 5404 1595 5461 et
1619 5385 1828 5478 Epicureis,
1850 5408 1959 5480 quam
1987 5392 2219 5468 invocantibus
