4538 5754
877 214 924 290 11.
964 212 1114 289 LlBER
1138 210 1206 286 DE
1233 209 1406 284 aututt.
2076 215 2149 292 160

222 390 338 464 Addit
362 392 468 464 etiam
484 413 556 460 esse
579 389 831 481 separabilem,
858 410 932 456 non
954 385 1115 464 mixtum,
1165 383 1309 454 alterius
1327 384 1511 472 coniugem
1527 395 1588 453 ant
1604 383 1795 456 facultates.
1836 383 1924 459 Vult
1941 387 2058 458 lirmas
2073 412 2148 460 esse

125 226 196 300 149

120 520 194 567 ιιοιι
217 494 417 565 obnoxium
440 492 589 563 laesioni
616 515 677 560 seu
708 488 861 581 ἀπαθῇ,
890 509 980 580 quae
1002 484 1114 578 aliqui
1164 485 1313 554 noticias
1336 507 1586 570 numerorum,
1618 497 1657 554 nt
1675 485 1913 578 intelligamus
1935 513 2048 559 unum
2072 515 2146 561 esse
2244 520 2248 527 ·

121 601 406 690 interpretantur
418 594 461 662 de
479 592 754 666 immortalitate.
779 590 851 660 Nec
865 611 928 678 ego
943 609 1113 679 repugno.
1162 583 1296 670 Deum,
1327 608 1402 654 non
1432 586 1727 668 innumerabiles,
1764 602 1798 659 et
1827 602 1868 660 ut
1901 588 1940 656 in
1969 603 2040 660 tota
2073 593 2143 663 vita

121 697 167 771 Et
193 697 322 768 malim
346 698 390 765 de
421 693 685 765 immortalitate
711 690 880 781 intelligi,
908 688 1112 781 praesertim
1163 688 1404 756 discernamus
1431 710 1561 770 uuum,
1592 699 1627 758 et
1648 689 1758 758 multa
1785 703 1820 760 et
1843 689 2003 761 ordinem
2027 690 2144 761 consi-

122 824 200 871 cum
214 796 307 869 alibi
322 796 418 865 dicat
432 794 655 865 Aristoteles:
687 791 793 863 Mens
815 790 1030 862 extrinsecus
1055 811 1114 857 ac·
1162 789 1285 857 derare
1302 787 1485 876 possimus.
1536 785 1626 857 Vult
1649 787 1686 856 in
1705 783 1857 883 physicis
1877 805 1971 862 certo
1993 789 2144 882 intelligi

123 900 224 974 cedit.
276 896 376 968 Haec
394 895 611 966 enimverba
634 894 807 967 eiussnnt
829 895 868 962 in
892 890 1047 961 secundo
1069 889 1114 957 de
1162 888 1367 959 discrimina
1392 888 1538 972 caloris,
1568 887 1728 976 frigoris,
1759 886 1936 976 humoris,
1968 883 2144 979 siccitatis,

127 1000 371 1089 generatione:
396 988 573 1067 Λείπεται
594 989 635 1068 δὲ
659 991 728 1068 τὸν
746 999 841 1068 νοῦν
855 985 976 1085 μόνον
990 982 1113 1084 θύρα·
1163 989 1322 1079 gravium
1344 1012 1532 1080 corporum
1559 1002 1594 1059 et
1623 989 1773 1082 levium,
1807 993 1890 1084 quia
1922 991 1993 1062 vita
2023 986 2143 1062 homi·

123 1102 189 1173 dev
211 1093 412 1173 ἐπεισιέναι
433 1091 498 1168 καὶ
522 1095 632 1170 θεῖον
655 1089 901 1187 εἶναιμόνον.
961 1090 1114 1161 lnclinat
1163 1115 1250 1160 num
1271 1090 1473 1159 conservari
1493 1112 1567 1158 non
1590 1104 1720 1179 potest,
1746 1093 1816 1163 nisi
1839 1086 1924 1162 haec
1938 1093 2145 1177 discernanf

124 1203 216 1271 enim
234 1225 292 1286 eo,
318 1212 360 1270 ιιι
375 1211 529 1269 mentem
545 1197 718 1268 existimet
735 1199 918 1268 coelestem
935 1193 1111 1287 quandam
1162 1204 1233 1262 tur.
1284 1186 1423 1262 Omitto
1446 1191 1549 1282 plura
1571 1191 1744 1284 exempla,
1769 1217 1809 1263 ac
1833 1206 1971 1265 tantum
1988 1182 2144 1266 obtestor

122 1304 235 1373 lacem
268 1323 363 1388 esse,
392 1322 483 1394 quae
515 1298 630 1369 lucem
661 1299 805 1369 cerebro
835 1295 1020 1389 praebeat,
1051 1292 1110 1362 sed
1162 1292 1335 1363 discentes
1357 1305 1502 1384 propter
1530 1292 1678 1380 gloriam
1703 1291 1791 1375 Dei,
1823 1295 1886 1387 qui
1909 1294 2090 1365 veritatem
2110 1310 2144 1367 et

123 1402 237 1495 qualis
262 1402 329 1488 sit,
356 1425 428 1496 qno
450 1400 582 1485 avolet,
608 1424 681 1470 non
703 1398 906 1492 explicatio
928 1390 1117 1478 hislibris,
1162 1407 1275 1479 amat,
1300 1406 1334 1464 et
1357 1393 1462 1463 nobis
1485 1392 1676 1486 praecipit,
1700 1408 1741 1465 ut
1756 1417 1855 1465 veras
1874 1392 2064 1466 sententias
2087 1397 2145 1466 di-

123 1527 209 1597 quos
228 1499 417 1575 habemus.
1163 1509 1273 1576 scant,
1296 1506 1330 1564 et
1346 1494 1498 1583 agnitam
1514 1494 1698 1565 veritatem
1714 1509 1915 1567 constanter
1929 1496 2146 1587 amplectan-

224 1619 474 1712 ngecunque
494 1630 611 1688 amem
634 1615 703 1686 fuit
719 1614 920 1685 Aristotelis
941 1612 1114 1684 ,enganna
1164 1613 1239 1676 tur,
1266 1608 1300 1666 ct
1322 1596 1451 1665 deinde
1473 1594 1569 1665 iuxta
1591 1595 1807 1668 voluntatem
1823 1593 1907 1682 Dei,
1932 1596 2146 1668 transferant

127 1725 168 1793 de
191 1721 347 1792 faciente
375 1719 559 1789 intellectu
581 1716 811 1808 aspectante,
845 1728 937 1786 certe
959 1715 1114 1785 actiones
1164 1721 1241 1767 cam
1259 1699 1303 1766 sd
1318 1719 1440 1782 usum,
1465 1709 1598 1766 urcem
1616 1708 1748 1769 certum
1763 1697 1809 1769 sit
1825 1721 1972 1789 corpora
1989 1693 2145 1769 humana

125 1836 220 1893 recte
241 1821 487 1904 distinximus,
517 1820 699 1902 invenire,
734 1829 769 1886 et
793 1817 951 1908 accipere
973 1816 1115 1889 dictata.
1164 1822 1238 1868 ⁰⁰¹¹
1257 1819 1361 1890 11038Ε
1376 1797 1455 1866 ⁸3⁰0
1469 1797 1567 1882 ⁰55⁰,
1589 1810 1698 1889 potu,
1723 1822 1848 1869 ⁵⁰ffl¹¹⁰
1863 1799 2013 1869 “15⁰0st
2028 1799 2147 1884 Vitam,

125 1921 260 1993 Harum
283 1922 467 1992 actionum
492 1943 573 1990 cum
597 1919 778 2011 perspicua
801 1917 873 1989 sint
896 1915 1116 2000 discrimina,
1165 1895 1340 2016 hhfffbffl
1356 1898 1447 2015 {9⁸1⁰
1462 1899 1569 2014 ¹¹¹⁰fl⁰
1587 1900 1717 1985 ὓῑᾶῐῑῦ,
1741 1914 1775 1979 el
1797 1923 1963 1989 ³8⁰0³⁰³⁸
1984 1901 2147 1971 Ordinem

129 2036 408 2095 conleniusssum
425 2016 492 2090 hac
505 2021 669 2112 populari
686 2019 928 2103 enamfione,
951 2040 1040 2110 quae
1057 2017 1115 2085 in.
1166 2001 1339 2071 divtntlUS
1365 2012 1415 2069 lia
1443 1997 1663 2079 insltlulutn,
1694 2015 1728 2072 ei
1749 2001 1831 2094 qula
1854 2003 1912 2073 dal
1935 1996 2022 2070 haec
2043 2002 2148 2085 hond,

126 2125 230 2215 telligi
246 2135 383 2216 potest,
410 2135 445 2193 et
459 2122 603 2192 deducit
617 2121 782 2190 lectorem
800 2121 844 2188 ad
860 2118 1115 2189 consideratio·
1165 2100 1424 2217 telebfflffflffl
1447 2113 1542 2190 gfflla
1569 2112 1687 2170 menie
1711 2115 1745 2172 et
1767 2102 2041 2193 praeditalione·
2092 2099 2146 2172 lta

127 2247 202 2294 nem
227 2223 461 2295 dissimilium
484 2223 522 2291 in
547 2222 728 2292 intellectu
751 2220 942 2294 actionum,
994 2218 1115 2306 Longe
1167 2225 1249 2272 cum
1265 2214 1419 2271 noticiae
1436 2213 1549 2271 certae
1563 2200 1649 2271 sint:
1675 2200 1758 2272 Non
1779 2204 1933 2283 occides,
1959 2227 2033 2272 non
2049 2225 2148 2271 moe-

126 2325 365 2418 perspicacior
380 2338 431 2395 est
448 2323 647 2394 intellectus
662 2322 828 2392 inventor
841 2321 879 2390 in
889 2316 1116 2404 Archimede,
1167 2298 1347 2386 chabeffls
1374 2322 1522 2392 88110508
1543 2296 1640 2372 hunt
1660 2304 1820 2373 ordinem
1839 2303 2012 2374 divinitus
2031 2303 2148 2372 sanci·

125 2451 225 2520 quam
241 2426 284 2495 in
298 2426 370 2496 alio
385 2425 523 2514 vulgari
539 2420 741 2494 architecto,
1167 2417 1241 2474 tum
1262 2416 1297 2473 et
1318 2402 1540 2494 obtempera,
1565 2426 1640 2473 non
1662 2428 1807 2497 quaeras
1822 2401 2027 2499 Pyrrhonio
2050 2426 2149 2474 more

221 2543 315 2614 vidi
337 2544 491 2612 ,nomm
513 2541 773 2624 enarrationes,
799 2561 889 2632 qu„
911 2537 1117 2607 emman,
1167 2503 1407 2575 cavillationes
1424 2504 1469 2574 ad
1484 2506 1747 2575 conturbandas
1761 2520 1873 2576 certas
1889 2505 2048 2578 noticias.
2135 2567 2141 2573 .

123 2660 177 2716 tur
195 2669 274 2716 esse
300 2644 522 2728 subtiliores,
547 2645 607 2712 sed
625 2641 762 2712 somnia
785 2653 867 2710 sunt
888 2638 1029 2724 inania,
1051 2661 1116 2708 nec
1204 2706 1214 2725 ,
1267 2602 1419 2722 Οοῐῖῑωῗ
1440 2618 1557 2722 {mem
1578 2605 1616 2675 in
1633 2605 1825 2726 dialeffficss
1844 2606 1976 2726 ‘Fam‘
1993 2608 2036 2675 ‘³⁰
2061 2629 2150 2676 Μ’

1165 2730 1233 2777 nus
1256 2706 1496 2784 certitudinis,
1522 2730 1608 2799 quas
1624 2703 1752 2777 Graeci
1766 2723 1953 2781 nommant
1969 2700 2149 2804 κριτήρια.

122 2747 275 2837 intelligi
292 2757 453 2838 possunt.
1206 2810 1214 2825 .
1456 2807 1464 2822 .
1535 2807 1544 2824 .
1599 2809 1609 2825 .

220 2860 309 2936 Etsi
332 2875 451 2933 autem
468 2856 637 2931 Averrois
659 2858 834 2929 divinatio
858 2857 1058 2941 deridetur,
1080 2868 1117 2925 et
1166 2805 1236 2926 {im
1253 2820 1390 2878 'amum
1405 2807 1521 2876 ‘'bn‘'
1534 2831 1689 2878 ”mmm
1706 2810 1992 2895 ⁰⁰¹⁰m⁰¹¹es³⁰3⁰’
2017 2821 2058 2879 ¹¹¹
2075 2831 2151 2879 ’Μ’

119 2967 285 3038 fortassis
308 2962 355 3033 ab
370 2962 563 3033 Aristotele
584 2962 697 3030 aliena
715 2972 785 3043 est,
810 2972 929 3028 tamen
952 2957 980 3027 si
995 2959 1116 3026 dextre

117 3066 356 3158 intelligitur,
380 3087 456 3132 non
474 3076 525 3132 est
542 3064 704 3132 absurda.
756 3060 849 3130 Cum
869 3059 1042 3142 enimait,
1062 3059 1116 3127 fa·

118 3169 278 3241 cientem
295 3165 515 3236 intellectum
531 3186 605 3233 esse
623 3163 738 3254 ipsum
754 3159 870 3231 Deum
890 3159 1039 3229 cientem
1056 3181 1117 3229 ex·

114 3268 352 3341 cellentiores
366 3277 485 3334 motus
509 3265 548 3332 in
575 3260 800 3346 hominibus,
825 3285 907 3330 vere
925 3261 1031 3346 dicit,
1055 3283 1116 3329 ex-

115 3372 292 3444 cellentes
310 3381 343 3437 ct
359 3366 528 3436 salutares
548 3364 774 3454 cogitationes
790 3359 899 3432 aDeo
916 3362 992 3453 ipso
1012 3384 1117 3430 mon·

115 3471 231 3543 strati
254 3482 290 3541 et
310 3466 405 3557 regi,
429 3479 471 3537 ut
493 3463 664 3537 Salomon
685 3463 822 3557 inquit,
853 3475 894 3532 ut
915 3462 1038 3532 oculus
1060 3462 1116 3530 vi-

115 3563 231 3653 deut,¹
257 3585 293 3641 ct
315 3568 412 3639 auris
433 3567 573 3645 audiat,
599 3563 695 3636 Deus
718 3565 802 3634 facit
816 3576 1018 3655 utrumque.
1068 3558 1101 3633 Ε

116 3698 205 3745 vere
221 3668 345 3764 inquit
358 3666 499 3742 Cicero:
524 3665 631 3736 Nulla
646 3666 818 3736 excellens
833 3665 945 3734 virtus
962 3664 1038 3732 sine
1052 3664 1117 3733 ad-

118 3776 213 3844 flatu
227 3772 356 3843 divino
371 3781 433 3843 est.
460 3767 663 3857 Scipionem
678 3766 839 3837 flectebat
851 3762 949 3834 Deus
969 3767 1013 3833 ad
1030 3789 1116 3834 con-

117 3875 245 3946 silinm
275 3870 480 3942 traiiciendi
502 3870 541 3936 iu
565 3869 743 3954 Africam,
771 3867 908 3937 etiamsi
930 3865 1117 3938 dissentie-

114 3979 210 4048 bant
225 3972 363 4046 Fabius
379 3969 489 4044 etalii
506 3991 616 4045 senes.

145 4181 258 4265 Quae
282 4183 374 4249 sunt
389 4195 530 4247 causae
549 4167 793 4246 certitudinis
808 4166 1092 4244 doctrinarum?

226 4326 329 4402 Dens
351 4326 429 4397 vult
447 4325 584 4420 aliquas
606 4345 679 4394 esse
702 4335 811 4393 certas
833 4320 1002 4408 noticias,
1026 4347 1117 4416 qnae

124 4447 158 4505 et
174 4441 384 4502 monstrent
406 4427 543 4519 ipsum,
569 4440 604 4497 et
626 4425 697 4495 sint
720 4446 868 4494 normae
889 4425 1117 4514 gubernatio-

120 4534 178 4605 nis
198 4530 250 4603 in⁰
265 4530 342 4603 vita
371 4523 579 4613 hominum,
607 4539 648 4597 ut
669 4525 746 4596 vult
772 4522 868 4596 Deus
898 4537 993 4596 certo
1024 4525 1119 4613 sciri,

123 4657 234 4706 unam
257 4653 334 4702 esse
350 4629 510 4701 divinam
535 4626 721 4699 essentiam
736 4628 967 4697 conditricem
986 4648 1117 4713 rerum,

120 4735 343 4830 sapientem,
368 4752 549 4817 veracem,
575 4728 806 4811 liberrimam,
831 4728 1035 4809 beneficam,
1060 4728 1118 4796 iu-

119 4852 227 4924 ιιιω,
248 4847 397 4915 castam,
423 4832 578 4904 iudicem
591 4824 798 4912 homiuum,
822 4830 1029 4918 punientem
1044 4853 1118 4898 sce-

119 4938 209 5011 lera.
262 4933 357 5007 Vult
386 4956 610 5029 nequaquam
632 4930 742 5022 recipi
770 4929 948 5020 epicureas
975 4930 1117 5022 opinio-

120 5064 207 5126 nes,
231 5036 313 5109 rnlt
329 5058 554 5129 nequaquam
573 5033 657 5123 fingi
677 5032 817 5104 turbam
846 5032 1013 5117 deorum,
1041 5031 1119 5103 vult

121 5141 258 5213 deinde
272 5133 340 5208 has
362 5136 512 5208 noticias
535 5133 751 5205 firmissimas
767 5155 858 5216 esse,
880 5154 969 5225 quae
993 5145 1119 5223 regunt

1166 2933 1218 3000 gis
1233 2909 1477 2993 considerent,
1501 2910 1617 3002 qualis
1635 2910 1681 2979 sit
1703 2911 1872 2981 naturalis
1896 2911 1956 2980 lux
1983 2911 2021 2979 in
2043 2910 2150 2979 intel·

1166 3012 1281 3101 lectu,
1307 3022 1342 3080 et
1365 3030 1454 3101 quae
1477 3009 1523 3079 sit
1543 3009 1667 3081 indicii
1691 3011 1829 3101 regula,
1855 3026 1888 3083 et
1905 3012 2000 3081 unde
2024 3012 2070 3080 sit
2085 3011 2150 3079 ad·

1166 3110 1341 3182 sensionis
1356 3109 1514 3185 firmitas.

1268 3210 1362 3284 Sunt
1377 3210 1486 3300 igitur
1508 3234 1653 3282 normae
1667 3213 1888 3285 certitudinis
1913 3212 2008 3285 iuxta
2029 3209 2151 3304 philo-

1167 3307 1328 3404 sophiam
1355 3308 1441 3383 trei:
1480 3307 1709 3403 Experientia
1737 3315 1966 3398 universalis,
1999 3314 2150 3385 noticiae

1167 3414 1448 3506 principiorum,
1471 3427 1506 3484 et
1518 3414 1715 3487 intellectus
1732 3413 1869 3487 ordinis
1883 3416 1922 3486 iu
1936 3416 2149 3510 syllogismo.

1267 3512 1494 3606 Experientia
1516 3515 1727 3588 universalis
1746 3531 1815 3602 est,
1840 3543 1921 3587 cum
1939 3519 1982 3586 de
2004 3517 2047 3585 iis
2062 3539 2152 3610 quae

1167 3638 1273 3686 sensu
1299 3615 1562 3708 percipiuntur,
1588 3641 1711 3688 omnes
1735 3620 1811 3689 sani
1829 3620 1951 3688 eodem
1969 3618 2076 3687 modo
2094 3617 2151 3685 iu-

1167 3718 1306 3802 dicant,
1331 3729 1371 3788 ut
1388 3717 1504 3807 ignem
1524 3740 1597 3788 csse
1612 3719 1787 3805 calidum,
1809 3721 2000 3791 foeminam
2015 3741 2151 3812 parere.

1166 3815 1210 3886 ln
1226 3817 1299 3889 vita
1315 3817 1561 3904 animantium,
1582 3841 1722 3890 sensum
1738 3834 1772 3891 et
1787 3834 1922 3891 motum
1937 3844 2022 3894 esse.
2048 3817 2152 3889 Mor·

1166 3931 1236 3989 tem
1269 3919 1543 3989 destmctionem
1573 3941 1647 3990 esse
1674 3922 1924 3997 animantium.
1981 3917 2152 3991 Ostendit

1167 4037 1284 4092 autern
1307 4019 1520 4091 universalis
1541 4022 1755 4114 experientia
1783 4024 1950 4095 noticiam
1979 4045 2052 4092 esse
2075 4043 2152 4088 cer-

1168 4135 1260 4208 tam,
1285 4121 1367 4215 quia
1383 4121 1412 4192 si
1428 4123 1629 4215 oppositum
1646 4123 1684 4194 in
1710 4147 1776 4196 usu
1794 4125 1881 4196 velis
1903 4122 2072 4216 experiri,
2095 4143 2152 4189 se-

1167 4223 1290 4319 quitnr
1303 4235 1450 4294 naturae
1462 4223 1666 4312 destructio,
1679 4240 1732 4309 ut,
1749 4227 1778 4296 si
1793 4228 1872 4319 quis
1885 4246 2016 4314 negans
2031 4222 2150 4310 iguem

1167 4348 1288 4409 urere,
1313 4349 1460 4394 manum
1476 4325 1609 4398 insecat
1621 4328 1793 4408 flammis,
1821 4327 1946 4395 sentiet
1963 4336 2056 4395 certe
2074 4345 2150 4394 eam

1167 4425 1319 4498 absumi.
1369 4423 1569 4498 Fatendum
1586 4441 1638 4499 est
1654 4429 1763 4517 igitur
1776 4439 1938 4496 naturam
1954 4424 2005 4494 sic
2026 4421 2152 4494 condi·
2264 4450 2268 4459 ⁴

1166 4541 1239 4598 tam
1254 4548 1348 4609 esse,
1373 4538 1407 4597 et
1422 4527 1490 4599 tale
1507 4549 1579 4600 esse
1595 4551 1684 4622 opus
1699 4527 1780 4600 Dei.
1830 4524 1985 4597 Natalia
2002 4527 2152 4596 demon·

1168 4627 1292 4698 stratio
1317 4628 1458 4718 longior
1481 4632 1683 4724 quaerenda
1715 4639 1777 4699 est.
1827 4624 1875 4699 Ει
1898 4627 2084 4698 dissentire
2106 4625 2153 4696 ab

1168 4728 1361 4800 universali
1378 4731 1611 4821 experientia,
1637 4742 1688 4799 cst
1703 4729 1769 4820 ipsi
1787 4726 1863 4799 Deo
1884 4729 2018 4800 bellum
2040 4727 2153 4796 inler-

1168 4854 1225 4914 re,
1252 4843 1286 4900 et
1299 4854 1427 4922 negare
1447 4826 1544 4901 hunc
1566 4829 1730 4900 ordinem
1753 4824 1861 4901 aDeo
1876 4831 2050 4901 sancitum
2067 4848 2152 4906 esse,

1168 4944 1209 5002 ut
1223 4930 1252 4999 si
1267 4932 1347 5025 quis
1361 4947 1462 5023 neget
1476 4932 1666 5002 foeminam
1680 4954 1820 5024 parcre,
1845 4946 1880 5005 et
1894 4943 2041 5010 conetur
2058 4928 2153 4999 scul-

1169 5055 1252 5127 pere
1268 5035 1368 5102 vivos
1388 5029 1561 5104 homines.

1269 5132 1450 5225 Principia
1472 5148 1555 5203 suut
1577 5134 1729 5207 noticiae
1751 5134 1935 5206 nobiscum
1960 5145 2153 5210 nascentes,

120 5245 248 5317 vitam.
301 5237 390 5310 Non
408 5236 551 5308 occidas
572 5235 814 5321 innocentem,
837 5232 922 5304 Non
944 5233 991 5303 sis
1015 5257 1120 5302 men·
1170 5249 1358 5330 quaesunt
1375 5235 1508 5305 semina
1526 5236 1747 5328 singularum
1765 5238 1894 5306 artium
1909 5237 2081 5307 divinitus
2098 5233 2154 5300 in-

123 5346 192 5415 das
214 5345 254 5413 in
277 5340 432 5414 dicendo
454 5337 677 5423 testimonio,
700 5334 885 5428 inpactis,
903 5333 986 5407 Non
1003 5334 1119 5428 rapias
1170 5338 1236 5409 sita
1251 5337 1374 5421 nobis,
1400 5348 1440 5408 ut
1454 5335 1645 5510 ipgqartes
1660 5350 1880 5425 extruantur,
1904 5357 2054 5432 quarum
2069 5351 2155 5403 usus

1878 5493 1892 5525 c
