4538 5754
118 262 191 340 6ss

223 431 386 504 Recitavi
401 429 532 520 figuras
547 443 582 500 et
599 428 735 510 modos,
752 448 841 518 quos
854 438 895 497 ut
910 427 1111 495 meminisse

122 537 281 608 iuniores
309 533 464 625 possint,
495 546 665 622 tanquam
696 550 758 597 sua
780 528 929 597 nomina
952 530 1110 598 ediscant

123 635 190 709 hos
205 637 513 728 puerilcs‘versus:

173 759 319 841 Barbara,
346 757 504 835 celarent,
531 758 646 837 primae
665 751 770 832 Darii,
794 751 954 835 Ferioque.

175 863 298 943 Cesare,
326 861 513 937 Gamestres,
539 857 681 933 Festino,
706 855 843 933 Barooo,
871 855 1026 918 secundae.

172 965 275 1028 Tertia
288 965 400 1046 grande
414 977 522 1025 sonans
538 963 641 1021 recitat
655 955 799 1041 Darapti,
826 957 992 1039 Felsptou,

155 1067 352 1153 ¹Adiungeus
367 1064 516 1143 Dissmis,
542 1059 659 1140 Datisi,
685 1059 842 1139 Bocsrdo,
868 1060 1003 1121 Ferisou.

279 1310 348 1392 Da
377 1234 644 1420 syllogismo
672 1303 944 1412 expositoria

168 1458 171 1462 Δ
238 1493 335 1581 Quid
362 1503 421 1566 εει
445 1494 691 1589 syllogismus
718 1483 995 1580 exposituras-s?

224 1627 290 1702 Est
305 1611 547 1725 syllogismus,
575 1629 613 1695 in
636 1651 708 1719 quo
727 1624 885 1693 medium
911 1636 963 1693 est
984 1622 1109 1715 siugu-

21 1810 24 1814 Α
122 1733 213 1818 lare,
234 1733 336 1803 cuius
353 1735 441 1801 ordo
459 1731 504 1801 ad
521 1728 660 1812 tertiam
676 1728 824 1817 figuram
840 1724 1015 1814 congruit.
1059 1718 1108 1792 Et

48 1868 50 1872 ¹
121 1835 213 1905 ratio
229 1833 501 1927 consequentiae
518 1855 593 1900 non
617 1830 767 1898 obscura
790 1839 859 1905 εει,
886 1827 968 1919 quia
995 1826 1032 1892 in
1055 1826 1107 1893 af·

121 1936 323 2021 firmaticis,
348 1937 447 2029 quod
464 1933 630 2004 convenit
644 1930 802 2013 definito,
826 1929 922 1996 idem
941 1926 1107 1995 convenit

121 2038 342 2117 definitioni,
369 2049 430 2107 aut
444 2036 540 2128 quod
558 2031 716 2103 subiecto
731 2030 903 2120 singulari
926 2029 1108 2111 tribuitur,

120 2141 215 2208 idem
231 2139 341 2210 tribui
358 2138 432 2207 eius
449 2136 600 2228 speciei,
623 2134 679 2203 vel
692 2132 925 2211 differentiae,
952 2131 1008 2198 vel
1024 2155 1106 2221 pro-

120 2242 198 2332 prio
215 2263 355 2310 necesse
374 2253 438 2310 est.
481 2237 522 2306 lu
538 2235 731 2326 negativis,
756 2256 796 2304 ea
813 2256 903 2326 quae
919 2256 1107 2303 removen-

38 2425 40 2427 .
118 2357 188 2413 tur.
239 2342 299 2414 Fit
313 2356 429 2412 autem
445 2337 513 2410 hoc
530 2340 636 2409 modo
652 2336 883 2406 affirmative:-

234 2518 240 2527 .
272 2458 369 2530 Haec
386 2482 441 2528 res
457 2457 616 2527 calefacit
631 2455 890 2543 ventriculum,

272 2559 369 2634 Haec
383 2584 439 2630 res
455 2574 507 2631 est
520 2559 695 2638 zinziber,

271 2663 386 2753 Igitur
401 2662 557 2732 zinziber
571 2658 729 2731 calefacit
745 2658 994 2731 ventriculum.

220 2779 326 2851 Valet
339 2779 606 2872 consequentia:
634 2777 728 2866 Quia
744 2779 839 2870 quod
856 2777 1028 2848 tribuitur
1042 2775 1105 2842 dc-

117 2874 240 2969 linito,
266 2884 362 2953 idem
379 2881 578 2953 definitioni
597 2880 708 2951 tribui
723 2902 865 2949 necesse
880 2893 943 2951 est.
976 2875 1106 2946 Valere

358 254 567 335 semera
598 254 676 331 ra.
699 233 820 333 'Mau
846 253 914 328 au
938 254 1237 382 ursuraor.
1263 255 1332 329 aa
1355 255 1551 334 curuos.
1581 258 1907 339 sraczauna.
1980 342 1983 347 ,
2078 261 2153 341 ora

1264 425 1337 497 Nec
1362 452 1437 498 non
1451 431 1583 498 'eadem
1600 433 1738 503 ratione
1755 437 1914 506 subiecto
1929 437 2152 510 tribuuntur.

1161 525 1234 597 Nec
1248 552 1386 620 semper
1402 554 1492 623 quae
1513 535 1733 606 conveniunt
1758 540 1822 606 uni
1845 539 1972 628 tertio,
1997 540 2094 608 inter
2115 563 2151 609 se

1161 630 1391 704 conveniunt.
1429 632 1555 725 Aliqui
1572 636 1747 705 rationem
1764 640 2037 733 consequentiae
2052 663 2149 711 sum-

1162 745 1307 821 pserunt
1322 757 1363 800 ex
1387 727 1455 803 hoc
1484 736 1661 826 principio
1683 742 1914 828 geometrico:
1941 740 2046 831 Quae
2069 756 2150 814 suut

1159 833 1321 925 aequalia
1337 835 1401 904 uni
1419 836 1543 920 tertio,
1568 837 1663 908 inter
1677 863 1714 909 se
1727 855 1811 911 sunt
1826 843 2001 934 aequalia.
2053 843 2150 914 Haec

1160 935 1333 1004 sententia
1352 960 1432 1005 cum
1449 938 1495 1007 sit
1511 952 1637 1008 natura
1662 955 1766 1027 nota,
1791 945 1979 1015 coufirmat
2006 959 2042 1015 et
2064 971 2149 1016 cou-

1159 1037 1397 1126 sequentiam‚
1421 1039 1466 1106 de
1484 1063 1552 1131 qua
1568 1040 1741 1134 loquitur.
1791 1040 1858 1115 Est
1879 1061 1997 1116 autem
2019 1047 2150 1117 similis

1159 1139 1426 1230 consequentia:

1287 1285 1382 1356 Huic
1398 1291 1565 1360 dodranti
1582 1293 1680 1382 pedis
1695 1309 1746 1366 est
1763 1299 1921 1390 aequalis
1942 1296 2030 1370 hacc
2044 1300 2149 1386 linea,

1286 1386 1333 1457 Et
1348 1390 1462 1459 eidem
1477 1394 1647 1466 dodranti
1668 1408 1720 1466 est
1735 1400 1898 1493 aequalis
1913 1401 2023 1471 altera
2040 1402 2148 1487 linea,

1286 1488 1382 1580 Ergo
1401 1488 1467 1561 hae
1487 1519 1609 1564 omnes
1627 1497 1721 1567 inter
1735 1521 1809 1568 sese
1827 1515 1910 1572 sunt
1924 1503 2101 1596 aequales.

1260 1655 1430 1752 Exempla
1454 1666 1666 1752 geometrica
1692 1681 1773 1738 suut
1791 1669 1958 1740 illustria:
1975 1670 2146 1768 Cumque

1158 1763 1198 1830 in
1214 1757 1270 1831 his
1284 1764 1401 1831 valere
1416 1769 1704 1859 consequentiam
1721 1772 1947 1841 manifestum
1966 1773 2024 1854 sit,
2050 1777 2147 1844 vale·

1158 1865 1212 1934 bit
1228 1877 1262 1933 et
1279 1863 1319 1931 in
1334 1865 1414 1933 aliis
1431 1868 1600 1942 materiis.
1636 1867 1689 1939 Ita
1707 1885 1853 1961 propter
1869 1873 2144 1945 similitudinem

1158 1968 1444 2036 accommodatur
1454 1962 1524 2037 huc
1534 1970 1750 2062 principium
1770 1973 1863 2043 istud
1880 1977 2146 2065 geometricum.

1158 2066 1227 2138 Sed
1245 2061 1313 2136 hoc
1328 2068 1518 2156 diligenter
1531 2071 1792 2142 observandum
1809 2089 1872 2161 est,
1893 2090 1932 2146 ut
1947 2079 2039 2147 sicut
2049 2075 2145 2148 Geo-

1158 2180 1269 2238 meter
1289 2169 1502 2241 nominatim
1523 2173 1567 2241 de
1589 2175 1795 2265 aequalibus
1819 2176 1997 2270 loquitur,
2028 2179 2078 2248 ita
2106 2180 2143 2248 iu

1157 2270 1238 2339 aliis
1260 2272 1418 2340 materiis
1433 2287 1615 2359 caveatur,
1640 2299 1685 2344 ue
1700 2277 1765 2345 uni
1783 2279 1940 2348 subiecto
1958 2280 2063 2370 plura
2080 2281 2143 2350 tri-

1157 2373 1315 2442 buantur
1335 2373 1500 2442 dissimili
1526 2376 1682 2461 ratione,
1717 2391 1773 2461 ut,
1808 2374 1866 2447 bic
1896 2395 1947 2451 est
1969 2380 2142 2467 Musicus‚

1158 2487 1192 2543 et
1207 2485 1259 2542 εει
1274 2473 1387 2545 albus.
1440 2472 1498 2544 Ad
1514 2477 1698 2546 dissimilia
1721 2502 1794 2548 nou
1821 2482 1984 2572 congruit
2008 2482 2141 2572 princi·

1157 2575 1256 2666 pium
1280 2576 1550 2663 geometricum,
1583 2579 1674 2650 sicut
1690 2604 1755 2650 nec
1771 2583 1814 2650 ad
1833 2583 2045 2676 inaequalia.
2071 2583 2141 2654 Nec

1157 2676 1322 2765 congruit
1344 2679 1388 2745 ad
1405 2680 1575 2749 vocabula
1602 2681 1821 2775 inaequalia,
1850 2699 1902 2769 ut,
1925 2686 1990 2754 etsi
2011 2686 2140 2776 gallius

1157 2791 1192 2848 et
1208 2772 1316 2846 homo
1332 2779 1370 2847 iu
1389 2802 1463 2848 uuo
1478 2781 1583 2851 tertio
1608 2785 1844 2869 conveniunt,
1870 2786 2003 2857 scilicet
2026 2787 2066 2854 in
2092 2812 2140 2870 eo,

1159 2881 1256 2973 quod
1278 2893 1329 2950 est
1345 2903 1417 2949 esse
1433 2881 1597 2972 bipedes,
1624 2897 1742 2953 tamen
1759 2887 1852 2956 inter
1867 2912 1904 2956 se
1921 2912 1996 2956 non
2012 2912 2140 2957 conve-

118 2987 228 3075 igitur
250 2981 724 3079 syllogismos'expositorios
744 2996 838 3053 recte
868 2981 995 3064 iactos,
1028 2979 1104 3047 sine
1156 2983 1280 3065 niunt,
1307 2982 1389 3074 quia
1417 2982 1516 3072 bipes
1537 2999 1588 3055 est
1614 2988 1826 3057 vocabulum
1843 2989 2030 3083 inaequale
2056 2989 2139 3059 istis.

118 3089 365 3178 ambiguitate,
392 3086 620 3157 manifestum
639 3098 704 3154 εει.
768 3135 772 3143 ,

220 3201 267 3276 Et
285 3206 370 3276 tales
388 3203 584 3298 syllogismi
602 3201 764 3271 omnium
786 3200 893 3292 primi
915 3223 952 3269 se
975 3196 1104 3273 huma.-

118 3331 187 3376 nae
202 3307 313 3376 menti
329 3305 495 3375 offerunt.
546 3298 623 3372 Etsi
639 3303 733 3370 enim
751 3326 824 3371 uon
840 3301 957 3369 omnis
972 3302 1103 3369 noticia

118 3432 137 3477 a
154 3429 261 3476 sensu
277 3406 404 3490 oritur,
430 3417 470 3473 ut
486 3425 718 3472 numerorum
738 3402 867 3471 noticia
884 3402 982 3492 prius
998 3403 1104 3472 insita

1154 3080 1349 3154 Disseritur
1368 3078 1427 3152 bic
1446 3098 1480 3154 et
1498 3087 1541 3154 dc
1558 3082 1626 3155 hoc
1642 3087 1863 3181 syllogismo:

1308 3232 1405 3305 Haec
1422 3240 1571 3307 essentia
1590 3239 1710 3308 divina
1730 3254 1780 3309 εει
1797 3240 1916 3325 Pater,

1309 3334 1406 3406 Haec
1422 3341 1569 3409 essentia
1586 3340 1708 3410 diviua
1725 3356 1777 3413 est
1793 3340 1929 3426 Filius,

1307 3434 1403 3529 Ergo
1420 3438 1535 3511 Filius
1550 3455 1602 3512 est
1616 3439 1730 3512 Pater.

11 4826 17 4837 ·
120 4780 202 4852 sitio
220 4778 438 4864 communis,
464 4801 554 4872 quae
569 4778 609 4848 fit
624 4774 817 4860 conclusio,
841 4774 1031 4865 exponitur
1043 4798 1107 4866 per

1 4878 3 4882 ’
120 4883 327 4974 singulares.
351 4880 423 4954 Sed
435 4876 872 4967 vitandacstambiguitas.
899 4873 1102 4947 Videndum

118 3523 171 3579 εει
191 3507 390 3596 mentibus,
416 3518 536 3576 tamen
558 3504 741 3573 fatendum
767 3517 834 3588 εει,
868 3503 1104 3595 plurimarum

119 3596 241 3680 rerum
266 3608 433 3679 noticiam
458 3631 478 3677 a
499 3629 605 3675 sensu
620 3602 724 3675 initia
741 3629 890 3680 sumere.
927 3605 1104 3680 ‚Primum
1194 3604 1197 3617 '
1257 3602 1396 3676 Usitata
1412 3619 1446 3676 ει
1462 3606 1547 3676 εειίε
1564 3608 1700 3678 erudita
1718 3623 1768 3679 εει
1783 3613 1977 3701 responsio.
2021 3606 2139 3705 Opor-

118 3688 393 3803 apprehenduut
408 3732 532 3780 seusus
542 3707 746 3798 singularia,
769 3722 889 3799 postea
905 3733 1005 3778 mens
1021 3712 1104 3780 abs·
1157 3720 1207 3777 tet
1222 3707 1368 3776 alteram
1384 3707 1421 3775 in
1437 3708 1639 3800 syllogismo
1666 3712 1879 3801 expositoria
1902 3717 2080 3806 quadrare
2099 3717 2140 3784 ad

88 3809 231 3884 'trahit
252 3813 403 3904 species,
435 3811 617 3902 componit
635 3823 669 3880 ει
692 3809 837 3880 dividit:
864 3809 912 3898 ita
935 3811 973 3879 in
995 3812 1105 3905 syllo-
1155 3808 1312 3898 regulam
1332 3805 1599 3881 Dicidco'mni.
1651 3809 1706 3880 Dc
1720 3838 1934 3908 quocunque
1948 3841 2072 3884 verum
2091 3828 2141 3886 est

119 3916 232 4007 gismo
247 3913 480 4007 expositoria,
506 3936 586 3985 cum
603 3912 696 3982 oculi
711 3924 863 3982 cernunt
885 3913 1021 4006 aliquid
1048 3913 1105 3982 in·
1157 3911 1285 3995 dicere,
1301 3912 1394 4002 quod
1415 3910 1462 3980 sit
1475 3904 1562 3980 haec
1576 3915 1723 3983 essentia
1739 3915 1872 4001 divina,
1899 3919 1942 3985 dc
1958 3941 2001 3985 eo
2018 3941 2139 3986 verum

118 4042 192 4088 esse
207 4017 365 4089 subiecto
383 4013 575 4104 singulari,
602 4026 722 4105 postea
737 4035 837 4081 mens
852 4015 1044 4105 componit,
1071 4029 1105 4087 et
1157 4025 1208 4082 est
1230 4011 1365 4091 dicere,
1396 4014 1493 4104 quod
1515 4011 1562 4082 sit
1582 4011 1698 4083 Pater.
1761 4014 1849 4087 Cum
1870 4031 1987 4087 autem
2013 4019 2053 4086 in
2075 4014 2140 4088 hoc

117 4116 216 4192 huuc
231 4118 477 4215 syllogismum
492 4115 746 4206 expositorium
763 4113 905 4189 extruit.
1157 4113 1362 4206 syllogismo
1384 4137 1459 4181 non
1484 4116 1595 4204 possit
1618 4116 1732 4185 maior
1751 4118 1801 4185 sic
1814 4120 2076 4189 accommodari
2098 4122 2140 4189 ad

218 4237 273 4310 Ne
299 4236 385 4309 alivi
399 4233 486 4307 tales
500 4234 608 4305 finnt:
1001 4204 1005 4213 ’
1157 4215 1317 4304 regulam
1331 4210 1413 4285 Dici
1431 4218 1474 4284 de
1489 4216 1599 4302 omni,
1625 4217 1708 4310 quia
1726 4218 1832 4288 etiam
1848 4223 1892 4289 de
1907 4218 2002 4290 Filio
2017 4245 2141 4292 verum

217 4344 219 4348 ”
271 4265 336 4428 lgr,
441 4351 682 4424 ontenuffim
711 4351 822 4422 „ium
1157 4330 1209 4386 est
1225 4316 1363 4401 dicere,
1388 4318 1483 4409 quod
1501 4317 1546 4386 sit
1560 4313 1647 4388 haec
1671 4320 1838 4390 essentia:
1872 4320 1953 4392 ideo
1976 4322 2141 4417 syllogis-

271 4379 399 4529 pisid:
414 4379 530 4529 {lenuit
545 4455 660 4525 claves
675 4375 872 4540 berterici,
1147 4441 1236 4488 Μ’
1259 4442 1332 4488 ¹¹⁰⁰
1352 4421 1524 4508 medii·
1576 4418 1697 4491 &¹⁰⁰³
1721 4424 1878 4492 “intenti
1900 4417 1967 4492 ¹¹³⁰
1990 4425 2143 4515 explica·

213 4547 217 4558 '
271 4554 775 4649 Ergocpaveffloelesiaenon
791 4555 1091 4646 ,untimperiumo
1157 4519 1403 4639 tione,·quae
1428 4521 1584 4592 ostendit
1611 4546 1742 4592 nornen
1776 4526 1946 4593 essentiae
1978 4526 2143 4614 pluribus

221 4674 255 4747 N
319 4678 328 4695 .
702 4675 711 4692 .
773 4672 783 4690 .
926 4673 936 4690 .
1157 4644 1318 4714 personas
1342 4623 1551 4705 convenire,
1585 4637 1620 4694 et
1650 4619 1718 4694 boc
1749 4627 1947 4714 exemplum
1972 4626 2145 4696 dissimile

256 4690 438 4747 ⁰¹⁰¹¹¹³¹⁰¹
453 4689 571 4748 amem
593 4688 849 4766 ²¹p⁰⁵¹⁸⁰n⁰⁵’
874 4697 957 4766 ΨΜ
973 4698 1105 4766 Ρωρὼ
1158 4746 1232 4792 εεεε
1246 4723 1399 4792 aliorum
1417 4724 1670 4815 exemplorum,
1697 4726 1814 4817 qualia
1830 4741 1923 4812 sunt,
1950 4723 2037 4797 haec
2053 4750 2146 4813 rosa,

1157 4825 1213 4893 vel
1233 4818 1292 4894 hic
1316 4819 1442 4895 honio:
1478 4839 1570 4896 extat
1594 4826 1819 4918 syllogismus
1844 4829 2082 4921 expositorius
2107 4831 2146 4900 iu

384 4984 394 5003 .
787 4979 795 4996 .
811 4971 812 4975 =
1156 4921 1369 5017 Evangelio:

119 4999 161 5058 ut
181 4988 303 5069 eadem
327 4998 465 5055 ratione
489 4991 691 5070 competant
715 4979 892 5064 subrecto,
926 5000 1005 5048 cum
1030 4981 1103 5049 duo

121 5089 321 5181 praedicata
336 5085 402 5157 uui
418 5083 589 5173 singulari
604 5082 832 5166 tribuuntur,
858 5093 915 5150 ut:

271 5207 342 5277 Iste
356 5215 408 5274 est
422 5200 606 5286 Musicus‚

274 5306 413 5377 lstsest
429 5303 550 5386 albus,
627 5311 629 5314 ’

272 5403 369 5498 Ergo
387 5418 440 5480 est
452 5405 556 5477 albus
570 5402 746 5478 Musicus‚

1307 5076 1404 5148 Deus
1420 5090 1471 5147 est
1486 5073 1584 5146 Deus
1601 5034 1785 5166 vicorum,

1308 5177 1406 5248 Deus
1419 5189 1471 5248 est
1483 5173 1580 5249 Deus
1595 5176 1779 5267 Abrabae,

1307 5275 1404 5370 Ergo
1420 5273 1601 5351 Abraham
1619 5282 1720 5359 vivit.
