4538 5754
116 231 211 307 ld'll

115 400 335 475 vocandum,
360 389 457 482 quod
475 408 554 455 vere
569 383 615 455 sit
630 381 861 452 exauditurus
878 406 966 469 nos,
991 397 1025 455 et
1039 384 1103 453 da·

118 520 220 578 turns
242 494 427 598 promissa.

219 601 279 673 Sic
296 595 457 666 Psalmns
471 586 701 658 concionatur
717 587 763 655 de
781 585 978 677 praecipuis
1000 586 1103 657 culti-

119 711 187 778 bus
217 693 411 794 praeceptis
442 715 461 760 a
482 688 580 774 Deo,
605 690 650 756 de
673 687 821 773 timore,
846 686 934 773 fide,
959 687 1104 756 invoca·

119 810 219 880 tione
234 817 298 872 etc.
322 794 372 867 Et
385 796 430 865 ad
446 787 542 862 hunc
559 812 663 859 usum
671 790 774 858 docet
787 790 1104 858 accommodandas

119 931 193 979 esse
208 899 392 977 historias,
419 908 453 963 et
469 892 627 980 exempla
643 913 789 980 operum
805 887 885 962 Dei.
923 888 1018 960 Haec
1031 890 1105 959 lere

118 1026 170 1081 est
185 1027 321 1078 summa
338 993 542 1092 posterioris
557 991 708 1073 Psalmi,
734 1013 840 1082 quam
864 992 1007 1062 orditur
1029 990 1104 1087 pri-

119 1133 219 1182 mum
238 1130 257 1175 a
272 1099 489 1195 precatione:
517 1088 607 1164 Non
624 1089 730 1160 nobis
740 1085 920 1171 Domine,
947 1115 1021 1160 non
1038 1114 1105 1160 no-

122 1211 198 1291 bis,
225 1216 288 1279 etc.
337 1200 431 1270 Petit
454 1192 605 1266 utDeus
622 1195 809 1283 gubernet,
835 1193 1015 1284 respiciat,
1043 1196 1106 1262 de-

120 1313 244 1385 tendat
270 1331 309 1376 ac
333 1304 443 1371 salvet
466 1295 655 1386 populum,
679 1309 711 1365 et
734 1294 861 1384 allegat
885 1318 1024 1365 causam
1042 1318 1106 1363 cur

123 1425 220 1509 petat
235 1402 415 1482 exaudiri,
438 1399 600 1468 videlicet
615 1395 866 1486 promissiones
891 1412 925 1468 et
947 1399 1107 1480 verbum,

122 1532 164 1589 ut
178 1510 393 1603 glorificetur
408 1523 538 1571 nomen
551 1498 672 1583 ipsius,
687 1509 727 1566 nt
743 1497 940 1569 innotescat
951 1511 985 1568 et
1003 1520 1105 1588 prae-

123 1619 272 1690 dicetur,
288 1608 382 1701 quod
401 1626 479 1671 vere
493 1601 539 1670 sit
552 1597 665 1682 Deus,
683 1622 828 1667 servans
843 1600 1033 1687 promissa,
1047 1623 1106 1667 ex·

123 1717 274 1790 audiens
289 1724 353 1782 etc.
377 1706 473 1774 iuxta
492 1701 762 1791 promissiones,
789 1723 863 1769 non
880 1715 1026 1792 pmpter
1041 1723 1107 1767 no-

125 1836 197 1892 stra
213 1812 355 1889 merita,
381 1819 442 1877 aut
459 1803 665 1891 dignitatem
682 1815 857 1870 nostram:
882 1803 943 1871 sed
967 1815 1110 1891 propter

124 1911 403 1992 misericordiam
422 1906 547 1998 gratis,
571 1903 662 1971 sicut
675 1902 763 1971 alibi
780 1901 912 1973 dicitnr
924 1900 1107 1976 psalta:

124 2022 274 2110 Propter
297 2010 445 2102 gloriam
471 2005 626 2075 nominis
651 2003 704 2072 tui
729 2003 840 2073 libera
864 2026 951 2093 nos,
976 2018 1009 2075 et
1026 2027 1108 2094 pro·

125 2123 239 2214 picius
261 2116 310 2185 sis
331 2110 481 2204 peccatis
504 2104 636 2176 nostris
661 2117 805 2193 propter
832 2128 963 2173 nomeu
994 2118 1109 2175 tuum.

124 2207 417 2296 trememtem:
442 2209 595 2299 Propter
611 2230 741 2274 nomen
765 2220 866 2276 tuum
889 2205 1111 2298 propiciabe-

125 2328 176 2399 ris
194 2331 335 2415 peccato
350 2339 427 2385 meo
441 2326 507 2382 etc.

100 2431 104 2441 '
229 2420 368 2494 Deinde
389 2417 488 2485 addit
513 2413 685 2481 illustrem
708 2407 901 2483 antithesin
923 2413 968 2481 de
985 2407 1110 2493 ldolis,

46 2600 49 2605 .
127 2528 223 2624 qarod
248 2522 401 2593 aliorum
424 2512 549 2603 religio
573 2527 607 2583 et
621 2513 737 2582 cultus
751 2512 824 2582 sint
840 2513 1024 2596 idolatria,
1049 2510 1111 2605 qui

127 2654 203 2701 nun
218 2627 268 2696 sic
282 2630 476 2710 agnoscunt
490 2612 606 2683 Deum
624 2615 721 2683 iuxta
735 2615 884 2684 verbum
905 2626 940 2684 et
963 2613 1112 2704 promis-

128 2731 264 2809 siones,
289 2720 357 2791 hoc
380 2733 450 2802 est,
476 2715 537 2809 qui
560 2738 635 2783 non
651 2738 732 2783 vere
753 2716 1013 2810 creduntqnod
1037 2713 1114 2784 Deo

128 2810 233 2904 curae
248 2826 320 2896 sint
334 2845 389 2892 res
405 2814 600 2901 humanae,
617 2816 713 2909 qnod
729 2828 824 2886 certo
842 2816 928 2888 velit
946 2815 1114 2887 exaudire

130 2949 164 3006 et
181 2932 304 3003 iuvare
329 2923 533 3002 credentes,
561 2919 624 2987 sed
646 2913 795 2993 haerent
818 2917 857 2991 iu
874 2915 1114 2988 dubitatione:

129 3036 211 3105 ideo
232 3052 307 3100 non
336 3025 506 3093 invocant
527 3021 666 3098 Deum,
701 3041 776 3087 nou
806 3032 984 3109 praestant
1015 3041 1116 3089 veros

129 3137 265 3216 cultus,
282 3152 321 3199 ac
335 3148 456 3196 revera
472 3134 555 3191 sunt
567 3121 643 3190 sine
657 3118 756 3205 Deo,
779 3120 863 3212 quia
880 3120 1006 3191 talium
1020 3116 1115 3189 Deus

129 3261 196 3309 nec
217 3231 360 3312 oculos,
393 3249 459 3295 nec
482 3245 584 3292 aures
607 3216 725 3290 habet.
776 3217 933 3292 Econtra
958 3233 1116 3300 testatur,

130 3339 226 3434 quod
243 3329 281 3404 hi
299 3351 379 3399 vere
393 3323 547 3396 habeant
562 3321 696 3404 Deum,
722 3321 785 3413 qui
805 3335 929 3393 tenent
951 3323 1113 3408 verbum,

130 3455 165 3513 et
180 3438 362 3509 credentes
381 3431 549 3499 invocant
573 3437 607 3494 et
620 3435 804 3514 expectant
826 3423 997 3494 auxilium
1020 3423 1116 3494 iuxta

130 3536 396 3633 promissiones·

232 3637 292 3708 Sic
314 3635 363 3707 ait
384 3635 422 3702 in
446 3623 515 3699 hoc
531 3627 662 3722 populo
679 3640 798 3699 extare
812 3650 930 3698 veram
948 3625 1116 3698 noticiam

132 3742 221 3826 Dei,
256 3752 291 3808 et
309 3733 424 3804 Deum
454 3731 493 3799 in
519 3731 605 3822 ipsis
633 3729 810 3830 conspici,
840 3730 937 3822 quod
965 3729 1013 3800 sit
1035 3751 1117 3798 vere

131 3843 229 3917 Deus
238 3889 250 3925 ,
278 3836 362 3932 qnia
379 3831 509 3904 habeat
523 3832 628 3901 talem
644 3832 838 3922 populum,
864 3830 925 3924 qui
941 3830 1116 3919 guberne·

133 3963 193 4020 tur
214 3943 342 4019 verbo,
375 3936 437 4027 qui
461 3945 610 4022 praestet
632 3954 733 4002 veros
757 3931 893 4014 cultus,
927 3932 1021 4000 etin
1047 3954 1118 4023 quo

133 4057 251 4119 extent
265 4038 423 4128 exempla
440 4033 687 4134 beneficiorum
709 4045 745 4101 et
765 4055 912 4121 operum
928 4028 1012 4114 Dei,
1036 4031 1118 4125 qnia

135 4147 273 4220 dederit
289 4141 459 4217 verbum,
486 4148 520 4203 et
537 4145 652 4202 servet
674 4132 864 4223 promissa,
890 4135 1063 4220 gubernet
1086 4148 1115 4201 et

135 4258 319 4322 conservet
342 4237 577 4311 sacerdotium
608 4247 643 4305 et
672 4231 832 4325 politiam
857 4229 963 4304 huius
985 4235 1120 4327 populi,

135 4349 299 4424 exaudiat
314 4358 348 4413 et
365 4342 506 4412 adiuvet
522 4338 612 4428 pios.

238 4448 282 4520 ln
297 4447 366 4514 line
388 4439 513 4532 repetit
536 4436 728 4529 gratiarum
744 4435 916 4506 actionem
941 4459 1006 4523 pro
1030 4435 1119 4503 datis

134 4549 335 4626 beneficiis,
362 4547 452 4613 bene
467 4553 627 4630 precatur
644 4536 778 4628 populo
797 4552 829 4607 et
851 4537 1018 4605 omnibus
1040 4536 1120 4626 piis,
1144 4580 1147 4619 ,

702 209 830 285 rtttu
856 209 974 289 tatu
998 208 1211 287 SCRIPTA
1236 207 1544 290 ttxtthttha.'

2049 217 2127 290 llll

1156 385 1232 456 eius
1254 384 1514 469 misericordis,
1538 385 1633 478 quod
1660 384 1768 475 gratis
1791 383 1964 476 respiciat
1985 398 2019 455 et
2038 386 2129 458 salvet

1155 510 1235 557 nos.
1286 484 1433 579 Alioqui
1453 488 1547 557 enirn
1564 510 1637 556 uon
1655 500 1771 578 posset
1794 487 1996 578 praedicari
2018 500 2050 556 et
2069 488 2129 558 lau·

1154 589 1252 670 dari,
1272 587 1394 655 sinon
1411 588 1593 660 exaudiret
1609 589 1676 657 nisi
1699 612 1766 658 nos
1788 611 1951 658 essemus
1972 589 2053 659 satis
2072 613 2130 658 me·

1154 690 1234 773 riti,
1260 702 1295 757 et
1310 688 1515 758 afferremus
1532 704 1688 759 nostram
1708 690 1937 779 dignitatern.
1991 690 2073 760 Ideo
2087 689 2130 763 iu-

1155 790 1248 884 quit:
1274 787 1355 858 Non
1374 791 1507 861 mortui
1524 791 1721 862 laudabunt
1737 803 1772 860 te
1788 788 1967 861 Domine.
2077 828 2081 833 ·

1261 906 1312 978 lta
1347 923 1426 997 apte
1461 903 1625 978 cohaeret
1657 909 1834 998 posterior
1870 906 2039 979 Psalmus
2068 933 2130 979 eum

1158 1009 1294 1101 priore,
1318 1011 1402 1103 quia
1419 1003 1604 1079 historiam
1627 1009 1852 1079 liberationis
1867 1011 1999 1101 populi
2015 1034 2131 1081 accom-

1157 1113 1280 1181 modat
1293 1114 1335 1179 ad
1354 1112 1550 1182 doctrinam
1572 1111 1654 1180 lidei
1679 1125 1712 1181 et
1734 1112 2001 1196 invocationis,
2025 1112 2131 1181 rideli-

1158 1226 1233 1295 cet,
1264 1215 1358 1305 quod
1384 1213 1560 1281 invocatio
1589 1214 1713 1282 debeat
1738 1213 1814 1281 lieri
1848 1208 2032 1296 haeliae,
2061 1237 2132 1307 qnae

1160 1315 1290 1385 nititur
1316 1313 1468 1403 gratuita
1492 1313 1752 1396 misericordia,
1787 1337 1864 1382 non
1888 1330 2012 1384 nostra
2034 1315 2132 1404 digni·

1158 1431 1248 1499 tate,
1275 1428 1310 1485 et
1325 1416 1420 1508 quod
1437 1410 1523 1484 haec
1539 1413 1585 1485 sit
1599 1438 1680 1483 vera
1698 1415 1832 1485 noticia
1849 1411 1942 1498 Dei,
1969 1440 2058 1508 quae
2078 1433 2132 1486 sta·

1160 1519 1230 1588 tuit
1251 1514 1365 1586 Deum
1389 1541 1461 1585 non
1488 1538 1562 1585 esse
1584 1517 1759 1600 ociosum,
1783 1529 1948 1586 autnon
1972 1532 2133 1587 curantem

1159 1614 1332 1688 humana:
1364 1619 1424 1685 sed
1447 1618 1570 1701 talem,
1595 1618 1656 1710 qui
1682 1639 1763 1685 vere
1785 1619 1958 1707 respiciat
1981 1640 2063 1701 nos,
2087 1619 2133 1710 qui

1161 1720 1245 1790 velit
1260 1719 1439 1800 invocari,
1464 1732 1499 1788 et
1512 1742 1578 1790 nos
1591 1719 1756 1789 exaudire
1778 1741 1820 1789 ac
1837 1720 1988 1804 iuvare,
2010 1737 2134 1812 propter

1160 1821 1440 1890 misericordiam
1458 1821 1677 1910 promissam.

1264 1936 1428 2007 Breviter
1443 1939 1645 2030 complexus
1658 1962 1735 2008 sum
1754 1950 1954 2032 utrumque
1967 1939 2136 2023 Psalmum,

1163 2041 1224 2136 qni
1242 2042 1346 2110 etiam
1362 2040 1626 2109 transferendus
1640 2054 1691 2110 est
1713 2040 1758 2107 ad
1779 2063 1856 2112 nos.
1911 2042 1967 2109 Ac
1984 2043 2137 2133 posterior

1164 2166 1244 2235 pars
1275 2156 1325 2211 est
1347 2142 1451 2230 plane
1474 2140 1647 2231 generalis
1677 2141 1841 2210 doctrina
1876 2143 2094 2211 conveniens
2113 2157 2137 2212 et

1163 2259 1243 2336 apta
1258 2243 1425 2312 omnibus
1440 2242 1612 2312 aetatibus
1633 2254 1669 2312 et
1683 2241 1919 2330 temporibus.
1971 2243 2045 2315 Sed
2059 2245 2139 2334 prior

1164 2367 1264 2438 pars,
1290 2369 1379 2437 qnae
1394 2355 1445 2413 est
1460 2339 1644 2431 historica,
1670 2364 1776 2430 agens
1791 2345 1927 2432 gratias
1943 2368 2011 2436 pro
2028 2346 2139 2415 libera

1165 2449 1263 2519 tione
1295 2461 1331 2517 et
1361 2444 1540 2515 beneficiis
1570 2440 1735 2515 exhibitis
1774 2444 1914 2536 populo
1953 2444 2140 2528 lsraelitico,

1166 2550 1273 2620 etiam
1297 2560 1388 2617 recte
1411 2559 1446 2616 et
1467 2546 1604 2617 utiliter
1619 2546 1953 2617 accommodabitur
1969 2549 2014 2617 ad
2034 2545 2138 2618 llccle

1165 2651 1274 2734 siam,
1300 2672 1389 2743 quae
1412 2648 1484 2737 agit
1503 2646 1633 2736 gratias
1655 2670 1718 2735 pro
1733 2646 1805 2715 illis
1819 2646 2036 2736 ingentibus
2051 2650 2139 2719 bene

1169 2752 1276 2835 liciis,
1312 2772 1402 2843 quae
1422 2749 1528 2819 nobis
1550 2749 1763 2836 contingunt
1787 2763 1940 2839 propter
1965 2746 2140 2830 Christum,

1168 2869 1201 2924 et
1215 2863 1465 2945 proponuntur
1486 2849 1526 2919 in
1540 2845 1755 2938 Evangelio,
1780 2851 1878 2942 quod
1905 2875 1973 2943 per
1997 2847 2089 2922 hune
2109 2853 2139 2919 li·

1167 2958 1333 3025 beremur
1347 2977 1366 3022 a
1383 2965 1542 3044 peccato,
1565 2964 1699 3030 morte,
1728 2963 1762 3020 et
1779 2975 1799 3020 a
1816 2964 1998 3043 potestate
2013 2954 2138 3035 diaboli,

1168 3081 1208 3126 ac
1224 3055 1415 3145 recipimur
1429 3079 1448 3123 a
1464 3050 1559 3137 Deo,
1583 3064 1624 3122 ut
1639 3052 1750 3121 simus
1767 3051 1831 3119 lilii
1855 3065 1891 3122 et
1913 3049 2082 3124 haeredes
2101 3055 2140 3121 vi·

1169 3172 1224 3228 tae
1246 3169 1418 3227 aeternae.
1470 3153 1566 3244 Quia
1588 3153 1650 3225 illa
1674 3153 1871 3246 corporalis
1894 3155 2065 3228 liberatio
2085 3167 2138 3223 erat

1168 3259 1266 3329 velut
1288 3259 1413 3326 umbra
1437 3269 1473 3324 et
1495 3254 1719 3345 significatio,
1749 3256 1954 3325 admonens
1985 3259 2029 3327 de
2054 3257 2137 3356 spiri-

1164 3360 1325 3430 tualibus
1347 3371 1381 3428 et
1404 3356 1556 3426 aeternis
1573 3355 1773 3445 beneficiis,
1801 3381 1893 3449 quae
1922 3373 2008 3428 sunt
2030 3382 2138 3459 prope

1169 3463 1234 3534 sita
1249 3462 1286 3529 in
1301 3458 1597 3558 promissionibus
1613 3455 1812 3547 Evangelii.

1270 3592 1330 3664 Sic
1346 3615 1428 3681 ergo
1445 3605 1480 3662 et
1494 3614 1560 3661 nos
1575 3603 1719 3660 utamur
1733 3588 1900 3683 Psalmo,
1921 3604 2139 3686 agamns'grs·

1170 3691 1341 3778 tiaslleo,
1363 3695 1458 3787 quod
1478 3688 1641 3765 exhibuit
1658 3687 1853 3777 Christum,
1869 3696 1937 3788 qui
1955 3698 2140 3768 liberatura

1171 3822 1190 3867 a
1206 3809 1346 3887 peccato
1361 3808 1396 3863 et
1411 3817 1431 3862 a
1446 3807 1579 3877 morte,
1605 3807 1639 3864 et
1653 3817 1720 3891 per
1732 3794 1850 3891 ipsum
1869 3797 2036 3896 impertit
2050 3814 2140 3869 aeter·

1171 3923 1217 3967 na
1235 3900 1350 3978 bona,
1375 3895 1551 3966 iusticiam
1568 3907 1603 3964 et
1620 3895 1727 3965 vitam
1742 3909 1926 3966 aeternam
1936 3949 1951 3982 ,
1978 3901 2075 3972 dedit
2092 3923 2140 3968 no·

1172 4001 1226 4069 bis
1249 4000 1417 4082 verbum,
1456 4022 1527 4088 qno
1559 3996 1678 4094 ipsum
1711 4019 2008 4086 agnosceremus,
2049 4011 2140 4072 servat

1172 4100 1366 4201 promissa,
1400 4099 1562 4195 respicit,
1592 4098 1735 4168 exaudit
1767 4113 1802 4168 et
1834 4101 1986 4175 adiuvat
2019 4126 2084 4173 nos
2116 4103 2141 4168 in

1172 4201 1338 4272 omnibus
1352 4199 1541 4298 periculis,
1563 4199 1738 4289 gubernat
1753 4213 1788 4268 et
1803 4203 2002 4274 sanctificat
2020 4228 2083 4275 nos
2095 4204 2142 4273 da·

1173 4318 1208 4372 to
1239 4301 1378 4400 Spiritu
1407 4314 1546 4385 sancto,
1587 4300 1744 4370 defendit
1775 4303 1950 4373 adversus
1980 4305 2142 4376 saevitiam

1173 4405 1297 4473 mnndi
1321 4415 1355 4472 et
1378 4402 1532 4487 diaboli,
1558 4400 1647 4471 sicut
1664 4401 1767 4470 illum
1782 4405 1964 4502 populum
1988 4404 2142 4477 mirabili·

1172 4520 1226 4576 ter
1241 4503 1400 4573 defendit
1415 4518 1448 4574 ct
1462 4501 1625 4576 servavit.
1680 4499 1731 4572 lta
1751 4506 1914 4602 proderit
1933 4509 2039 4578 nobis
2061 4507 2143 4578 lectio

135 4670 176 4727 ut
198 4652 294 4725 Deus
317 4658 442 4734 augeat
470 4656 504 4711 et
528 4653 712 4710 conservet
738 4632 825 4707 haer
855 4637 1046 4718 beneficia,
1081 4651 1117 4704 ut
1143 4627 1147 4709 l
1174 4602 1357 4686 historiae,
1392 4605 1422 4674 si
1446 4607 1637 4674 admoneat
1664 4628 1730 4674 nos
1764 4608 1808 4674 de
1830 4607 2042 4692 beneficiis,
2073 4631 2142 4704 quse

46 4780 48 4786 ’
91 4736 94 4740 ¹
136 4764 348 4848 propagetur
365 4741 514 4814 verbum
539 4766 578 4810 ac
596 4764 677 4808 vera
701 4740 831 4808 noticia
847 4736 934 4823 Dei,
960 4751 999 4807 nt
1014 4738 1118 4806 etiam

137 4857 261 4926 floreat
280 4849 400 4939 politia
416 4859 480 4914 etc.
530 4843 583 4911 Ac
608 4835 667 4909 hic
681 4841 783 4910 docet
798 4841 903 4910 etiam
923 4839 1118 4934 corporalia

136 4952 306 5028 beneficia
328 4972 401 5017 esse
422 4943 489 5014 Dei
509 4945 623 5025 dona,
658 4941 898 5029 magistratus,
934 4962 1121 5009 conserva-

137 5060 271 5130 tionem
287 5047 420 5141 publici
437 5059 547 5116 status
563 5057 627 5112 etc.
644 5066 723 5110 cum
743 5042 873 5134 iuquit:
893 5041 1041 5111 Terram
1060 5044 1120 5110 de-

138 5163 192 5232 dit
206 5155 290 5227 bliis
307 5146 509 5220 hominum.
560 5146 618 5214 Ad
638 5156 831 5212 extremum
849 5144 977 5214 iterum
995 5143 1121 5231 allegat
1143 5124 1147 5209 l

135 5259 228 5333 hanc
245 5274 384 5328 cauum
400 5246 595 5338 petitionis,
608 5258 648 5314 ut
659 5240 755 5312 Deus
769 5256 915 5335 propter
928 5267 1026 5312 suam
1044 5248 1120 5335 glo·
1174 5248 1356 5345 impertire
1369 5249 1480 5328 bona,
1507 5262 1542 5316 et
1555 5248 1712 5347 postulet
1735 5274 1755 5318 a
1778 5251 1884 5319 nobis
1908 5257 2080 5344 praestari
2101 5277 2143 5319 ve·

135 5365 226 5435 riam
243 5352 406 5430 exaudiat
421 5348 645 5429 invocantes,
671 5345 855 5432 videlicet,
870 5359 911 5416 ut
927 5347 1122 5417 innoteseat

1172 4710 1276 4778 nobis
1291 4705 1387 4778 Deus
1401 4706 1589 4805 promittit.

1272 4837 1411 4911 Deinde
1434 4835 1520 4911 haec
1544 4842 1798 4911 transieramus
1817 4843 1862 4911 ad
1886 4848 2057 4917 usumin
2082 4848 2141 4923 sits,

1173 4957 1207 5014 et
1235 4947 1278 5012 aa
1307 4943 1469 5013 exercitia
1497 4943 1578 5011 fidei
1607 4956 1643 5014 et
1672 4945 1936 5025 invocationis,
1971 4950 2141 5046 sicutipse

1173 5043 1333 5114 Psalmus
1348 5048 1464 5114 docet:
1498 5045 1674 5115 discamus
1698 5069 1888 5135 agnoscere
1903 5047 2049 5141 Deum,
2070 5049 2142 5145 qnod

1174 5171 1253 5215 vere
1272 5161 1348 5235 agat
1366 5146 1569 5226 nobiscum,
1604 5148 1688 5217 velit
1705 5172 1778 5216 esse
1796 5149 1836 5215 in
1853 5151 1964 5220 nobis
1978 5155 2143 5235 elbcamt

1175 5373 1233 5419 ros
1263 5350 1464 5448 spirituales
1500 5350 1636 5430 cultus,
1678 5351 1782 5420 tidem
1818 5365 1854 5422 et
1889 5353 2142 5428 invocationem.
