4538 5754
124 211 200 288 423
352 205 564 284 SCRIPTA
589 206 665 280 ΡΗ.
692 204 807 284 Mun.
834 208 903 284 An
927 208 1055 283 HlS'l'.
1083 202 1227 288 PROF.
1250 207 1318 284 ΕΤ
1344 210 1538 293 PHILOS.
1569 215 1892 297 SPECTANTlA.
2060 151 2145 301 'tet

93 388 116 437 ·”
131 388 241 458 iubet.
301 379 489 454 suasoriae
518 381 696 452 orationes
719 383 845 452 iubent
865 373 1001 477 aliquid
1027 384 1115 469 lieri,
1163 383 1315 473 perfecte
1334 385 1485 454 docendi
1508 388 1695 464 rationem.
1746 390 1836 462 Nam
1859 396 2040 466 dialectica
2063 421 2149 488 pro·

1 512 2 515 ’
131 503 172 560 nt
186 488 215 558 si
232 485 313 579 quis
328 486 473 554 suadeat
486 485 765 574 suscipi·bellum
776 484 982 560 ancicum.
1007 484 1113 554 Tales
1164 484 1239 574 prie
1265 507 1323 552 ars
1347 502 1397 556 est
1419 501 1511 556 recte
1540 491 1703 567 docendi.
1763 494 1918 565 Maxima
1939 515 2057 569 aretem
2085 501 2150 584 vis,

130 601 262 661 suntet
277 585 409 656 Psalmi
425 586 564 674 generis
583 587 825 671 deliberativi,
850 588 911 680 qni
932 588 990 655 vel
1012 609 1113 677 prae·
1163 585 1313 654 maxima
1334 588 1469 657 utilitas
1494 605 1545 660 est
1577 587 1683 662 huius
1712 598 1860 684 generis.
1913 598 2024 692 Saepe
2051 601 2148 669 enim

77 746 80 752 .
130 705 228 783 cepta
245 689 349 766 dant.
376 688 431 755 vel
452 686 701 772 consolantur,
725 689 781 757 vel
797 690 1050 780 deprecantur,
1073 684 1112 756 hi
1164 681 1325 756 homines
1347 691 1391 758 de
1415 690 1608 779 religione,
1640 696 1685 763 de
1710 695 1805 777 inre,
1840 701 1885 767 de
1907 704 2008 771 omni
2030 702 2147 771 officio

95 878 96 882 Ἰ
129 804 257 886 petunt
275 789 411 882 aliquid
433 788 521 856 fieri.
572 785 706 858 Verum
730 790 867 878 generis
889 791 1112 859 demonstra·
1161 788 1314 856 docendi
1336 805 1437 876 sunt,
1475 794 1537 860 ubi
1559 794 1636 862 sine
1653 791 1719 866 hac
1738 800 1876 868 ratione
1904 804 2058 890 patelieri
2091 826 2147 870 res

130 894 196 966 tivi
213 891 293 960 fanis
309 903 361 959 est
375 889 549 979 cognitio,
575 905 615 961 ut
630 915 709 959 cnm
727 888 969 962 Alexandrum
986 891 1112 960 lauda·
1161 911 1235 958 non
1251 905 1398 981 queunt.
1450 890 1503 962 Ac
1520 896 1712 967 nediscere
1726 900 1869 991 quidem
1885 903 1974 992 ipsi,
1999 918 2032 974 et
2054 919 2148 976 recte

130 1018 227 1074 mus,
254 1005 289 1062 et
311 1013 366 1059 res
388 991 463 1058 eins
486 992 681 1082 sapienter,
710 992 850 1061 fortiter
876 1017 916 1062 ac
939 992 1113 1063 foeliciter
1162 991 1347 1081 complecti
1363 993 1482 1064 animo
1502 1019 1557 1062 res
1574 997 1736 1067 difficiles
1758 1015 1791 1070 et
1814 1002 1995 1075 intricatas
2021 1028 2147 1095 possu-

129 1109 260 1184 μεως,
292 1113 498 1176 narramus,
538 1107 676 1162 tantum
707 1096 874 1163 docemus
901 1094 1109 1165 auditorem.
1161 1114 1260 1175 mus,
1281 1093 1350 1160 nisi
1372 1088 1464 1164 hanc
1488 1093 1693 1167 methodum
1717 1123 1926 1192 sequamur,
1953 1131 2043 1201 qnae
2066 1130 2148 1196 per-

129 1193 206 1269 Etsi
223 1196 318 1265 enim
335 1193 491 1284 exempla
509 1192 717 1263 imitationis
731 1219 834 1264 causa
850 1208 1113 1286 proponuntur,
1160 1192 1274 1263 facilit
1295 1208 1364 1276 etl,
1396 1197 1508 1290 siquis
1529 1199 1743 1270 mediocrem
1767 1205 2055 1279 exercitationem
2079 1210 2145 1275 ad-

128 1315 248 1370 tamen
265 1297 303 1364 in
323 1295 385 1365 tali
401 1295 561 1363 oratione
581 1290 674 1364 nihil
689 1309 807 1387 aperte
825 1299 1043 1388 postulamus
1065 1300 1111 1367 ab
1161 1289 1330 1365 hihuerit

129 1397 374 1481 audientibus,
400 1396 470 1464 nisi
487 1408 525 1466 nt
539 1393 646 1466 huius
661 1398 730 1466 viri
744 1397 971 1488 sapientiam,
997 1400 1111 1471 virtu-

129 1518 199 1575 tem
219 1523 258 1569 ac
273 1498 500 1569 foelicitatem
517 1500 801 1589 contemplentur
817 1501 1112 1592 atqueadmiren-

42 1655 49 1677 .
129 1619 199 1676 tur.
253 1597 307 1670 lta
320 1599 456 1688 generis
474 1599 675 1680 didascalici
693 1601 774 1669 finis
794 1615 844 1670 est
866 1602 1031 1693 proprius
1051 1626 1112 1671 co-

129 1703 263 1794 gnitio,
294 1713 335 1770 ut
357 1701 387 1768 si
410 1700 491 1793 quis
512 1703 654 1786 doceat,
688 1703 774 1793 qnid
799 1702 844 1771 sit
865 1699 1112 1792 Evangelium,

129 1804 309 1900 quomodo
329 1823 588 1894 consequamur
608 1815 649 1872 ut
671 1800 767 1872 Deus
795 1816 934 1893 reputet
957 1814 1011 1874 ac'
1027 1829 1111 1897 pro·

129 1905 276 1976 nunciet
291 1926 356 1973 nos
371 1904 495 1988 iustos,
521 1906 607 1996 quid
624 1905 669 1974 sit
683 1906 779 1983 fides,
805 1900 864 1974 hic
879 1906 1009 1975 dicenti
1028 1904 1124 1996 pro-'

128 2009 228 2100 prius
242 2005 323 2075 finis
339 2005 540 2096 propositus
554 2018 624 2089 est,
651 2018 691 2075 nt
706 2007 886 2075 auditores
900 2010 1033 2092 doceat,
1057 2021 1110 2078 et-

126 2111 157 2180 si
173 2107 329 2199 cognitio
353 2119 470 2198 postea
493 2102 547 2175 ad
562 2131 665 2176 nsum
689 2107 872 2176 transferri
895 2122 1027 2198 potest,
1053 2109 1109 2178 di·

128 2234 267 2281 versum
296 2221 414 2278 tamen
444 2208 615 2277 orationis
639 2231 748 2296 genus
771 2223 839 2293 est,
874 2212 969 2301 quod
995 2211 1109 2295 docet,

126 2312 278 2395 abillo,
307 2311 402 2403 qnod
425 2310 554 2378 deinde
578 2310 774 2377 doctrinam
799 2311 843 2377 ad
867 2334 969 2378 usum
993 2323 1109 2380 trans-

126 2414 210 2483 ferri
232 2412 342 2480 inbet.
393 2408 522 2479 Graeci
545 2411 588 2480 in
613 2411 773 2478 omniurn
797 2410 1109 2481 librorumtntuis

126 2527 323 2608 quaerunt,
350 2535 439 2602 qnae
463 2512 511 2581 sit
534 2510 651 2602 operis
671 2511 841 2596 intentio,
876 2536 937 2581 sen
961 2514 1041 2606 quis
1063 2513 1109 2582 sit

17 2640 21 2646 ⁴
41 2642 56 2669 ·
126 2615 279 2706 Scopns,
305 2626 344 2682 nt
358 2613 424 2702 ipsi
439 2612 650 2704 loquuntur.
698 2609 799 2683 Idem
816 2626 925 2702 agunt
939 2609 1109 2698 rhetores,

127 2740 208 2787 cum
222 2717 267 2784 de
285 2736 411 2804 genere
425 2735 546 2783 causae
561 2726 754 2807 quaerunt,
776 2737 866 2807 quac
881 2716 926 2786 sit
937 2715 1110 2787 orationis

126 2819 309 2907 voluntas,
334 2814 421 2910 quid
436 2815 610 2907 postulet,
635 2812 762 2900 Utrum
787 2817 943 2906 cognitio
968 2817 1014 2887 sit
1029 2817 1109 2886 finis

126 2919 318 3003 orationis,
343 2941 389 2987 an
405 2929 541 3007 praeter
553 2916 791 3007 cognitionem
807 2919 944 3011 aliquid
960 2919 1035 2989 lieri
1052 2920 1108 2989 iu·

126 3023 220 3094 beat.
266 3017 362 3090 Haec
379 3019 417 3087 in
431 3020 591 3090 oratione
609 3019 807 3110 perspicere
824 3033 928 3113 atque
945 3022 1109 3090 animad-

59 3135 61 3138 ’
126 3138 262 3194 vertere
291 3120 442 3191 maxime
472 3124 633 3213 prodest,
666 3133 708 3191 ut
730 3121 988 3210 intelligamus,
1019 3146 1109 3214 qnae

125 3226 232 3296 nobis
254 3247 295 3292 ex
319 3224 480 3292 oratione
502 3224 639 3293 utilitas
667 3224 897 3312 exspectanda
930 3222 985 3292 sit.
1035 3220 1108 3292 Nec

123 3327 226 3420 prius
240 3322 427 3417 acquiescit
441 3324 580 3392 animus
596 3323 769 3392 auditoris
785 3346 858 3390 non
875 3323 986 3414 stulti,
1002 3348 1107 3414 quam

124 3429 230 3496 finem
248 3425 403 3517 aliquem
417 3422 590 3492 orationis
604 3423 724 3490 animo
739 3424 969 3513 prospexerit.
1011 3422 1108 3495 Haec

125 3529 206 3598 ideo
229 3524 391 3618 pluribus
422 3524 521 3593 verbi
554 3523 648 3602 dixi,
680 3535 719 3593 nt
749 3527 991 3610 ostenderem,
1022 3520 1108 3598 haec

125 3642 307 3721 praecepta
323 3625 517 3715 plurimum
534 3628 577 3694 ad
593 3626 781 3695 formanda
800 3628 1029 3722 acuendaque
1050 3629 1104 3698 in-

125 3730 219 3800 dicia
249 3728 421 3798 conferre.
482 3723 668 3798 Caeterum
700 3727 938 3799 adolescentes
972 3742 1008 3799 et
1040 3726 1107 3800 hoc

44 3862 49 3869 ·
125 3830 296 3901 monendi
320 3842 420 3909 sunt,
455 3828 635 3900 interdum
665 3851 793 3923 genera
824 3854 1009 3900 cansarum
1039 3832 1106 3900 mi-

31 3968 37 3972 -
126 3931 225 4002 sceri.
266 3928 481 4022 Quanquam
499 3931 594 3999 enim
611 3932 893 4023 unumquodque
909 3932 1107 4021 negocium,

125 4036 170 4104 ad
184 4056 298 4104 unum
315 4031 459 4123 aliquod
478 4052 589 4118 genus
606 4053 729 4101 causae
752 4032 996 4123 principaliter
1017 4034 1107 4104 refe-

124 4137 276 4208 rendum
291 4147 362 4215 est,
389 4143 506 4200 tamen
524 4155 626 4223 saepe
648 4132 745 4200 aliud
767 4154 895 4221 genus,
925 4132 1061 4226 aliquid
1086 4160 1106 4204 a

124 4230 213 4309 locis
236 4234 382 4307 alterius
411 4233 549 4322 generis
578 4245 779 4315 mutuatur,
810 4247 853 4304 ut
878 4256 941 4324 pro
963 4231 1107 4321 Archia,

70 4336 73 4345 ’
125 4361 327 4433 quanquam
345 4348 417 4406 tota
434 4334 548 4405 oratio
565 4333 809 4424 principaliter
823 4338 866 4405 ad
883 4357 994 4424 genus
1012 4338 1107 4407 iudi-

125 4442 214 4511 ciale
229 4438 400 4529 pertinet,
426 4437 537 4506 mnlta
553 4451 672 4508 tumen
688 4437 796 4506 sumit
808 4436 931 4508 Cicero
952 4463 995 4506 ex
1020 4439 1107 4509 locis

1 4555 3 4564 ’
126 4542 263 4630 generis
290 4537 579 4620 demonstrativi,
610 4538 696 4605 dnm
724 4561 798 4605 non
822 4541 865 4609 de
889 4563 945 4621 re,
978 4543 1039 4609 sed
1063 4542 1107 4609 de

128 4663 276 4735 persona
298 4639 406 4722 dicit,
436 4639 536 4709 cuius
559 4638 682 4708 laudes
706 4637 744 4705 in
772 4639 905 4710 iudicio
924 4641 1107 4730 dignitatis

127 4741 255 4833 exponi
279 4742 454 4829 proderat.
515 4736 564 4811 Et
585 4733 841 4810 Demosthenes
865 4739 902 4809 in
924 4744 1107 4812 suadendo

127 4845 238 4916 multa
255 4841 362 4911 sumit
376 4863 418 4908 ex
432 4841 709 4912 demonstrativo
730 4865 875 4932 genere,
900 4845 988 4912 dum
1005 4843 1108 4914 inve·

56 5017 57 5020 ,
129 4942 227 5017 hitur
242 4944 280 5014 in
298 4937 505 5032 Philippum
520 4939 766 5015 Macedonem.

373 5113 434 5187 De
455 5133 592 5208 genere
617 5110 860 5186 didascalico.

228 5244 267 5320 Si
284 5243 363 5339 qnis
381 5246 424 5312 de
438 5240 505 5313 hoc
521 5265 648 5332 genere
663 5246 824 5335 longiora
841 5259 1022 5336 praecepta
1044 5248 1106 5315 de·

128 5344 277 5436 siderat‘,
302 5347 333 5416 is
347 5346 392 5416 ad
407 5345 625 5417 dialecticam
641 5349 779 5431 redeat,
804 5371 894 5440 quae
908 5347 983 5418 sola
998 5349 1107 5420 tradit

1264 1395 1359 1466 Sunt
1374 1411 1490 1468 autern
1508 1402 1732 1493 quaestiones
1748 1406 1918 1496 duplices.
1960 1407 2145 1496 Quaedam

1162 1508 1243 1564 sunt
1266 1499 1460 1588 simplices,
1493 1517 1533 1570 ut
1555 1526 1636 1570 cum
1660 1506 1703 1574 de
1733 1530 1804 1576 nna
1835 1532 1919 1577 voce
1942 1510 2142 1602 quaeritur:

1162 1593 1261 1684 Quid
1277 1598 1325 1668 sit
1339 1601 1461 1675 virtus.
1505 1600 1603 1690 Quid
1619 1603 1663 1673 sit
1680 1609 1908 1696 poenitentia.
1961 1609 2146 1698 Quaedam

1161 1698 1369 1769 coniunctae
1390 1717 1491 1786 sunt,
1515 1716 1573 1788 ut,
1596 1729 1676 1773 cum
1701 1711 1895 1799 propositio
1918 1711 2035 1804 aliqua
2059 1733 2146 1778 con-

1161 1799 1334 1869 firmanda
1368 1815 1429 1872 ant
1463 1804 1679 1875 confutanda
1722 1825 1790 1894 est,
1834 1824 1893 1901 nt,
1938 1824 2145 1904 oporteatne

1162 1896 1405 1972 Christianum
1423 1904 1575 1974 abiicere
1591 1929 1671 1975 suas
1687 1907 1883 1982 facultates.

1261 2002 1347 2074 Loci
1364 2005 1535 2094 simplicis
1551 2011 1768 2100 quaestionis
1781 2027 1872 2082 sunt.
1991 2098 1998 2103 ᾖ

1313 2105 1410 2194 Quid
1428 2106 1487 2176 sit.

1313 2206 1415 2295 Quae
1428 2208 1500 2278 sint
1516 2221 1632 2298 partes
1649 2211 1704 2279 vel
1720 2214 1865 2302 species.

1314 2307 1415 2396 Quae
1430 2332 1563 2378 causae.

1313 2408 1386 2496 Qui
1401 2411 1555 2478 effectus.

1312 2509 1413 2596 Quae
1428 2525 1574 2598 cognata
1591 2528 1625 2583 et
1643 2514 1846 2604 pugnantia.

1262 2606 1312 2679 Hi
1327 2612 1396 2679 loci
1410 2612 1619 2687 consulendi
1635 2633 1735 2698 snut,
1763 2641 1844 2687 curn
1867 2618 1993 2687 docere
2011 2618 2056 2685 de
2079 2620 2146 2686 ali-

1160 2733 1230 2804 qua
1254 2734 1292 2780 re
1314 2706 1477 2782 homines
1498 2713 1673 2785 volumus
1725 2714 1773 2788 Et
1795 2719 2047 2788 assuefaciendi
2063 2733 2147 2788 sunt

1160 2811 1287 2892 animi,
1313 2826 1354 2883 ut
1368 2838 1599 2908 quaecunque
1615 2841 1670 2887 res
1688 2821 1865 2909 proposita
1879 2821 1998 2900 fuerit,
2022 2821 2142 2888 statim

1160 2914 1199 2981 in
1215 2909 1281 2983 hos
1297 2915 1394 2985 locos
1407 2916 1625 3001 intueantur,
1650 2920 1712 3011 qui
1727 2924 1933 3005 admonent,
1959 2921 2020 2992 nbi
2035 2943 2145 3010 qnae-

1161 3016 1270 3086 renda
1287 3015 1333 3085 sit
1347 3017 1504 3100 materia,
1529 3031 1591 3086 ant
1607 3034 1700 3089 certe
1715 3022 1801 3112 quid
1818 3046 1859 3089 ex
1873 3045 2001 3110 magno
2018 3044 2143 3089 acervo

1160 3117 1374 3207 eligendum,
1389 3133 1424 3188 et
1438 3142 1509 3211 quo
1526 3120 1654 3188 ordine
1668 3122 1956 3191 distribuendum
1969 3124 2026 3194 sit.
2053 3120 2144 3188 Nam

1160 3217 1230 3289 toci
1245 3217 1479 3304 inventionis,
1505 3232 1582 3289 tum
1599 3224 1692 3310 apud
1710 3223 1932 3306 dialecticos,
1956 3237 2032 3292 turn
2050 3224 2145 3313 apud

1160 3314 1339 3399 rhetores,
1377 3334 1547 3389 nontam
1575 3327 1782 3394 conducunt
1812 3326 1856 3392 ad
1890 3323 2144 3394 inveniendam

1161 3421 1362 3503 materiam,
1387 3444 1494 3514 qnam
1519 3422 1564 3491 ad
1590 3422 1807 3510 eligendam,
1839 3440 2023 3517 postquam
2048 3449 2146 3493 acer-

1160 3544 1225 3590 vns
1249 3521 1378 3616 aliquis
1399 3546 1538 3606 rerum,
1564 3525 1621 3608 vel
1644 3549 1685 3593 ex
1709 3526 1778 3595 alia
1800 3541 1893 3610 arte,
1919 3528 1974 3595 vel
1996 3550 2038 3595 ex
2059 3527 2145 3617 ipsis

1160 3623 1309 3713 negotiis
1330 3625 1469 3695 oblatus
1484 3624 1600 3693 fuerit.

1259 3721 1379 3795 Prima
1395 3725 1433 3795 in
1450 3727 1550 3795 omni
1565 3749 1604 3793 rc
1622 3727 1783 3798 delinitio
1798 3752 1873 3799 esse
1889 3731 2004 3803 dehet.
2040 3729 2144 3799 Hanc

1159 3826 1258 3894 iubet
1275 3849 1442 3916 quaerere
1458 3827 1574 3908 locus,
1600 3828 1687 3920 quid
1704 3829 1760 3901 sit·
1811 3830 1881 3901 Sed
1899 3833 2079 3921 interdum
2097 3833 2144 3898 de

1159 3925 1396 4018 appellatione
1411 3927 1511 4018 prins
1534 3928 1752 4018 disputatur,
1779 3946 1814 4001 ct
1828 3934 2074 4003 constituenda
2091 3947 2143 4000 est

1158 4027 1367 4116 significatio
1385 4029 1568 4114 vocabuli,
1593 4045 1729 4101 constat
1742 4033 1837 4101 enim
1863 4033 2144 4105 innumerabiles

1157 4150 1231 4198 esse
1246 4125 1473 4226 λογομαχίας
1487 4145 1520 4200 et
1536 4130 1629 4201 rixas
1644 4137 1688 4202 de
1705 4135 1897 4209 vocabulis.
1950 4133 2060 4206 Initio
2076 4135 2143 4224 igi·

1158 4245 1236 4309 tur,
1263 4254 1308 4300 ne
1325 4234 1536 4321 ambiguitas
1544 4236 1722 4302 'sermonis
1738 4258 1894 4304 errorem
1911 4237 2036 4327 pariat,
2050 4252 2144 4306 certa

1159 4333 1322 4403 vocabuli
1339 4334 1547 4424 significatio
1563 4336 1808 4406 constituenda
1827 4353 1887 4408 est.

1187 4468 1190 4473 ·
1260 4429 1314 4504 Ac
1331 4439 1534 4525 praesertim
1556 4434 1595 4502 in
1615 4438 1916 4527 disputationibus
1933 4433 2144 4530 theologicis

1158 4537 1378 4605 observanda
1399 4549 1451 4604 est
1474 4533 1612 4625 phrasis
1634 4562 1811 4607 sacrarum
1829 4542 2031 4621 literarum,
2058 4545 2142 4634 qnia

1157 4638 1280 4707 multis
1297 4638 1433 4708 utimur
1446 4634 1609 4708 Ebraicis
1623 4638 1760 4728 figuris,
1789 4651 1890 4732 quae,
1914 4642 1943 4710 si
1959 4665 2033 4712 non
2049 4661 2142 4714 recte

1159 4740 1384 4819 reddantur.
1399 4740 1503 4808 multi
1526 4762 1663 4809 errores
1678 4758 1896 4832 sequuntur,
1922 4756 1961 4813 nt
1977 4741 2142 4834 Pelagius

1158 4841 1305 4928 gratiam
1328 4841 1547 4930 intelligebat
1568 4853 1707 4909 tantum
1738 4840 1948 4914 beneficium
1982 4859 2141 4916 ostensae

1159 4941 1246 5036 legis
1263 4943 1306 5010 ad
1322 4943 1516 5014 doctrinae.
1569 4942 1616 5010 Aa
1641 4940 1774 5011 Paulus
1798 4945 1903 5035 longe
1929 4945 2099 5017 discernit
2120 4973 2140 5017 a

1157 5043 1233 5132 lege
1247 5043 1407 5132 gratiam.
1460 5043 1570 5114 Vocat
1591 5044 1686 5112 euim
1703 5046 1856 5134 'gratiam
1881 5048 2142 5118 reconciliatio·

1157 5167 1260 5228 nem,
1284 5139 1353 5213 hoc
1377 5159 1446 5228 est,
1472 5145 1715 5216 remissionem
1737 5162 1960 5238 peccatorum
1986 5164 2022 5221 et
2041 5174 2140 5220 acce·

1157 5246 1351 5337 ptationem
1367 5247 1545 5331 divinam,
1567 5272 1648 5316 cum
1663 5273 1732 5339 qna
1746 5249 1934 5319 coniuncta
1956 5265 2007 5320 est
2028 5252 2141 5321 dona-

1156 5347 1208 5420 tio
1223 5344 1379 5440 Spiritus
1394 5347 1517 5423 uncti.
1569 5347 1690 5439 Quare
1704 5345 1868 5440 Pelagius
1883 5352 2037 5443 turpiter
2061 5376 2141 5423 cor·
