4538 5754
116 211 195 293 52³
386 199 605 280 scutata
631 201 708 280 PH.
730 199 847 277 Mat.
871 201 940 278 AD
965 200 1094 285 HlST.
1118 201 1264 284 PROF.
1288 198 1356 280 ET
1381 201 1574 280 PHILOS.
1595 199 1916 290 saccutum.
2068 208 2148 288 524

122 376 242 453 eorde.
298 340 603 479 Alia'actidentia
636 389 721 447 sunt
752 372 1023 465 inseparabilia,
1057 386 1110 454 ut,
1131 377 1136 431 t
1157 377 1300 462 dinem,
1327 389 1529 466 congruunt
1544 377 1587 448 ad
1602 378 1759 473 aliquem
1776 380 1928 453 istorum
1943 382 2149 454 modorum.

124 471 326 573 quantitas,
349 487 413 536 ⁸²1¹
435 475 644 577 mandendo
666 500 686 545 a
707 475 905 544 substantia
928 497 1112 567 corporea,
1133 479 1136 559 ἐ
1158 473 1396 569 Excipiendae
1410 492 1493 548 sunt
1509 478 1604 547 enim
1623 482 1926 572 praedicationes,
1952 507 2040 578 quas
2057 508 2147 554 voco

126 578 225 650 calor
239 570 284 641 ab
301 566 399 657 igni,
423 558 619 636 humiditas
634 577 681 642 st,
708 597 819 668 aqua,
845 598 919 646 non
943 599 1112 667 separan·
1133 562 1137 581 ¹
1160 579 1364 664 inusitatas,
1390 581 1434 650 de
1449 577 1522 647 filio
1539 575 1621 648 Dei:
1648 577 1747 651 Deus
1761 597 1814 654 εει
1829 578 1958 668 homo,
1984 581 2148 656 Verbum

37 669 41 680 ¹
127 695 199 752 tur·
223 669 437 761 Quanquam
451 679 567 738 autem
581 687 657 733 uon
669 670 885 757 abiieinutur
897 676 943 746 ab
956 670 1012 745 his
1026 677 1113 745 sub-
1160 703 1242 751 caro
1258 679 1388 752 famum
1405 694 1468 754 est.
1503 677 1546 748 ln
1562 682 1709 775 reliquis
1726 683 1893 767 materiis,
1909 685 1972 755 ubi
1987 689 2032 754 de
2048 709 2150 756 com·

129 772 287 855 ataulfi&
311 790 399 862 ‘1⁰⁸³
413 764 595 850 ῐθΰθῐῑδΰῖε
618 776 736 832 limen
759 775 937 855 quadus..
956 775 1114 865 mutabi·
1161 780 1264 850 muni
1278 770 1405 851 ordine
1420 791 1566 850 naturae
1590 783 1790 876 loquimur,
1814 808 1887 853 non
1911 798 2026 877 potest
2046 786 2149 875 iungi

130 881 214 951 liter
235 872 346 955 ineat,
369 867 457 938 ὃῙῖὓδ
481 879 532 938 ⁸⁸2
552 864 685 947 ¹¹¹⁸3⁰rs
710 863 944 934 anamim·
994 868 1114 933 lltes.
1162 880 1375 944 vocabulum
1400 882 1591 963 voralurlo,
1616 882 1687 951 nisi
1709 876 1766 953 his
1791 885 1925 972 modis,
1957 897 2082 957 ut'aut
2105 889 2151 957 de

131 984 243 1049 torem
259 971 298 1041 in
315 968 395 1043 aliis
412 969 518 1038 rebus
532 966 695 1035 videmus
709 964 876 1055 separari,
892 987 1002 1057 quare
1017 964 1116 1034 aliud
1165 973 1354 1042 individuo
1369 971 1519 1062 species,
1544 995 1606 1042 arn
1618 985 1664 1047 tle
1678 982 1792 1070 specie
1807 985 1864 1050 vel
1889 987 1934 1053 de
1958 985 2149 1057 individuo

54 1118 57 1126 .
135 1076 308 1174 quiddam
325 1092 401 1141 esse
415 1067 631 1146 iudicamus,
657 1088 763 1159 quarn
786 1065 898 1156 ipsam
918 1063 1010 1155 ignis
1032 1066 1117 1134 sub-
1165 1085 1293 1158 genus,
1319 1079 1381 1139 aut
1394 1067 1607 1154 differentia,
1631 1086 1694 1143 ant
1709 1066 1894 1164 proprium
1910 1090 1972 1149 aut
1987 1087 2152 1156 accidens

132 1175 310 1252 stantiam.
360 1166 457 1240 Haec
486 1167 603 1239 brevis
635 1165 927 1236 commonefactio
958 1164 1118 1248 sufficiat,
1166 1167 1400 1260 praedicetur.
1453 1162 1578 1238 Inhos
1602 1194 1733 1262 paucos
1754 1179 1879 1246 nrodos
1901 1173 2042 1249 erudite
2065 1206 2151 1272 pro-

133 1295 175 1353 ut
190 1275 351 1349 iuniores
366 1271 524 1356 discant,
548 1267 646 1336 aliud
663 1287 737 1335 esse
751 1266 997 1350 substantiam,
1017 1265 1117 1336 aliud
1167 1267 1361 1360 positiones
1375 1290 1499 1338 omnes
1514 1269 1554 1337 in
1570 1274 1751 1343 communi
1774 1279 1900 1346 ordine
1921 1294 2069 1350 naturae
2093 1284 2153 1351 in-

135 1373 351 1454 accidentia,
378 1384 412 1442 ει
427 1369 639 1460 cogitatione
663 1365 881 1438 discernant:
909 1367 993 1460 quia
1016 1387 1119 1457 saepe
1167 1369 1284 1438 clusae
1307 1384 1403 1440 sunt.
1453 1366 1527 1439 Nec
1547 1370 1723 1463 disparata
1748 1378 1879 1466 species
1903 1382 1946 1447 de
1971 1380 2151 1473 disparata

136 1476 373 1552 necessarium
395 1485 447 1542 est
469 1469 680 1553 discrimen,
712 1482 753 1538 ut
780 1469 878 1538 aliud
907 1482 959 1538 est
990 1466 1121 1549 anima,
1168 1468 1238 1538 dici
1257 1480 1390 1560 potest,
1414 1482 1473 1554 ut,
1499 1466 1607 1542 homo
1625 1485 1677 1544 est
1692 1475 1823 1546 asinus.
1874 1473 1923 1550 Et
1937 1474 2022 1551 hinc
2039 1483 2153 1552 sumi·

5 1606 7 1611 ·
138 1583 236 1654 aliud
262 1578 369 1648 timor
389 1571 468 1646 Dei.
520 1568 640 1641 Potest
663 1567 759 1637 enim
781 1568 888 1640 abiici
913 1568 1022 1638 timor
1040 1565 1120 1639 Dei.
1168 1583 1228 1640 tur
1249 1570 1440 1640 discrimen
1459 1571 1505 1640 de
1526 1573 1869 1664 praedicationibus,
1894 1582 1988 1673 qnod
2010 1605 2152 1652 necesse

139 1682 189 1757 Et
216 1679 300 1775 quia
329 1671 539 1765 reparabilia
571 1668 765 1740 accidentia
793 1670 904 1760 magis
931 1667 1120 1758 conspicua
1170 1682 1221 1740 est
1236 1669 1438 1740 iunioribus
1459 1671 1498 1739 in
1520 1688 1710 1766 conspectu
1733 1699 1825 1762 esse,
1850 1693 1891 1749 ut
1915 1682 2152 1768 considerent,

141 1795 236 1865 sunt,
259 1781 340 1848 ideo
357 1775 441 1844 inde
454 1785 569 1842 sumta
586 1784 638 1841 est
653 1769 803 1863 puerilis
818 1770 1023 1862 descriptio:
1051 1768 1122 1837 Ac·
1170 1794 1261 1864 qnae
1274 1771 1534 1863 propositiones
1550 1774 1623 1845 sint
1637 1780 1863 1863 necessariae,
1888 1805 1978 1874 quae
1995 1806 2072 1852 non
2089 1806 2154 1853 uc-

142 1886 264 1956 cidens
284 1893 353 1962 est,
383 1874 481 1970 quod
503 1874 600 1944 adest
623 1885 658 1942 et
683 1872 782 1942 abest
810 1884 947 1962 praeter
974 1868 1123 1940 subiecti
1171 1871 1352 1942 cessariae.
1402 1871 1511 1958 Item,
1536 1875 1575 1943 in
1604 1879 1734 1969 quibus
1761 1900 1877 1949 sermo
1905 1882 1952 1952 sit
1976 1884 2155 1976 proprius,

143 1981 417 2072 corruptionem.
467 1972 539 2043 Nec
555 1994 644 2066 opus
662 1984 713 2043 est
730 1971 853 2042 subtili
870 1970 1124 2063 disputatione,
1173 1986 1207 2043 et
1223 1973 1261 2040 in
1276 1973 1591 2066 quibusfiguratus
1607 1977 1663 2046 sit.
1714 1976 1756 2047 ld
1773 1980 1964 2050 discrimen
1985 2006 2069 2054 mox
2087 1986 2154 2054 ad·

143 2084 323 2182 quomodo
338 2076 560 2148 defendenda
575 2073 622 2144 sit
639 2067 725 2142 haec
739 2073 920 2154 definitio,
941 2094 1022 2141 cum
1047 2093 1123 2140 non
1172 2073 1274 2159 dam,
1297 2075 1359 2143 sed
1376 2072 1475 2165 prius
1492 2091 1616 2167 quarta
1631 2078 1764 2149 utilitas
1779 2082 1957 2154 recitetur.

144 2183 332 2258 conveniat
349 2177 517 2248 omuibus
536 2174 798 2258 accidentibus,
824 2173 907 2267 quia
932 2172 1026 2261 ignis
1049 2167 1125 2241 ndu
1275 2171 1411 2262 Quarta
1445 2176 1582 2246 utilitas
1611 2191 1679 2249 est:
1725 2178 1928 2252 Necessario
1963 2178 2156 2256 cohaerent

146 2285 269 2358 abiicit
292 2283 460 2362 calorem:
494 2277 554 2343 sed
586 2274 670 2346 satis
694 2288 745 2344 εει
767 2275 1001 2366 respondere,
1033 2267 1125 2341 hanc
1175 2274 1317 2366 species,
1345 2298 1467 2365 genus,
1491 2278 1702 2359 differentia,
1727 2292 1760 2349 et
1777 2283 1973 2373 proprium.
2009 2279 2155 2375 Etpro-

146 2385 418 2476 descriptionem
435 2376 605 2468 puerilem
625 2376 669 2442 de
685 2374 864 2468 plerisque
875 2374 1126 2457 accidentibus,
1175 2376 1370 2468 positiones
1386 2399 1428 2445 ex
1442 2371 1499 2446 his
1513 2378 1680 2449 membris
1694 2380 1816 2465 fartae,
1831 2398 1914 2454 sunt
1927 2385 2156 2460 necessariae.

146 2504 182 2559 et
195 2485 345 2556 maxime
356 2477 555 2568 conspicuis
570 2476 682 2567 loqui,
707 2474 746 2543 in
763 2499 915 2568 quorum
930 2474 1127 2544 abiectione
1176 2475 1351 2546 Accidens
1367 2501 1451 2547 vero
1465 2479 1510 2546 de
1526 2480 1681 2550 subiecto
1697 2505 1769 2551 non
1795 2485 1990 2554 necessario
2012 2487 2156 2577 praedi·

146 2587 328 2681 perspicue
344 2579 540 2659 cernimus,
566 2575 662 2643 aliud
678 2596 751 2644 esse
766 2574 1011 2654 substantiam,
1029 2574 1127 2642 aliud
1176 2590 1296 2663 catur,
1321 2578 1380 2647 sed
1399 2579 1654 2668 contingenter.
1687 2582 1740 2651 Ac
1755 2583 1908 2654 discerni
1923 2586 2022 2655 firma
2035 2600 2070 2658 ει
2085 2586 2156 2656 im·

147 2685 352 2760 accidentia.
410 2677 485 2747 Hac
517 2675 669 2765 simplici
711 2677 933 2747 excusatione
970 2674 1127 2747 contenti
1176 2679 1733 2771 motaamutabilibusopusest

146 2793 268 2861 ⁵im¹¹⁸⁰
1433 2847 1530 2933 uota
1554 2857 1613 2922 est
1636 2848 1908 2926 Proedlcotio?

168 2950 360 3045 =Qtt⁰tn⁰d⁰
386 2950 564 3025 silwim·
590 2946 812 3023 “widem‘'
840 2944 888 3021 ὼ
911 2942 1114 3021 mmmm
1280 2979 1500 3054 Praedicatio
1545 2997 1617 3071 est,
1655 2983 1695 3054 in
1735 2989 1978 3078 propositione
2009 2993 2159 3066 attribui

250 3091 373 3164 Sciant
391 3087 569 3173 iuniores,
604 3085 840 3156 accidentium
869 3106 944 3156 este
975 3082 1130 3176 duplicia
1180 3083 1420 3176 praedicatum
1435 3083 1606 3160 subiecto.
1654 3081 1704 3158 Et
1723 3101 1763 3158 ut
1785 3092 2080 3182 praepositiones,
2107 3096 2159 3165 ita

151 3194 316 3268 nomina:
342 3190 569 3261 Abstractum
584 3199 618 3259 et
633 3184 858 3257 Concretum.
902 3185 1128 3255 Abstractum
1179 3183 1458 3278 praedicationes
1495 3185 1681 3278 partimur.
1745 3186 2053 3262 Praedicationum
2086 3195 2158 3265 alia

152 3312 202 3368 est
217 3292 493 3374 substantivum,
518 3302 559 3358 ut
572 3285 804 3357 Grammatici
818 3286 1033 3378 loquuntur,
1058 3306 1129 3375 quo
1180 3308 1262 3356 vera
1287 3299 1357 3369 est,
1388 3308 1478 3379 quae
1499 3309 1580 3355 cum
1600 3310 1660 3372 re,
1691 3288 1736 3358 de
1758 3313 1828 3383 qua
1851 3291 1986 3384 aliquid
2006 3293 2159 3367 affirmat

97 3403 100 3412 “
150 3398 248 3471 nuda
265 3389 596 3484 speciesseulorms
613 3410 677 3479 per
694 3411 731 3456 εε
752 3386 971 3456 considerata
996 3384 1131 3475 signifi·
1180 3401 1242 3458 aut
1260 3399 1380 3475 negat,
1407 3387 1588 3476 congruit,
1614 3400 1672 3470 ut,
1697 3388 1788 3479 lapis
1811 3404 1861 3461 est
1885 3393 2013 3482 gravis.
2072 3392 2159 3464 Alia

152 3511 270 3574 catur,
294 3506 335 3562 ut
348 3491 488 3562 albedo.
539 3486 611 3557 Nec
628 3487 700 3557 dici
717 3498 846 3578 potest:
872 3484 1130 3557 Pariesestal·
1180 3488 1353 3570 estsalsa,
1377 3510 1556 3581 quaeare
1573 3486 1748 3562 dissentit.
1797 3489 1869 3563 Sed
1888 3493 2027 3564 omissis
2049 3497 2160 3583 salsis,

151 3599 256 3672 bede.
292 3593 362 3665 Sed
380 3589 594 3660 Concretum
608 3602 660 3659 est
674 3588 905 3674 adiectivum,
930 3586 1132 3676 significans
1181 3588 1375 3682 partiamur
1386 3610 1498 3663 veras.

100 3702 108 3716 '
154 3698 350 3772 subiectum
367 3686 697 3785 habenslormam,
723 3703 764 3761 ut
785 3689 918 3761 album.
970 3687 1047 3758 Hac
1068 3711 1133 3778 ap-
1515 3759 1560 3776 ..
1595 3761 1603 3778 ,
1934 3766 1942 3781 1
2015 3767 2024 3784 .

151 3797 342 3894 pellatione
358 3793 503 3877 utimur,
518 3815 599 3862 cum
614 3789 807 3862 accidentia
823 3790 1033 3860 tribuuntur
1047 3790 1132 3859 sub·
1270 3753 1455 3841 Q¹⁸⁰m⁰d⁰
1482 3754 1666 3829 amdam
1690 3777 1783 3845 ”ela
1802 3756 2072 3850 ΡΜθώῦαῗῑθ2
2091 3812 2096 3817 ·

42 3968 54 3982 ,
155 3901 271 3983 iectis,
294 3895 376 3989 quia
390 3893 511 3964 album
527 3917 602 3962 non
618 3892 791 3983 significat
803 3893 938 3960 nudam
950 3892 1114 3962 formam.
1283 3886 1377 3960 Vera
1392 3890 1608 3982 praedicatio
1622 3905 1683 3962 aut
1700 3905 1752 3962 est
1775 3894 1963 3983 regularis,
1988 3911 2050 3968 aut
2070 3900 2162 3990 figu-

1184 4001 1276 4076 rata,
1300 4003 1341 4062 ut
1355 3990 1534 4065 inusitata.
1584 3990 1773 4082 Regularis
1793 4007 1974 4088 est,‚quae
1997 4004 2163 4090 congruit

1184 4092 1229 4161 ad
1253 4089 1407 4183 aliquem
1437 4094 1584 4162 modum
1608 4116 1648 4163 es
1669 4094 1828 4186 quinque
1853 4098 2163 4186 praedicabilibus,

257 4195 350 4271 Usus
366 4193 547 4288 praecipui
562 4207 646 4266 sunt
664 4207 827 4288 quatuor.
878 4191 1039 4263 Primum
1061 4191 1135 4262 dis-
1184 4193 1221 4262 id
1237 4206 1305 4276 εει,
1330 4191 1393 4262 ubi
1409 4192 1541 4284 species
1556 4194 1600 4262 de
1615 4193 1815 4273 individuo,
1840 4209 1901 4266 aut
1915 4199 1960 4267 de
1975 4201 2092 4289 specie
2106 4205 2165 4272 vel

154 4313 305 4375 cernunt
331 4298 461 4389 gradus
490 4293 745 4366 vocabulorum
775 4295 815 4363 in
843 4293 933 4364 serie
966 4292 1135 4386 cuiusque
1184 4293 1373 4363 individuo
1395 4315 1526 4383 genus,
1549 4306 1612 4364 aut
1630 4295 1849 4377 differentia,
1880 4312 1943 4369 aut
1964 4302 2166 4391 proprium,

74 4386 78 4401 .
153 4396 445 4498 praedicamenti:
488 4396 542 4468 ihi
568 4397 667 4468 velut
686 4394 782 4467 tituli
806 4408 909 4481 snut,
941 4406 975 4466 et
999 4394 1136 4465 indices
1185 4408 1246 4465 aut
1259 4394 1420 4465 accidens
1434 4395 1668 4485 praedicatur.

155 4499 396 4575 communium
414 4512 447 4569 et
462 4492 690 4588 angustarum
707 4520 846 4570 vocum.
1027 4552 1033 4565 .
1286 4493 1455 4585 Figurata
1469 4508 1521 4565 est
1541 4495 1579 4563 in
1601 4516 1762 4576 sermone
1785 4495 1999 4588 improprio,
2024 4501 2090 4570 ubi
2110 4515 2165 4573 ta.

257 4599 439 4683 Secundo,
462 4614 611 4689 prosunt
628 4601 670 4669 ad
686 4596 921 4681 definitiones,
946 4595 1027 4690 quia
1044 4617 1136 4665 sem·
1186 4620 1267 4666 men
1283 4595 1456 4666 sententia
1471 4619 1552 4666 vera
1568 4608 1632 4680 est,
1657 4608 1691 4665 et
1708 4596 1899 4684 significata
1915 4596 2165 4691 similitudine,

154 4727 220 4796 per
244 4700 448 4790 angustiora
472 4701 643 4771 vocabula
675 4699 895 4770 deliniuntur
924 4719 988 4788 per
1017 4697 1136 4790 aliqua
1184 4710 1226 4767 ut
1243 4696 1281 4764 in
1295 4691 1522 4788 metaphora,
1543 4710 1606 4766 aut
1619 4695 1810 4786 significata
1828 4698 2046 4784 continente,
2069 4715 2111 4772 ut
2126 4704 2166 4772 in

156 4801 417 4884 communiora,
443 4814 483 4871 ut
498 4823 561 4892 per
576 4823 709 4890 genus,
731 4812 793 4871 aut
814 4797 1026 4883 accidentia,
1052 4797 1137 4869 item
1186 4793 1417 4893 synecdoche.
1473 4793 1522 4868 Et
1552 4792 1639 4866 haec
1662 4794 1889 4866 doctrina'ex
1911 4796 2165 4872 Grammaticis

156 4929 220 5000 per
236 4900 474 4974 differentiam
489 4913 525 4972 et
541 4901 738 4994 proprium.
1186 4894 1257 4968 huc
1272 4899 1450 4968 afferenda
1462 4910 1524 4967 est.
1547 4895 1760 4987 Congruunt
1773 4909 1888 4966 autem
1906 4899 2072 4986 figuratae
2083 4925 2165 4973 cum

257 5002 405 5088 Tertio,
428 5015 579 5095 prosunt
601 5004 650 5071 ad'
668 5001 876 5073 iudicandas
900 4997 1137 5070 connexiones
1186 5000 1407 5089 regularibus
1430 5012 1465 5069 ει
1485 4996 1793 5089 interpretatione,
1818 5013 1873 5068 ut:
1899 4997 2091 5093 Tyrannus
2114 5017 2166 5074 est

157 5128 303 5189 vocum,
329 5105 454 5190 idest,
480 5103 526 5172 ad
546 5101 758 5192 videndum,
784 5125 874 5195 quae
893 5100 1026 5194 quibus
1046 5113 1138 5170 recte
1186 5101 1310 5192 lupus,
1343 5102 1379 5169 id
1410 5113 1481 5183 est,
1514 5099 1640 5168 similis
1666 5100 1764 5189 lupo.
1822 5097 1918 5168 Haec
1950 5104 2166 5190 praedicatio

96 5194 98 5199 ’
157 5207 258 5296 iungi
273 5205 427 5298 possint,
452 5202 537 5298 quia
551 5227 676 5273 omnes
690 5205 803 5274 iustae
818 5201 1055 5273 connexiones
1076 5223 1138 5271 seu
1188 5202 1352 5291 congruit
1367 5225 1446 5270 cum
1463 5200 1627 5292 regulari,
1654 5202 1735 5293 qnia
1749 5213 1800 5269 εει
1815 5201 2006 5270 accidentis
2023 5205 2066 5272 de
2081 5207 2169 5272 sub-

157 5308 448 5401 praedicationes,
472 5306 665 5376 secundum
682 5306 903 5376 communem
919 5317 1065 5375 naturae
1076 5326 1138 5373 or·
1189 5303 1295 5377 iecto:
1329 5298 1491 5372 Christus
1512 5315 1563 5374 εει
1587 5294 1715 5393 agnus,
1750 5302 1787 5370 id
1810 5315 1881 5389 εει,
1912 5302 2038 5372 similis
2064 5327 2170 5395 agno,

192 4073 298 4155 Quae
316 4071 378 4134 eat
387 4062 539 4147 utilitas
556 4060 748 4135 domairac
762 4056 1097 4155 praedicabilium?
