4538 5754
50 312 57 320 .
120 258 194 337 ast
713 251 842 329 anun
867 249 986 327 Mau
1008 249 1220 329 scutum
1243 247 1547 331 mutatus.
2075 258 2149 335 Μ

40 507 48 518 ,
132 476 135 481 -
203 425 356 501 Daniel
376 427 414 497 in
434 425 517 498 aula
533 447 600 496 nec
613 422 725 495 minis
738 447 804 497 nac
820 437 1021 511 contemtu,
1046 447 1112 495 nee
1266 425 1316 499 Ut
1336 437 1630 497 converterentur
1652 424 1758 496 etiam
1772 423 1909 498 Gentes
1931 428 1976 498 ad
1999 427 2150 518 agnitio·

121 531 302 605 illecelrris
322 529 544 620 uoluptatum
566 538 630 597 aut
652 525 831 617 potentiae
846 527 961 601 victus
976 541 1048 613 ast,
1072 537 1113 597 nt
1162 552 1244 600 nem
1260 524 1341 600 ua.

125 635 329 706 deficereta
350 655 435 701 vero
457 629 565 700 cultu.
624 625 727 699 Hane
743 629 986 700 -constantiam
1006 627 1113 719 pauci
1266 628 1417 721 Propter
1436 623 1502 699 has
1524 640 1640 699 tantas
1663 648 1787 705 causas
1806 628 1980 701 ainana
1997 631 2150 721 ingentis

123 735 334 821 imitantur,
366 734 428 804 sed
454 729 516 824 qui
535 725 723 800 imitantur
743 725 930 805 habebant
951 727 1112 820 ingentia
1164 729 1346 822 proposita
1368 742 1474 814 sunt,
1499 743 1535 801 et
1557 731 1602 801 ad
1624 725 1693 801 hoc
1715 729 1871 805 delectae
1885 745 1969 803 sunt
1984 756 2063 803 non
2077 734 2150 805 vul-

122 836 283 931 prsemis
315 833 512 925 corporalia
545 842 581 902 et
608 830 823 922 spiritualia,
871 831 963 903 sicat
994 830 1113 924 inquit
1164 855 1263 924 geres
1278 854 1468 921 personae,
1493 833 1555 901 sed
1570 856 1632 902 rer
1646 833 1721 923 ipse
1737 845 1771 902 et
1787 832 1978 926 principes.

126 953 257 1013 textus:
285 934 534 1009 Gloribcantes
551 954 606 1003 me
621 931 846 1024 glorificabo,
869 946 934 1004 etc.
1268 931 1322 1003 Ac
1350 947 1390 1004 ut
1418 934 1530 1024 magis
1558 935 1781 1024 perspicuum
1811 933 1930 1017 fieret,
1967 934 2152 1025 religiones

1165 1029 1377 1106 Chaldaicos
1397 1035 1501 1104 falsas
1525 1058 1616 1119 esse,
1641 1033 1763 1105 Unum
1788 1058 1862 1104 esse
1883 1060 2008 1105 verum
2029 1036 2153 1124 Deum,

1166 1138 1227 1231 qui
1254 1136 1404 1207 tradidit
1425 1137 1575 1206 verbum
1599 1136 1733 1228 populo
1750 1132 1877 1222 lsra'e'l,
1905 1139 1984 1210 ideo
2001 1138 2152 1230 primum

1166 1238 1400 1308 confunditur
1417 1239 1589 1330 sapientia
1608 1237 1819 1329 Magorum,
1846 1254 1879 1311 et
1897 1239 2017 1332 patefit
2033 1263 2153 1313 corum

294 1175 349 1261 11.
409 1169 573 1282 Capitis
602 1171 686 1256 looi
708 1170 946 1281 praecipui.

606 1335 636 1413 l.
1167 1340 1330 1433 impietas
1345 1353 1377 1411 et
1394 1339 1551 1411 caecitas.

226 1457 324 1533 Deus
343 1458 477 1531 revelat
497 1456 624 1529 ordine
644 1469 798 1551 quatuor
811 1450 1055 1540 monarchias,
1081 1467 1117 1527 et
1271 1437 1350 1509 ΗΜ
1371 1454 1412 1510 ul
1433 1441 1508 1512 fieri
1531 1454 1668 1532 P⁰⁵⁵012
1693 1437 1790 1556 Deus
1806 1440 1919 1511 voluit
1931 1464 2050 1534 regem
2067 1442 2155 1514 obli·

128 1576 276 1653 testatur
298 1563 338 1632 in
360 1562 430 1631 line
452 1558 581 1631 mundi
602 1571 793 1628 venturum
814 1579 964 1647 regnum
984 1557 1116 1649 sempi.
1168 1541 1258 1612 visci
1279 1541 1430 1631 somnii,
1457 1555 1491 1613 et
1514 1555 1631 1612 tamen
1648 1543 1728 1611 talrs
1744 1540 1811 1612 luit
1826 1545 2068 1617 consternatio
2081 1544 2155 1615 ani·

128 1648 272 1740 ternum
288 1663 518 1747 Sanctorum,
543 1658 605 1755 qui
619 1657 736 1730 Deum
750 1682 833 1728 vere
847 1659 1044 1744 coluerunt,
1168 1642 1219 1712 mi
1249 1657 1284 1713 et
1312 1640 1482 1724 ἔκστασις
1513 1642 1551 1711 in
1583 1666 1624 1711 eo
1655 1643 1814 1728 somnio,
1846 1659 1886 1716 ut
1914 1647 2065 1717 senserit
2087 1668 2155 1717 esse

230 1765 275 1838 ln
296 1760 363 1836 hac
379 1762 594 1834 revelatione
611 1761 767 1853 primurn
785 1761 917 1852 populo
935 1759 1116 1852 proposita
1169 1746 1347 1839 quandam
1362 1745 1520 1814 divinam
1535 1743 1829 1816 admonitionem.
1884 1744 2155 1820 ldeotamdura

128 1884 182 1941 est
202 1865 398 1939 consolatio
422 1878 456 1936 et
476 1864 648 1939 doctrina.
698 1859 878 1932 Videbant
900 1885 937 1932 se
961 1884 1037 1932 non
1053 1864 1116 1930 de·
1168 1845 1281 1964 edicit
1307 1845 1495 1939 proponit,
1528 1843 1692 1916 Minatur
1713 1860 1863 1917 “mrtem
1887 1848 2155 1930 t⁰ni⁸tl⁰rlb⁰⁸r

128 1985 240 2044 sertos
263 1991 337 2039 esse
356 1991 376 2037 a
394 1964 490 2052 Deo,
515 1990 595 2038 curn
610 1959 790 2035 habebant
803 1958 1001 2055 Prophetas
1017 1964 1116 2048 tales,
1168 1946 1239 2017 11381
1256 1947 1372 2038 ilatum
1388 1946 1566 2017 ⁸0msslum
1584 1959 1742 2065 narrent·

128 2073 244 2169 qualis
269 2069 338 2142 luit
351 2066 492 2142 Daniel.
539 2066 733 2138 Discebant
757 2064 863 2136 etiam
888 2065 1031 2156 quando
1057 2088 1116 2134 ex·
1272 2045 1328 2118 El*
1349 2042 1459 2143 habel
1482 2048 1702 2139 probabllem
1726 2048 1915 2119 talionem·
1982 2048 2023 2121 Si
2052 2052 2155 2124 iuter·

127 2174 301 2267 pectanda
330 2191 404 2242 esse
432 2170 494 2239 illa
524 2180 693 2261 perpetua
721 2166 834 2256 gloria
859 2166 1032 2259 promissa
1054 2189 1118 2259 pa.
1170 2148 1386 2243 pretationes
1410 2148 1583 2219 divinitus
1606 2163 1866 2236 monstrantur,
1892 2165 1932 2222 ut
1954 2150 2155 2226 iactitabant

128 2277 258 2350 tribur,
1170 2250 1403 2336 coniectores,
1429 2263 1545 2342 potest
1568 2249 1742 2320 divinitus
1765 2254 1957 2322 monstrari
1983 2278 2059 2323 non
2083 2267 2155 2325 tan·

229 2372 371 2448 Deinde
391 2394 452 2443 rex
473 2384 509 2444 et
526 2369 587 2440 alii
601 2365 861 2441 multilithnici
874 2365 942 2441 hac
956 2370 1117 2442 doctrina
1170 2367 1247 2424 ²¹¹¹ss
1279 2351 1562 2471 lsslfflprelflfiffi·
1587 2353 1647 2419 ted
1679 2351 1783 2421 eliam
1817 2353 1947 2472 imum·
1966 2355 2153 2427 somnium.

129 2474 304 2551 admoniti
329 2487 430 2560 sunt,
461 2484 502 2543 ut
521 2486 752 2563 agnoscerent
773 2495 896 2543 verum
919 2473 1059 2560 Deum,
1084 2484 1120 2542 et
1170 2453 1211 2526 Si
1235 2477 1320 2523 vcro
1343 2465 1587 2544 interpretatio
1610 2465 1661 2521 est
1688 2448 1843 2523 humana
1865 2469 2089 2542 coniectura,
2127 2471 2154 2528 ct

129 2578 427 2673 amplecterentur
440 2596 543 2645 veros
558 2574 674 2646 cultus
691 2587 725 2647 et
740 2575 888 2646 verbum
904 2570 985 2648 Dei.
1171 2578 1244 2626 uon
1261 2554 1495 2674 proficiscitur
1511 2576 1532 2624 a
1546 2551 1643 2639 Deo,
1670 2566 1721 2622 est
1736 2555 1907 2673 ambigna
1918 2571 1952 2627 et
1969 2556 2093 2677 fallar:

600 2719 648 2797 ll.
691 2676 694 2680 -
1273 2652 1388 2745 Εῐὲθ,
1413 2678 1497 2750 qula
1521 2679 1595 2724 non
1618 2668 1767 2747 possunt
1791 2679 1947 2746 reperire
1970 2682 2155 2743 sommum,
2193 2670 2195 2699 ²

1172 2768 1206 2828 'et
1228 2755 1358 2828 Daniel
1381 2754 1531 2848 reperit,
1575 2769 1712 2826 constat
1738 2751 2002 2827 Chaldaeorum
2030 2760 2155 2831 doctri·

232 2843 466 2938 Effll’luma
503 2845 600 2938 llu⁰d
631 2855 779 2914 imam?
809 2840 925 2914 Deum
953 2842 1120 2913 ‘nudis‘
1171 2882 1254 2929 nam
1277 2881 1353 2927 non
1376 2879 1451 2928 csse
1473 2881 1493 2927 a
1515 2854 1610 2936 Deo,
1637 2858 1698 2927 sed
1721 2855 1882 2928 Danielis
1903 2860 2104 2932 doctrinam
2126 2875 2156 2932 et

132 2953 230 3044 Ρίθδ,
278 2961 313 3021 Gi
339 2950 426 3020 (isse
456 2945 657 3041 peielliibu!
690 2946 804 3031 dona,
843 2942 1054 3036 SdpieDiidm
1086 2958 1121 3014 Gi
1172 2960 1381 3051 religionem
1399 2983 1418 3028 a
1434 2957 1511 3028 Deo
1527 2958 1693 3029 [raditam
1712 2966 1806 3029 εὕδῃ
2120 3030 2124 3035 Ι

130 3053 200 3126 alia
220 3054 324 3126 bous-
1273 3060 1326 3132 lta
1347 3060 1503 3151 primum
1525 3058 1726 3131 ostenditur
1740 3060 2003 3146 testimonium,
2030 3063 2155 3135 doctri-

594 3193 659 3268 ΠΙ.
1171 3187 1255 3233 nam
1284 3176 1319 3233 et
1342 3161 1531 3249 religiones
1552 3156 1763 3232 Chaldaicas
1790 3161 1895 3232 salsas
1921 3177 1956 3233 et
1977 3165 2155 3236 ementitas

1154 3270 1266 3349 esse,
1298 3264 1389 3333 sicut
1419 3263 1459 3330 iu
1490 3263 1653 3355 Aegypto
1685 3262 1839 3332 convicti
1868 3278 1952 3334 sunt
1981 3260 2083 3354 Magi
2098 3277 2155 3335 etc.

1173 3365 1233 3438 Sic
1260 3364 1509 3436 universaliter
1533 3363 1572 3432 in
1596 3363 1812 3435 revelatione
1834 3361 2025 3456 Evangelii
2049 3366 2156 3457 arguit

1172 3464 1270 3540 Deus
1287 3466 1501 3536 contrariam
1514 3465 1726 3534 doctrinam.

581 3563 668 3638 llll.
1276 3563 1330 3638 De
1352 3565 1493 3637 somnio
1514 3566 1671 3636 breviter
1687 3567 1787 3650 dico,
1814 3562 1891 3633 lllis
1907 3567 2058 3639 somniis
2070 3582 2155 3640 certo

234 3689 465 3775 admonitio,
491 3687 586 3782 quod
599 3684 753 3776 imperia
769 3683 942 3777 paulatim
959 3698 1065 3756 mant
1082 3684 1121 3755 in
1174 3670 1390 3741 credendum
1418 3690 1512 3752 esse,
1552 3667 1684 3760 quibus
1706 3665 1804 3737 Deus
1827 3667 1888 3737 dat
1909 3668 2157 3765 testimoninm,

133 3795 300 3869 deterius.
364 3790 565 3862 Posteriora
593 3787 745 3860 subinde
776 3788 887 3878 magis
917 3787 1123 3860 turbulenta
1174 3772 1270 3867 quod
1293 3769 1366 3841 sint
1382 3767 1557 3839 divinitus
1572 3782 1732 3852 ostensa,
1771 3768 1861 3838 sicut
1875 3761 1935 3839 hic
1950 3770 2157 3844 miraculum

135 3910 262 3982 erunt,
301 3906 334 3964 et
364 3894 484 3966 miuus
514 3894 624 3972 iusta,
659 3889 751 3961 sicut
771 3886 977 3961 Romanum
1008 3890 1123 3960 multo
1174 3871 1304 3963 reperti
1319 3869 1452 3941 somnii
1467 3882 1616 3940 testatur
1630 3862 1699 3939 hoc
1715 3868 2104 3957 somniumaDeoesse,
2125 3884 2159 3943 et

135 4000 204 4072 luit
219 3996 376 4093 asperius
392 4019 496 4090 quam
513 3991 707 4064 Persicum.
1174 3973 1272 4044 Deus
1277 3971 1378 4143 1plilpi
1392 3971 1496 4142 ali'tner
1509 3954 1669 4144 retddidlip
1685 3987 1796 4141 certlas
1809 3971 2055 4144 ponscipntias.
2080 4074 2090 4095 ·
2183 4078 2186 4083 .

1670 4098 1687 4140 a
1718 4098 1729 4140 l
1830 4097 1845 4140 C

375 4246 379 4262 ,
604 4139 651 4213 V·
1176 4175 1252 4269 ipse
1275 4095 1539 4266 iniirbiimtiil
1553 4097 1610 4243 dil
1619 4096 1773 4267 quaihbr
1789 4096 2158 4260 inchribbhiiiimbltmdi

239 4264 520 4348 T0⁸li¹⁰⁰¹¹31¹ms
567 4262 665 4354 ‘1⁰⁰⁶
699 4258 800 4331 '5⁰²³‘
831 4258 973 4333 3³¹¹&ss
1003 4284 1124 4352 801'012
1176 4300 1285 4368 regno
1311 4289 1481 4368 perpetuo
1496 4270 1643 4350 Christi,
1685 4272 1780 4346 Haec
1796 4277 1972 4347 enarratio
1996 4288 2160 4349 nontan·

85 4419 89 4427 ·
137 4371 379 4464 magistratus,
412 4364 496 4459 quia
512 4359 641 4434 Daniel
663 4358 722 4435 hic
739 4362 906 4456 impelffl
921 4362 1026 4437 ”⁰53⁸
1040 4387 1124 4458 Pro·
1177 4394 1253 4451 tum
1284 4390 1336 4449 est
1358 4377 1502 4469 politica
1524 4377 1569 4445 de
1594 4376 1773 4468 imperiis,
1806 4378 1996 4447 sedetiam
2022 4379 2160 4471 praebet

137 4474 283 4548 vincias.
1177 4480 1395 4551 occasionem
1422 4474 1568 4549 Danieli
1605 4477 1843 4548 concionandi
1874 4481 1918 4549 de
1950 4493 2026 4553 toto
2056 4503 2158 4572 regno

1176 4575 1332 4671 Christi,
1363 4581 1409 4649 de
1430 4577 1626 4650 novissimo
1648 4580 1801 4664 iudicio,
1827 4581 1871 4650 dc
1894 4605 1998 4653 causa
2023 4581 2161 4674 peccati,

512 4652 573 4726 00
597 4657 629 4726 Ῑ·
655 4652 748 4725 0000·
1177 4685 1222 4753 de
1254 4681 1473 4753 redemtione
1503 4696 1538 4752 et
1565 4672 1823 4753 instauratione
1846 4675 1997 4752 hnmani
2018 4683 2161 4774 generis

242 4790 378 4864 Totum
406 4781 476 4859 hoc
504 4786 725 4857 miraculum·
741 4778 940 4855 exhibitum
965 4797 1019 4856 est
1040 4809 1126 4880 pro-
1178 4784 1254 4856 Cur
1277 4782 1323 4856 sit
1344 4796 1444 4855 tanta
1466 4782 1593 4853 mundi
1612 4782 1782 4870 brevitas,
1809 4782 1925 4872 Quale
1942 4783 1991 4857 sit
2006 4785 2160 4859 futurum

138 4912 218 4994 pter
232 4905 385 4990 quatuor
400 4911 532 4963 causas·
1177 4898 1387 4983 perpetuum
1416 4906 1586 4982 reguum,
1626 4880 1755 4955 Utrum
1786 4884 1825 4955 in
1856 4878 1923 4956 hac
1946 4899 2077 4959 natura
2100 4888 2161 4958 im·

240 4991 335 5088 Quis
350 4991 449 5066 Deus
469 4985 589 5064 testari
604 4987 718 5061 voluit
730 4987 847 5059 solum
859 4985 1044 5059 Iudaicum
1059 5011 1126 5081 po·
1178 4989 1312 5061 munda
1336 4986 1391 5057 vel
1418 4984 1504 5056 alia:
1531 4981 1658 5072 Qualis
1672 4985 1719 5056 sit
1733 4986 1876 5058 tuturus
1890 4983 2111 5076 Redemtor‚
2134 4999 2162 5059 et

138 5104 264 5201 pulum
281 5095 412 5169 habere
427 5093 578 5163 verbum
593 5089 683 5176 Dei,
711 5103 747 5161 et
759 5112 863 5160 veros
878 5088 1006 5162 cultus.
1177 5091 1359 5185 quomodo
1381 5086 1426 5157 ad
1451 5081 1520 5156 hoc
1541 5109 1691 5176 regnum
1714 5089 1951 5178 perveniatur.
2006 5088 2060 5162 lta
2085 5086 2162 5160 hacc

242 5200 290 5274 Ut
305 5194 429 5270 ludaei
445 5188 920 5265 haberentconsolationem.
1178 5192 1295 5264 brevis
1327 5187 1484 5260 narratio
1506 5189 1752 5279 complectitur
1773 5214 1947 5260 summam
1970 5186 2163 5284 Evangelii.

240 5299 289 5373 Ut
318 5299 363 5368 de
394 5310 552 5390 tempore
577 5295 717 5367 venturi
747 5292 848 5384 regui
869 5293 1031 5387 perpetui
1061 5295 1126 5365 ad·
1179 5293 1265 5365 ldeo
1287 5315 1362 5362 non
1379 5300 1519 5362 tanturn
1534 5285 1593 5361 hic
1609 5290 1757 5383 politica
1771 5293 1933 5365 doctriua
1951 5294 2165 5377 observetur,

122 5415 376 5472 monerentun
679 5424 689 5433 ·
1178 5397 1240 5475 sed
1256 5392 1369 5473 multo
1385 5391 1498 5483 magis
1512 5393 1726 5483 evangelica.

233 3319 518 3402 Testimonium,
549 3317 645 3409 quod
667 3311 816 3405 imperia
839 3311 1013 3386 divinitus
1033 3337 1120 3386 con-

132 3428 336 3502 stituantur·
