4538 5754
116 247 191 324 469
208 288 218 337 5
345 234 556 314 scalpta
585 237 658 309 ΡΗ.
684 234 810 315 MEL..
825 236 896 313 ΑΒ
921 239 1048 315 lllST.
1074 238 1221 321 PROF.
1243 241 1313 316 Et
1338 182 1531 320 Pullos,
1563 239 1887 316 senercurte.
2065 237 2146 312 400

905 528 1049 590 ornan
1088 529 1353 592 secuunus.

771 676 868 763 lle
958 677 1481 764 ltllooutione.

122 901 374 988 luventiouem
409 933 449 979 ac
476 907 746 1000 dispositionem
777 910 937 1003 sequitur
969 910 1008 980 in
1034 925 1109 983 arte
1160 915 1252 983 dam.
1288 911 1348 984 An
1363 913 1427 1005 qui
1442 915 1487 982 de
1501 913 1733 1004 religionibus
1746 927 1808 985 aut
1825 914 1869 983 de
1884 913 2002 1002 legum
2018 925 2053 981 et
2068 933 2146 980 ma·

124 1017 306 1093 Elocutio.
357 1011 477 1083 Prima
500 1011 596 1080 enirn
619 1011 663 1079 de
685 1010 792 1080 rebus
813 1012 1023 1083 deliberatio
1047 1029 1110 1098 est,
1160 1014 1370 1104 gistratuum
1393 1015 1567 1105 dignitate
1589 1016 1715 1104 vulgus
1738 1018 1859 1100 docet,
1886 1038 1961 1084 non
1984 1011 2146 1085 studebit

126 1144 218 1216 quae
238 1140 319 1188 cum
342 1112 555 1202 excogitatae
576 1123 681 1204 atque
705 1112 869 1183 inventae
891 1129 993 1196 sunt,
1018 1116 1109 1185 deli-
1160 1117 1315 1200 efficere,
1338 1117 1568 1205 grandisono
1582 1115 1773 1200 orationis,
1798 1129 1840 1186 ut
1858 1111 1925 1185 hae
1948 1137 2003 1185 res
2026 1128 2146 1184 tantae

126 1223 327 1294 herandum
341 1227 414 1299 est,
440 1238 511 1308 quo
529 1214 655 1283 ordine
669 1213 742 1282 sint
755 1215 993 1306 explicandae.
1030 1215 1111 1287 Ma-
1161 1219 1351 1288 videantur
1364 1219 1444 1289 aliis
1461 1241 1549 1304 esse,
1570 1232 1725 1311 quantae
1740 1241 1780 1287 re
1794 1219 1869 1309 ipsa
1889 1229 1983 1290 suut.
2023 1212 2146 1287 Picto-

126 1347 197 1416 gna
214 1321 311 1391 enirn
325 1318 379 1386 vis
392 1330 444 1402 est
460 1315 616 1405 ordinis,
642 1338 722 1384 curn
744 1316 783 1383 in
804 1316 884 1384 aliis
906 1318 1012 1388 rebus
1034 1333 1110 1390 tum
1162 1342 1217 1389 res
1230 1319 1388 1390 efficiunt
1401 1333 1442 1392 ut
1456 1321 1526 1389 alia
1541 1320 1729 1390 videantur
1744 1314 1954 1397 humiliora,
1980 1316 2050 1386 alia
2068 1339 2146 1384 ma·

128 1424 280 1494 maxime
295 1421 335 1489 in
349 1419 520 1502 docendo,
541 1429 577 1486 et
593 1418 689 1509 quod
705 1417 743 1485 in
757 1411 977 1488 Oeconomia
991 1418 1111 1490 Xeno-
1162 1423 1215 1510 gis
1229 1421 1439 1500 emineant,
1452 1435 1487 1492 et
1501 1420 1573 1491 sint
1587 1420 1809 1504 excitatiora,
1830 1433 1964 1511 quanto
1979 1417 2092 1506 magis
2106 1417 2146 1485 in

127 1521 229 1619 phon
252 1521 374 1593 scribit
398 1512 509 1590 οὐδὲν
534 1516 652 1598 οὕτως
680 1515 765 1589 οὔτε
793 1515 997 1612 εὐχρήστον
1028 1520 1113 1593 οὔτε
1162 1522 1313 1592 dicendo
1330 1523 1423 1592 idern
1437 1522 1639 1593 laciendum
1656 1534 1726 1605 est,
1751 1545 1830 1591 cum
1846 1524 1938 1589 bona
1956 1541 2039 1610 pars
2053 1519 2147 1587 vitae

128 1621 245 1700 καλὸν
274 1614 491 1716 ἀνθρώποις
519 1615 569 1700 ὡς
594 1614 618 1711 ἡ
647 1611 766 1703 τάξις,
801 1615 869 1690 boc
891 1623 928 1691 in
952 1625 1113 1695 oratione
1163 1637 1304 1713 regatur
1319 1623 1497 1707 oratione,
1522 1637 1557 1694 et
1578 1646 1681 1715 saepe
1702 1625 1746 1692 de
1767 1621 1930 1692 maximis
1951 1621 2057 1691 rebus
2079 1614 2147 1689 ho-

128 1728 280 1799 maxime
304 1724 401 1794 cerni
425 1735 559 1814 potest,
590 1744 697 1814 qnae,
721 1721 753 1790 si
775 1723 881 1791 rebus
901 1727 990 1794 ordo
1013 1726 1114 1809 desit,
1164 1727 1277 1795 mines
1299 1725 1454 1795 docendi
1473 1726 1556 1796 sint.
1610 1723 1729 1812 Quid,
1756 1725 1854 1816 quod
1880 1723 1956 1805 illi,
1982 1721 2044 1815 qui
2070 1743 2147 1789 rna·

131 1828 338 1921 simpliciter
356 1837 407 1894 est
424 1825 500 1893 sine
514 1835 631 1892 mente
645 1845 765 1892 sonus.
799 1823 924 1918 Neque
938 1850 1022 1898 vero
1039 1850 1113 1897 non
1164 1826 1256 1896 xime
1271 1839 1503 1897 contemnunt
1518 1821 1733 1910 rhetoricen,
1757 1839 1875 1896 tamen
1894 1823 2060 1893 affectant
2078 1817 2147 1891 hu·

131 1944 250 2002 extant
265 1927 376 1998 multa
393 1921 597 1994 huiusmodi
613 1925 1115 2016 conluseetperturbatescri·
1166 1929 1221 1998 ius
1238 1929 1325 1998 artis
1339 1929 1492 2001 laudem.
1543 1926 1647 2016 Cogit
1669 1928 1764 1996 enim
1788 1948 1848 1995 ens
1869 1937 1995 1995 natura
2015 1945 2150 2005 rerum,

132 2047 213 2125 pta,
238 2032 311 2100 fere
330 2029 368 2097 in
384 2026 551 2096 omnibus
566 2026 720 2106 artibus,
747 2051 838 2118 quae
861 2042 1034 2120 quantum
1060 2051 1114 2099 re-
1165 2042 1206 2099 ut
1221 2030 1340 2100 verbis
1360 2030 1538 2099 illustrare
1561 2042 1622 2099 aut
1641 2029 1856 2119 amplificare
1876 2050 1935 2110 ea,
1961 2047 2051 2117 quae
2074 2038 2149 2093 tra·

131 2146 318 2205 morentur
339 2130 534 2210 discentes,
569 2152 644 2196 non
666 2141 720 2198 est
740 2130 943 2204 obscurum.
994 2128 1116 2200 Tertia
1167 2143 1280 2213 ctant,
1305 2144 1490 2201 conentur.
1541 2129 1611 2200 Hic
1628 2153 1731 2208 vero,
1755 2151 1861 2222 quam
1883 2129 2001 2217 inepte
2022 2118 2149 2193 rheto-

132 2233 341 2308 deliberatio
376 2233 420 2300 de
456 2229 574 2299 verbis
597 2241 668 2312 est,
699 2253 770 2319 quo
791 2253 918 2318 genere
944 2232 1117 2301 orationis
1168 2233 1343 2313 ricantur,
1370 2245 1503 2323 quanto
1516 2231 1678 2300 foelicius
1694 2224 1762 2298 hoc
1784 2231 1959 2311 facerent,
1983 2226 2014 2297 si
2034 2240 2148 2295 actem

131 2360 189 2408 res
209 2362 229 2407 a
252 2332 357 2404 nobis
383 2332 612 2419 excogitatae,
646 2334 873 2419 exponendae
903 2345 1008 2424 atque
1033 2333 1117 2402 illu·
1168 2332 1492 2424 aprudentissirnis
1512 2327 1719 2402 hominibus
1742 2332 1786 2399 ad
1813 2354 1893 2398 eum
1913 2351 2018 2398 usum
2034 2326 2150 2396 tradi·

133 2441 297 2509 strandae
314 2436 397 2505 sint.
446 2429 512 2501 Est
527 2432 645 2523 itaque
661 2433 832 2515 elocutio,
855 2456 945 2526 quae
960 2433 1117 2505 dilucida
1170 2448 1239 2504 tam
1253 2429 1475 2505 adhiberent.
1505 2434 1598 2505 Acsi
1618 2445 1757 2503 tantum
1773 2432 1936 2522 voluptas
1949 2442 2151 2521 captaretur

134 2554 170 2611 et
185 2537 368 2630 perspicua
385 2534 545 2604 oratione
556 2554 610 2601 res
626 2533 782 2622 exponit.
808 2532 932 2627 Neque
947 2558 1030 2605 vero
1046 2536 1117 2604 mi·
1168 2559 1211 2605 es
1232 2531 1300 2603 hoc
1321 2536 1458 2619 studio,
1483 2549 1603 2605 tamen
1624 2545 1713 2603 esset
1734 2554 1790 2601 res
1806 2532 1982 2614 liberalis,
2006 2553 2047 2600 ac
2072 2552 2150 2597 ma·

134 2664 204 2711 nus
228 2640 267 2708 in
290 2632 356 2706 hac
380 2649 496 2727 parte,
521 2656 629 2726 quam
650 2632 688 2701 in
703 2635 849 2705 caeteris
862 2636 1116 2706 elaborandum
1168 2638 1262 2705 xime
1277 2637 1383 2723 digna
1397 2632 1543 2706 homine
1556 2637 1647 2705 bene
1660 2635 1801 2704 dicendi
1820 2657 1916 2706 curn.
1966 2630 2077 2703 Nulla
2094 2651 2150 2699 rea

135 2756 199 2816 est.
249 2738 339 2810 Nam
356 2760 413 2807 res
426 2737 503 2806 sine
517 2734 653 2805 lumine
668 2736 859 2806 verborum
875 2737 1029 2828 intelligi
1051 2761 1118 2808 ne·
1170 2739 1276 2820 enirn,
1302 2738 1423 2807 nullus
1438 2739 1565 2821 cultus,
1578 2738 1690 2825 magis
1706 2748 1810 2807 ornat
1829 2732 2025 2817 hominem,
2041 2754 2149 2824 quarn

136 2854 295 2938 queunt,
324 2863 433 2933 quare
454 2836 559 2908 initio
583 2831 690 2908 huius
712 2838 828 2928 operis
852 2863 952 2909 error
972 2842 1117 2911 illorum
1169 2838 1287 2911 suavis
1302 2841 1429 2909 oratio.
1479 2838 1603 2931 Neque
1625 2838 1758 2907 musica
1781 2838 1921 2906 dulcior
1941 2848 2003 2904 aut
2021 2835 2150 2903 iucun-

134 2938 449 3037 reprehendendns
473 2953 542 3023 est,
567 2938 629 3032 qui
654 2952 887 3010 contemnunt
909 2941 1119 3012 elocutionis
1170 2942 1250 3012 dior
1263 2941 1422 3024 auribus,
1445 2957 1507 3012 aut
1523 2954 1641 3010 mente
1658 2939 1789 3030 percipi
1806 2939 1878 3006 ulla
1891 2949 2019 3028 potest,
2041 2957 2150 3028 quarn

135 3057 334 3140 praecepta,
353 3057 387 3113 et
403 3042 491 3113 lalso
507 3040 728 3113 arbitrantur
737 3043 929 3134 eloquendi
945 3045 1117 3115 rationem
1170 3042 1364 3136 aequabilis
1385 3043 1517 3126 oratio,
1548 3057 1711 3112 constans
1735 3040 1839 3110 bonis
1862 3039 1980 3108 verbis
2003 3060 2044 3107 ac
2068 3057 2152 3103 sen·

135 3172 211 3219 non
228 3145 442 3217 necessitatis
457 3167 578 3227 causa,
602 3146 661 3212 sed
682 3144 726 3213 ad
745 3145 888 3214 inanem
911 3145 1120 3216 ostentatio·
1169 3143 1302 3216 tentiis.
1335 3141 1468 3234 Quare,
1493 3145 1521 3212 si
1538 3168 1645 3237 quern
1659 3142 1758 3211 nulla
1775 3144 1955 3231 voluptate
1972 3138 2053 3208 talis
2070 3159 2153 3204 ora-

138 3274 221 3319 nem
252 3248 479 3336 excogitatam
504 3267 588 3316 esse.
646 3243 716 3314 Hic
746 3269 846 3315 error
872 3246 911 3315 in
934 3271 1035 3317 causa
1059 3261 1120 3330 est,
1170 3247 1219 3315 tio
1233 3247 1361 3329 allicit,
1386 3246 1416 3314 is
1432 3248 1538 3334 longe
1554 3271 1573 3313 a
1590 3259 1715 3314 natura
1736 3239 1895 3312 hominis
1913 3236 2152 3329 degeneravit.

137 3373 247 3444 quare
271 3362 306 3418 et
328 3349 414 3416 olim
439 3345 583 3414 dicendi
604 3347 722 3415 studia
744 3346 944 3417 intermissa
964 3349 1054 3432 sint,
1086 3360 1121 3417 et
1174 3346 1361 3415 verissima
1388 3362 1473 3418 sunt
1497 3370 1587 3440 quae
1606 3347 1707 3423 dico,
1747 3357 1782 3414 et
1805 3345 1990 3413 ostendere
2013 3363 2153 3431 possem

137 3473 235 3521 nunc
265 3448 508 3538 negligantur,
541 3469 610 3538 qua
635 3471 676 3517 ex
698 3469 736 3517 re
758 3448 896 3518 infinita
928 3451 1120 3520 extiterunt
1171 3450 1327 3541 exempla
1344 3444 1550 3528 hominum,
1576 3449 1638 3541 qui
1653 3441 1740 3514 haec
1764 3447 1882 3516 studia
1907 3453 2155 3522 contemnunt,

139 3552 376 3624 incommoda.
433 3546 626 3640 Postquam
656 3548 753 3618 enim
770 3550 917 3619 dicendi
941 3553 1034 3622 ratio
1056 3575 1120 3619 ne-
1172 3574 1323 3644 quurum
1347 3551 1414 3626 ieri
1437 3574 1553 3620 mores
1571 3549 1784 3633 ostendunt,
1818 3560 1991 3641 quantum
2014 3545 2061 3613 ab
2082 3536 2153 3612 hu·

140 3654 251 3744 glecta
274 3663 344 3737 est,
370 3661 461 3721 artes
485 3670 610 3718 omnes
632 3651 775 3721 confuse
798 3667 832 3723 et
856 3654 1004 3724 obscure
1027 3653 1120 3724 tradi
1172 3652 1339 3721 munitate
1364 3654 1494 3726 absint.
1554 3648 1607 3721 Ac
1631 3650 1699 3719 nisi
1724 3653 1870 3738 longum
1894 3661 2000 3729 esset,
2031 3658 2155 3715 osten·

140 3767 330 3845 ceperunt,
354 3751 438 3845 quia
452 3751 585 3842 percipi
608 3775 663 3822 res
685 3767 885 3846 nequeunt,
910 3756 979 3824 nisi
1004 3755 1122 3826 verbis
1172 3756 1290 3823 derem
1307 3754 1469 3844 pluribus
1485 3753 1603 3822 verbis
1619 3749 1704 3821 haec
1725 3752 1840 3821 studia
1864 3749 2049 3819 faciendae
2070 3768 2154 3816 ora-

140 3854 317 3945 expositae
338 3854 689 3943 significantibus-ac
718 3857 823 3929 notis.
883 3856 942 3927 Ad
967 3853 1052 3926 haec
1073 3857 1120 3927 ita
1173 3855 1299 3937 tionis,
1324 3877 1440 3925 mores
1456 3857 1603 3925 reddere
1619 3853 1789 3923 mitiores.
1841 3850 1910 3922 Sed
1939 3846 2025 3918 haec
2047 3870 2155 3918 enco-

140 3956 329 4029 coniuncta
346 3951 433 4024 haec
447 3968 530 4025 sunt
546 3968 693 4041 natura,
717 3971 759 4027 ut
781 3958 845 4050 qui
864 3958 902 4037 in
924 3959 1123 4029 elocutione
1159 3957 1243 4040 ruia
1259 3956 1366 4048 artis,
1390 3972 1517 4048 putant
1531 3956 1648 4049 aliqui.
1659 3957 1697 4023 in
1711 3951 1841 4025 scholis
1856 3952 1968 4038 magis
1991 3973 2033 4019 ex
2056 3970 2167 4018 ruore·

141 4059 358 4148 negligentes
373 4069 475 4138 sunt,
499 4057 613 4126 multo
628 4057 699 4127 sint
712 4060 749 4126 in
766 4060 997 4150 dispositione
1009 4060 1122 4149 negli-
1174 4056 1263 4142 dici,
1286 4081 1391 4150 quarn
1406 4062 1502 4153 quod
1518 4083 1576 4129 res
1590 4060 1640 4128 ita
1659 4082 1695 4126 se
1715 4052 1855 4127 habeat.
1909 4052 2041 4121 Verum
2066 4050 2155 4119 olim

141 4161 328 4253 gentiores.
379 4154 428 4228 Et
443 4157 525 4249 quia
541 4158 713 4227 rationem
730 4160 901 4252 loquendi
918 4186 992 4230 non
1009 4176 1121 4233 atten-
1176 4161 1269 4229 inter
1284 4161 1358 4250 ipsa
1382 4163 1527 4252 negocia
1548 4159 1770 4250 comperietis
1791 4155 1854 4227 has
1876 4156 2000 4224 landes
2024 4146 2154 4220 harum

142 4266 253 4348 dunt,
277 4283 380 4353 saepe
400 4258 439 4327 in
461 4259 566 4329 rebus
592 4259 810 4345 iudicandis,
832 4286 921 4355 quae
947 4288 1021 4333 non
1041 4287 1123 4352 per·
1175 4263 1321 4341 artium,
1348 4287 1423 4333 uon
1437 4287 1509 4334 esse
1523 4276 1654 4332 temere
1670 4260 1844 4328 confictas.
1888 4257 1942 4325 Ac
1958 4266 1999 4324 ut
2012 4255 2154 4322 redeam

144 4364 234 4459 spici
252 4376 419 4454 possunt,
446 4359 517 4430 nisi
533 4361 673 4449 cognito
689 4385 816 4451 genere
829 4367 1018 4447 orationis,
1046 4362 1125 4435 hal·
1176 4366 1271 4434 unde
1286 4366 1463 4454 digressus
1478 4387 1578 4443 sum,
1604 4361 1644 4432 Si
1664 4373 1800 4430 tantum
1817 4355 1993 4447 voluptati
2007 4355 2157 4424 serviret

143 4465 359 4536 l'ucinantur.
411 4461 451 4533 si
467 4463 549 4556 quis
573 4464 685 4547 volet,
712 4479 826 4536 sumat
847 4469 1003 4558 exempla
1026 4468 1124 4537 vela
1176 4466 1346 4547 elocutio,
1371 4481 1489 4536 tamen
1505 4488 1579 4535 non
1598 4476 1687 4533 esset
1708 4458 1926 4552 negligenda
1941 4473 2012 4526 tam
2036 4454 2157 4525 suavis

144 4562 337 4653 Theologis
352 4564 441 4633 vela
458 4566 740 4650 Iurisconsultis‚
767 4582 851 4640 sunt
872 4571 967 4638 enirn
992 4570 1125 4660 ubique
1176 4568 1319 4647 mttsica.
1372 4565 1678 4637 Nuncutceterae
1698 4581 1789 4635 artes
1812 4563 1969 4653 primurn
1990 4559 2157 4627 inventae

144 4665 262 4736 obvia.
297 4663 416 4752 Quare
431 4667 479 4735 ita
495 4668 717 4739 sentiendum
732 4683 797 4753 est,
811 4684 921 4740 totam
936 4671 1125 4764 eloquendi
1175 4682 1278 4749 sunt,
1304 4682 1451 4762 propter
1473 4667 1688 4738 necessarios
1707 4688 1811 4746 usus,
1835 4686 1939 4733 usum
1961 4674 2078 4730 autem
2101 4682 2157 4726 se-

144 4768 318 4837 rationem
336 4768 550 4836 necessitatis
566 4793 666 4841 causa
680 4771 907 4860 excogitatam
926 4795 1018 4858 esse,
1041 4772 1125 4865 quia
1176 4770 1469 4842 cutaestalicuhi
1491 4771 1664 4859 voluptas.
1718 4765 1769 4836 lta
1790 4762 1883 4835 hanc
1905 4778 2016 4833 artem
2040 4758 2160 4848 coegit

146 4885 249 4939 certo
265 4889 391 4957 genere
413 4870 584 4939 orationis
608 4896 696 4963 opus
722 4887 792 4958 est,
833 4876 877 4943 ad
902 4874 1126 4963 explicandas
1176 4872 1279 4941 initio
1297 4897 1465 4966 quaerere
1482 4871 1689 4953 necessitas,
1712 4868 1899 4939 eratenim
1926 4877 2061 4934 certum
2081 4881 2159 4928 ser-

146 4971 348 5039 animorum
361 4970 601 5058 cogitationes.
643 4973 847 5063 Quisenim
863 4976 1125 5047 dubitatverba
1176 4975 1294 5043 monis
1309 4998 1418 5064 genus
1433 4974 1636 5062 eligendum
1654 4973 1748 5064 quod
1765 4968 2036 5055 intelligeretur.
2071 4959 2160 5029 Erat

146 5085 250 5141 notas
271 5093 345 5140 esse
365 5094 502 5150 rerum,
537 5096 627 5163 qnae
649 5088 689 5145 ut
711 5099 849 5167 semper
869 5078 1126 5166 intelligantur,
1177 5077 1355 5147 interdurn
1373 5077 1508 5168 aliquid
1520 5074 1806 5165 amplificandum
1820 5065 2160 5156 etexaggerandum.

148 5173 279 5242 debent
302 5195 376 5241 esse
400 5172 536 5242 certae?
588 5173 699 5267 Saepe
724 5179 829 5248 etiam
852 5179 1040 5250 necessitas
1060 5203 1127 5269 po·
1176 5175 1302 5248 Postea
1318 5190 1359 5248 ut
1374 5177 1510 5266 gratior
1524 5199 1609 5246 usus
1632 5189 1739 5257 esset,
1763 5172 1901 5264 aliquid
1923 5169 2028 5238 etiam
2053 5163 2160 5233 volu-

146 5275 255 5344 stulat
283 5273 418 5366 aliquid
448 5277 648 5362 exaggerari
679 5292 714 5348 et
746 5279 972 5371 amplificari,
1005 5293 1046 5350 ut
1072 5278 1126 5347 illi
1177 5280 1265 5368 ptati
1290 5280 1430 5349 aurium
1454 5280 1575 5348 datum
1596 5292 1659 5351 est.
1710 5275 1867 5363 Quidam
1900 5272 2083 5359 disputant
2119 5264 2157 5332 in

146 5396 237 5471 quos
252 5376 419 5447 docemus
432 5376 645 5477 intelligant,
661 5401 737 5467 cern
751 5404 825 5451 esse
835 5383 981 5454 maximi
994 5381 1127 5452 lacien-
1177 5381 1276 5470 gravi
1294 5380 1475 5466 oratione,
1499 5381 1705 5452 indecorum
1729 5399 1801 5445 esse
1825 5386 2011 5453 ornatum,
2031 5388 2160 5459 quem-
