1208 1813
86 247 126 270 49‘

83 296 133 318 opter-
143 292 246 314 veritatem,
258 293 277 310 id
287 295 322 314 est,
334 293 366 310 das
374 292 467 310 victoriam
475 297 521 315 quae
529 295 554 309 est

83 325 130 339 ,num
140 322 158 337 et
168 319 262 340 vexillum,
274 324 309 341 quo
320 318 422 341 agnoscitur
432 321 463 335 tos
472 323 555 340 praesen-

84 358 89 366 ,
103 348 120 362 et
127 351 162 368 quo
170 344 220 367 signo
228 344 298 362 sublato
304 344 419 361 confirmatur
426 343 469 360 tides
476 342 495 360 in
503 346 555 360 coetu

83 376 136 388 »ι-ιιιιι.
166 369 190 387 Ut
204 370 230 392 pii
247 372 339 392 conspetta
354 368 460 386 liberat-ione
474 368 494 385 in
510 368 555 385 mari

83 396 114 413 bro
128 395 249 416 laetabantur,
266 398 283 413 et
295 394 447 412 confirmabantur
459 392 493 411 hoc
505 393 555 411 testi-

83 421 121 438 mio
130 420 238 444 praesentiae
245 419 285 438 Dei.

109 449 167 468 Causa
177 450 232 473 igitur
241 453 266 468 est
277 449 403 467 liberationum
411 449 479 472 prims,
489 452 510 467 ut
518 454 554 466 ser-

83 479 110 493 tur
117 475 197 493 Ecclesia
205 482 228 493 ne
237 475 318 493 funditus
327 475 407 493 intereat.

110 504 180 522 Deinde
187 504 241 523 huius
249 504 360 522 liberationis
367 508 446 522 autorem
454 504 493 522 vult
500 510 555 527 agno-

96 529 154 550 neus,
168 533 185 548 et
197 531 243 548 sieut
253 530 352 553 praecepit,
365 535 383 547 se
394 529 474 547 invocari
486 533 503 547 et
514 535 524 547 a
536 535 555 547 se

84 556 147 579 {uectari
156 556 251 577 auxilium,
264 559 284 573 ut
292 555 379 573 discamus
388 561 421 572 nos
429 555 445 572 ei
452 561 504 572 curae
511 560 554 575 esse,

84 588 92 599 e
107 581 228 599 existimemus
242 584 272 599 aut
288 586 340 603 casu,
361 583 392 598 aut
405 579 483 604 physicis
498 580 554 597 causis

84 606 118 624 mia
129 607 174 625 fieri.
202 605 227 624 lta
238 612 278 623 cum
291 612 343 628 opem
351 605 403 627 tulit,
416 606 454 624 vult
462 611 495 623 nos
503 605 554 623 fateri

88 633 149 649 adesse
157 631 256 653 Ecclesiae,
268 634 285 649 et
295 629 328 648 hac
338 631 372 648 tide
384 634 400 648 et
408 636 438 654 spe
446 630 555 652 confirmata,

84 657 97 675 lt
109 663 142 675 noa
153 657 171 674 in
182 657 260 675 ferendis
270 656 363 674 laboribus
373 653 459 677 docendi,
472 659 488 674 et
495 656 554 674 omni-

84 688 92 700 s
100 683 183 706 periculis
191 682 306 700 confessionis
315 681 444 699 constantiores
451 687 493 699 esse.

109 716 157 735 Sunt
165 716 219 739 igitur
226 722 287 734 causae
294 716 355 733 finales
364 715 485 738 liberationis,
498 718 517 733 ut
525 715 553 732 ‹li-

84 755 87 763 .
100 745 121 760 ut
133 745 213 759 servetur
220 740 308 762 Ecclesia,
322 744 341 759 ut
348 744 454 764 agnoscatur
461 740 495 758 Dei
503 746 553 764 pratu

84 767 125 788 itia,
137 770 154 785 et
162 770 182 784 ιιι
190 767 232 784 fides
240 766 360 785 confirmetur.
385 766 421 784 Sed
429 772 480 784 eausa
488 765 554 789 impul-

86 799 96 810 ι
104 793 124 810 in
131 792 222 810 voluntate
227 791 261 810 Dei
269 795 303 813 est,
316 797 348 809 eur
355 791 412 813 iuvet,
425 792 554 810 uttestiticetur

95 817 177 835 veritate:
195 817 236 841 quia
252 817 297 835 sicut
310 817 333 835 ab
344 816 396 834 initio
407 816 456 834 Deus
468 817 553 834 immensa

85 843 181 861 seritur-fla
192 842 249 860 edidit
261 842 404 865 promissionem:
417 842 442 860 ita
450 842 515 859 deinde
522 847 553 859 sua

85 868 139 886 nitate
150 871 167 885 et
178 868 257 891 potentia
265 866 357 891 prohibet,
371 873 394 885 ne
402 873 437 885 vox
444 873 455 884 a
463 873 481 885 se
489 867 554 885 tradita

85 894 119 911 :eri
128 892 207 911 humano
215 893 333 916 extinguatur.
358 892 444 910 Videmus
452 892 553 916 principum

85 925 138 939 ·ores‚
151 922 168 936 et
179 919 242 942 populi
254 918 349 936 stulticiam
361 921 378 936 et
389 918 524 941 negligentiam,
537 921 554 936 et

85 945 140 962 lemos
155 944 209 962 saetas
221 949 258 961 esse
270 943 378 961 mutationes
388 942 499 961 ethnicarum
511 943 553 961 reli-

85 975 132 987 =num
143 970 223 990 crebras,
235 969 259 987 ita
271 975 303 986 nec
315 969 396 986 doctrina
405 968 499 992 Evangelii
510 975 553 986 con-

85 994 125 1012 ·vari
136 998 204 1018 posset,
219 994 256 1016 nisi,
265 993 313 1012 Deus
324 1000 361 1011 eam
372 997 389 1012 et
400 997 521 1015 conservaret,
537 997 554 1012 et

85 1020 135 1037 binde
149 1020 259 1041 restitueret,
277 1019 296 1037 in
308 1018 354 1037 hanc
365 1019 470 1037 sementiam
483 1018 513 1037 hic
525 1020 553 1037 in-

86 1045 107 1067 it,
120 1045 193 1063 liberari
201 1044 298 1063 Ecclesiam
307 1050 329 1062 ne
337 1044 400 1062 veritas
409 1044 527 1067 extinguatur.

110 1073 190 1097 Quintus
197 1080 258 1092 versus
265 1074 346 1097 repetitio
353 1078 380 1092 est.
387 1074 500 1097 precationis-

109 1103 174 1122 Sextus
184 1110 245 1122 versus
255 1104 350 1127 gratulatio
358 1107 393 1125 est,
406 1109 451 1127 quae
458 1107 518 1121 narrat
526 1104 553 1121 vi-

86 1129 133 1151 rrias,
145 1133 162 1147 et
173 1129 233 1147 miscet
245 1129 371 1152 promissiones
382 1129 461 1151 divinas,
474 1130 515 1153 quis
526 1129 553 1146 vi.

86 1155 126 1172 »riae
137 1161 175 1173 non
186 1155 244 1172 solum
253 1158 326 1178 propter
333 1160 367 1172 nos
374 1155 431 1177 ipsos,
444 1158 474 1173 aut
481 1158 553 1178 propter

86 1183 120 1198 stra
131 1180 224 1198 commoda
236 1181 342 1203 expetendae
354 1184 406 1200 suut,
418 1181 448 1198 sed
461 1181 553 1203 praecipue

86 1206 162 1224 'erendae
172 1209 214 1223 sunt
226 1206 249 1223 ad
261 1204 308 1223 hune
319 1206 383 1226 tinem,
396 1209 417 1223 ιιι
427 1206 487 1229 plures
498 1212 552 1228 agno-

86 1234 109 1249 ιιιι
118 1230 186 1252 Deum,
199 1234 216 1248 et
227 1231 271 1249 fiant
282 1231 360 1249 membra
372 1234 453 1249 aeternae
464 1230 553 1249 Ecclesiae

87 1256 98 1275 i.
123 1255 163 1274 Rae
174 1256 259 1274 victoriae
269 1260 311 1274 sunt
318 1262 359 1274 vere
366 1256 453 1279 gloriosae
461 1259 478 1274 et
486 1256 552 1274 saluta-

86 1292 96 1303 ·‚
108 1287 154 1305 qnae
165 1285 183 1299 et
194 1282 316 1304 gubernantur
325 1282 442 1305 promissione
451 1282 522 1303 divina,
535 1286 552 1300 et

92 1305 143 1325 hunt
151 1307 204 1325 finem
213 1307 324 1328 referuntur,
337 1311 357 1325 ut
365 1308 423 1330 plures
431 1307 489 1325 Deum
497 1313 552 1330 agno-

87 1336 113 1351 ΙΙ.
147 1332 190 1350 ldeo
204 1332 270 1356 inquit:
289 1331 343 1350 Deus
357 1331 439 1357 quuitur
454 1333 474 1352 t'ss
488 1335 552 1350 sancto

87 1363 103 1379 ι,
114 1357 133 1375 id
144 1361 180 1379 est,
192 1358 212 1375 in
218 1358 319 1376 sanctuario
327 1364 369 1376 suo:
382 1357 415 1376 hoc
422 1361 458 1379 est,
471 1364 503 1380 ago
511 1364 551 1381 gra-

87 1382 132 1401 tDro
139 1383 188 1407 qnod
192 1382 289 1402 Ecclesiam
296 1383 382 1405 condidit,
392 1384 440 1407 quud
447 1384 503 1401 edidit
510 1390 551 1407 pro-

87 1409 159 1427 uionem
174 1409 251 1431 gratiae,
268 1412 285 1427 et
297 1408 342 1427 hane
354 1409 401 1427 inter
412 1415 446 1427 nos
457 1412 517 1429 sonat,
534 1413 551 1427 et

87 1440 91 1451 ι
105 1435 128 1452 ad
143 1438 233 1452 aeternam
248 1435 348 1453 societatem
364 1438 422 1452 vorat:
439 1440 472 1457 ago
486 1435 550 1457 gratias

87 1466 110 1477 tm
117 1465 151 1483 pro
158 1458 192 1477 hoc
200 1460 285 1483 singulari
293 1460 385 1480 beneficio,
394 1460 443 1483 quod
451 1459 496 1477 hanc
504 1460 551 1483 poli-

359 249 392 268 lx.
417 247 600 268 comm-ami
611 248 638 266 IN
649 246 772 267 PSALMOS.

566 292 569 298 ¹
580 290 615 309 hoc
625 292 670 309 doce
680 291 768 309 vincimus
777 294 794 309 et
801 291 896 309 retinemus
904 290 999 310 honestum
1008 296 1072 310 statum

87 1491 98 1502 n
110 1489 128 1503 et
141 1485 235 1503 constitnit
246 1489 263 1504 et
275 1489 342 1505 servat,
354 1489 374 1503 ut
382 1486 405 1503 sit
413 1484 509 1508 hospitium
517 1486 550 1503 do-
562 1498 564 1505 ι

89 1516 132 1532 nne,
143 1514 160 1528 et
170 1511 223 1529 nobis
232 1517 283 1534 opem
294 1511 353 1529 sertin
362 1511 425 1534 hellis,
438 1517 460 1528 ne
469 1510 511 1528 haec
517 1518 549 1534 pn-

87 1542 93 1554 ι
104 1536 192 1555 deleatur.
218 1536 258 1555 Hoc
268 1537 313 1554 duce
321 1535 389 1559 partior
396 1535 478 1558 Sichem,
491 1537 508 1554 id
518 1540 549 1558 est,
561 1537 563 1549 -’

1024 249 1074 269 1150

580 317 599 334 in
608 317 678 340 oppidis
687 316 752 335 nostris
761 320 778 334 et
786 316 856 334 vicinis.

632 346 717 364 Nominat
728 349 786 364 autem
797 345 877 367 sichem,
891 346 933 369 quia
944 346 1012 369 gratior
1024 347 1073 365 lotus

581 375 617 394 est,
629 372 677 395 quod
687 372 740 389 fuerit
751 370 849 395 hospitium
861 371 944 390 Abrahae
954 372 1042 395 venientis
1053 373 1073 390 in

581 397 661 416 Canaan.
686 396 724 415 Sita
734 397 769 415 suit
780 400 837 415 autem
846 395 917 415 Siehem
929 403 965 415 non
977 398 1038 421 procul
1050 398 1073 416 ab

581 423 625 441 urbe
633 422 733 444 Samariae,
745 429 790 446 quae
801 423 858 440 multo
869 426 908 445 post
915 423 987 441 condita
995 427 1029 445 est,
1042 424 1072 441 sed

580 452 601 467 ut
610 449 659 466 loeus
671 448 731 472 aliquo
742 448 795 466 modo
807 448 881 471 eogitari
892 448 955 471 possit,
967 449 1021 466 situm
1030 455 1073 466 ton-

581 474 686 497 templemur
694 474 744 491 urhis
752 477 804 491 notae
812 477 829 492 et
838 479 910 497 magnae
918 473 1017 496 Samariae,
1028 480 1073 498 quae

580 505 642 522 regum
654 499 765 517 domicilium
776 499 819 520 fuit,
832 499 862 517 sed
874 505 925 516 mons
935 498 1014 517 Garizim
1024 500 1073 517 indi-

580 528 609 543 cat
619 525 679 542 situm.
705 524 776 542 Certum
787 524 835 542 enim
847 527 874 542 est
884 523 955 542 Sithem
966 525 1017 542 valde
1028 525 1072 542 vici-

580 556 622 568 nam
633 550 687 567 fnisse
699 549 740 568 huie
750 550 818 571 monti,
831 550 862 573 qui
873 550 909 567 fere
920 550 940 567 in
951 550 1009 568 medio
1017 553 1073 568 terrae

579 575 683 593 Cansnaeae
698 579 733 597 est,
749 575 769 592 in
783 581 804 593 eo
815 578 872 593 tractu
884 581 936 598 quem
948 575 1006 593 t'enuit
1016 576 1073 594 tribus

579 600 672 624 Ephraim.
697 600 763 618 Narrat
770 604 829 618 autem
837 599 917 619 Gen-12.
924 601 944 618 in
952 599 1024 619 Sitheus
1032 607 1073 619 rur-

580 632 610 644 sus
621 626 722 649 apparuisse
733 626 791 644 Deum
803 625 894 648 Abrahae,
909 629 927 644 et
938 626 1073 649 promissionem

579 652 686 675 repetivisse.
711 651 773 669 Postea
784 657 805 669 ex
812 657 850 675 cap.
859 650 905 670 Gen.
913 651 945 670 88.
952 655 1025 675 apparet
1031 651 1073 670 huic

579 676 650 695 Sichem
658 680 709 695 antea
718 683 784 695 nomen
791 677 844 694 fuisse
850 676 916 696 Salem.

630 705 699 724 Suchot
710 707 759 724 lorus
771 710 797 724 est
808 706 854 724 ultra
865 706 958 724 Iordanem
971 707 992 724 ad
1003 710 1073 725 torren—

580 736 614 750 tem
628 731 690 754 labor,
706 732 737 750 ubi
750 731 802 750 laceb
817 732 899 750 defensus
910 735 937 750 est
945 736 1007 750 contra
1018 731 1073 753 Esau,

630 782 662 800 Est
677 786 694 801 et
707 782 772 800 Gitead
785 788 837 800 mons
848 782 895 801 ultra
906 782 1001 801 Iordanem
1012 789 1073 801 versus

580 808 674 828 Arabiam,
699 814 765 825 nomen
782 808 868 831 signifieat
886 814 968 826 acervum
987 808 1073 831 lapidum,

579 833 622 857 quia
636 832 662 851 ibi
673 833 734 851 Labsn
748 837 765 851 et
777 833 831 851 Iacob
842 834 929 856 congestis
941 834 1040 857 lapidibus,
1056 837 1073 851 et

579 859 634 876 veteri
652 863 702 876 more
719 859 765 877 fatto
780 863 896 877 monumento
912 859 975 877 foedus
989 859 1073 880 fecerunt,

579 883 625 902 Gen.
634 884 664 902 81.

629 909 675 927 Cum
683 912 741 927 sutem
750 909 769 927 in
776 908 805 927 his
813 910 910 927 loeisDeus
918 908 1007 928 manifesti
1014 913 1073 928 osten-

579 935 625 953 derit
636 940 654 952 se
666 935 725 952 adesse
738 934 799 957 lacob,
812 935 905 958 praecipue
915 934 980 953 horum
992 935 1072 953 locorum

579 960 687 978 mentionem
696 960 746 980 facit,
759 961 870 982 ut,lectorem
879 961 901 978 de
909 961 1015 978 testimoniis
1022 967 1072 984 prae-

579 986 645 1003 sentiae
652 986 683 1003 Dei
693 986 711 1003 in
720 984 798 1003 Ecclesia
805 987 905 1004 admoneat.

630 1014 688 1033 Meus
699 1017 725 1032 εει
736 1014 838 1037 Manasse,
850 1017 866 1032 et
874 1013 969 1040 Ephraim
977 1014 1073 1040 fortitudo

579 1040 701 1065 capilirmei,
714 1039 789 1058 ellada
802 1039 842 1058 dux
853 1046 909 1059 meus.
935 1041 981 1058 Loca
993 1041 1072 1059 tribuum

578 1070 621 1084 nota
632 1069 650 1084 et
661 1066 680 1083 in
692 1069 786 1089 conspectu
797 1072 833 1084 esse
844 1066 953 1084 discentibus
961 1070 1042 1089 oportet,
1056 1070 1073 1084 et

579 1097 619 1109 tum
630 1092 669 1109 sine
680 1091 789 1114 inspectione
801 1092 902 1110 tabularum
909 1091 939 1109 vix
947 1091 1022 1114 intelligi
1032 1098 1072 1115 pos-

578 1117 625 1138 sint,
641 1117 723 1135 lectorem
739 1116 825 1136 adhortor
836 1120 856 1135 ut
867 1117 936 1135 tabulas
948 1123 1017 1140 semper
1029 1124 1072 1135 con-

578 1143 683 1165 templetur,
699 1145 717 1160 et
732 1142 754 1160 ad
771 1141 856 1160 historias
870 1143 955 1161 conferat.
986 1142 1042 1161 Moab
1055 1147 1071 1161 et

578 1167 636 1185 Edom
648 1168 719 1186 fuerunt
731 1168 800 1186 vicinae
808 1168 889 1191 regiones
898 1169 917 1186 in
925 1167 991 1186 Arabia
999 1168 1071 1186 Petraea

578 1197 618 1216 post
629 1194 686 1211 lacum
697 1192 822 1216 Asphaltitem.
850 1193 935 1211 Nominat
947 1197 1005 1211 autern
1016 1194 1071 1211 Moab

578 1218 668 1237 lavacrum
682 1223 755 1242 propter
767 1219 805 1237 loca
816 1219 892 1242 irrigua,
907 1219 933 1236 ibi
944 1219 992 1237 enim
1005 1219 1071 1237 flumen

577 1248 615 1262 erat
622 1250 706 1267 magnum
714 1244 778 1262 Arnon
787 1248 804 1263 et
812 1245 885 1268 quidam
893 1244 924 1262 alii
932 1244 989 1262 fluvii.

629 1273 723 1291 Philistaea
731 1278 789 1292 autem
797 1274 855 1297 regio,
867 1280 911 1296 pene
919 1274 938 1291 in
945 1274 1027 1297 opposito
1034 1277 1070 1292 tra-

577 1303 606 1317 etu
618 1300 650 1317 sita
661 1299 694 1316 suit
707 1299 728 1316 ad
739 1298 807 1323 Tyrum
818 1303 835 1317 et
842 1299 938 1319 Sidonem,
951 1303 968 1317 et
979 1299 997 1317 hi
1008 1305 1070 1322 prope-

577 1325 650 1342 modum
663 1325 728 1342 limites
740 1325 812 1343 fuerunt
824 1325 873 1347 regni
885 1324 969 1345 Davidis,
986 1326 1008 1342 ad
1020 1331 1070 1343 ocea-

577 1356 616 1367 sum
627 1350 665 1367 looa
678 1350 777 1374 propinqua
786 1350 836 1374 Tyro
846 1353 863 1368 et
871 1350 943 1372 Sidoni,
956 1354 973 1368 et
981 1351 1002 1368 ad
1012 1354 1070 1369 ortum

577 1376 624 1394 ultra
633 1374 751 1399 Asphaltitem
760 1375 819 1394 Edom
828 1379 845 1394 et
852 1375 914 1394 Moab.

628 1405 649 1423 ln
661 1411 709 1423 nono
721 1409 738 1423 ει
746 1406 815 1424 decimo
824 1411 874 1423 versu
884 1406 974 1424 conclusio
982 1407 1069 1430 sequitur:

576 1430 621 1449 Cum
631 1431 748 1454 promissione
756 1434 786 1449 tna
794 1435 812 1449 et
819 1432 915 1449 manifestis
924 1432 1029 1450 testimoniis
1036 1431 1070 1450 hnc

575 1462 649 1479 regnum
660 1457 770 1478 condideris,
783 1462 834 1480 spero
845 1460 862 1475 te
874 1456 919 1474 mihi
930 1458 993 1475 ducem
1004 1458 1042 1475 fore
1051 1458 1069 1475 in

575 1482 614 1500 loca
623 1482 696 1500 munita.

626 1512 648 1529 In
659 1512 693 1529 fine
706 1516 811 1535 repetuntur
819 1512 890 1536 querela
899 1516 916 1530 et
925 1513 1011 1535 precatio,
1024 1513 1069 1530 sicut

574 1537 650 1555 subinde
662 1538 681 1555 in
693 1538 744 1556 novis
755 1538 846 1556 aerumnis
856 1541 949 1556 exeroekxxx
954 1537 1054 1556 &taxe-(xa,
1061 1540 1084 1552 ex
