<?xml version="1.0" encoding="UTF-8"?>
<!DOCTYPE html PUBLIC "-//W3C//DTD XHTML 1.0 Transitional//EN"
    "http://www.w3.org/TR/xhtml1/DTD/xhtml1-transitional.dtd">
<html xmlns="http://www.w3.org/1999/xhtml" xml:lang="en" lang="en">
 <head>
  <title>
</title>
<meta http-equiv="Content-Type" content="text/html;charset=utf-8" />
  <meta name='ocr-system' content='tesseract 3.04.00' />
  <meta name='ocr-capabilities' content='ocr_page ocr_carea ocr_par ocr_line ocrx_word'/>
</head>
<body>
  <div class='ocr_page' id='page_1' title='image "./corpusreformato11melagoog_0168.png"; bbox 0 0 4538 5754; ppageno 0'>
   <div class='ocr_carea' id='block_1_1' title="bbox 116 217 2151 317">
    <p class='ocr_par' dir='ltr' id='par_1_1' title="bbox 116 217 2151 317">
     <span class='ocr_line' id='line_1_1' title="bbox 116 217 2151 317; baseline -0.013 -1"><span class='ocrx_word' id='word_1_1' title='bbox 116 242 195 317; x_wconf 71' lang='grc'><strong>805</strong></span> <span class='ocrx_word' id='word_1_2' title='bbox 313 273 316 277; x_wconf 53' lang='grc'>’</span> <span class='ocrx_word' id='word_1_3' title='bbox 690 230 758 308; x_wconf 80' lang='lat' dir='ltr'><strong>Ill.</strong></span> <span class='ocrx_word' id='word_1_4' title='bbox 808 224 969 304; x_wconf 75' lang='lat' dir='ltr'><strong>tuma·</strong></span> <span class='ocrx_word' id='word_1_5' title='bbox 991 220 1287 302; x_wconf 81' lang='lat' dir='ltr'>DOCTRINAE</span> <span class='ocrx_word' id='word_1_6' title='bbox 1311 217 1574 296; x_wconf 66' lang='lat' dir='ltr'><strong>russicam</strong></span> <span class='ocrx_word' id='word_1_7' title='bbox 1902 256 1908 293; x_wconf 89' lang='lat'><strong>·.</strong></span> <span class='ocrx_word' id='word_1_8' title='bbox 2075 228 2151 302; x_wconf 68' lang='grc' dir='ltr'><strong>ιω</strong></span> 
     </span>
    </p>
   </div>
   <div class='ocr_carea' id='block_1_2' title="bbox 113 385 2249 1005">
    <p class='ocr_par' dir='ltr' id='par_1_2' title="bbox 113 385 2148 801">
     <span class='ocr_line' id='line_1_2' title="bbox 113 385 2147 500; baseline -0.005 -22"><span class='ocrx_word' id='word_1_9' title='bbox 113 413 164 500; x_wconf 84' lang='lat' dir='ltr'><strong>gir</strong></span> <span class='ocrx_word' id='word_1_10' title='bbox 187 407 420 496; x_wconf 77' lang='lat' dir='ltr'><strong>intelligitur:</strong></span> <span class='ocrx_word' id='word_1_11' title='bbox 453 420 494 477; x_wconf 93' lang='lat' dir='ltr'><strong>ut</strong></span> <span class='ocrx_word' id='word_1_12' title='bbox 516 428 596 474; x_wconf 93' lang='lat' dir='ltr'><strong>cum</strong></span> <span class='ocrx_word' id='word_1_13' title='bbox 622 403 794 487; x_wconf 75' lang='lat' dir='ltr'>dicimus,</span> <span class='ocrx_word' id='word_1_14' title='bbox 826 400 951 471; x_wconf 93' lang='lat' dir='ltr'><strong>vinum</strong></span> <span class='ocrx_word' id='word_1_15' title='bbox 979 411 1108 469; x_wconf 87' lang='lat' dir='ltr'><strong>natura</strong></span> <span class='ocrx_word' id='word_1_16' title='bbox 1261 388 1359 461; x_wconf 86' lang='lat' dir='ltr'><strong>Haec</strong></span> <span class='ocrx_word' id='word_1_17' title='bbox 1382 411 1457 475; x_wconf 88' lang='lat' dir='ltr'><strong>ars,</strong></span> <span class='ocrx_word' id='word_1_18' title='bbox 1482 412 1545 460; x_wconf 90' lang='lat' dir='ltr'><strong>sen</strong></span> <span class='ocrx_word' id='word_1_19' title='bbox 1564 385 1720 462; x_wconf 88' lang='lat' dir='ltr'><strong>humana</strong></span> <span class='ocrx_word' id='word_1_20' title='bbox 1744 391 1940 476; x_wconf 88' lang='lat' dir='ltr'><strong>industria,</strong></span> <span class='ocrx_word' id='word_1_21' title='bbox 1965 417 2040 466; x_wconf 89' lang='lat' dir='ltr'><strong>non</strong></span> <span class='ocrx_word' id='word_1_22' title='bbox 2061 420 2147 487; x_wconf 89' lang='lat' dir='ltr'><strong>pro·</strong></span> 
     </span>
     <span class='ocr_line' id='line_1_3' title="bbox 113 491 2148 593; baseline -0.006 -11"><span class='ocrx_word' id='word_1_23' title='bbox 113 512 196 590; x_wconf 89' lang='lat' dir='ltr'><strong>alit,</strong></span> <span class='ocrx_word' id='word_1_24' title='bbox 224 510 378 578; x_wconf 85' lang='lat' dir='ltr'>dicimus</span> <span class='ocrx_word' id='word_1_25' title='bbox 402 522 510 577; x_wconf 92' lang='lat' dir='ltr'><strong>totam</strong></span> <span class='ocrx_word' id='word_1_26' title='bbox 536 506 768 575; x_wconf 77' lang='lat' dir='ltr'><strong>substantiam</strong></span> <span class='ocrx_word' id='word_1_27' title='bbox 793 515 828 572; x_wconf 93' lang='lat' dir='ltr'><strong>et</strong></span> <span class='ocrx_word' id='word_1_28' title='bbox 850 517 1108 593; x_wconf 89' lang='lat' dir='ltr'><strong>temperamen-</strong></span> <span class='ocrx_word' id='word_1_29' title='bbox 1159 505 1254 563; x_wconf 90' lang='lat' dir='ltr'><strong>creat</strong></span> <span class='ocrx_word' id='word_1_30' title='bbox 1268 492 1500 576; x_wconf 87' lang='lat' dir='ltr'><strong>substantias,</strong></span> <span class='ocrx_word' id='word_1_31' title='bbox 1525 491 1643 560; x_wconf 91' lang='lat' dir='ltr'><strong>sedin</strong></span> <span class='ocrx_word' id='word_1_32' title='bbox 1659 493 1864 562; x_wconf 74' lang='lat' dir='ltr'><strong>substantiis</strong></span> <span class='ocrx_word' id='word_1_33' title='bbox 1887 497 2056 584; x_wconf 88' lang='lat' dir='ltr'><strong>quasdam</strong></span> <span class='ocrx_word' id='word_1_34' title='bbox 2072 500 2148 569; x_wconf 87' lang='lat' dir='ltr'><strong>dis·</strong></span> 
     </span>
     <span class='ocr_line' id='line_1_4' title="bbox 115 592 2146 702; baseline -0.009 -20"><span class='ocrx_word' id='word_1_35' title='bbox 115 625 212 692; x_wconf 90' lang='lat' dir='ltr'><strong>tum,</strong></span> <span class='ocrx_word' id='word_1_36' title='bbox 240 610 309 679; x_wconf 91' lang='lat' dir='ltr'><strong>tale</strong></span> <span class='ocrx_word' id='word_1_37' title='bbox 326 609 496 702; x_wconf 82' lang='lat' dir='ltr'><strong>quiddam</strong></span> <span class='ocrx_word' id='word_1_38' title='bbox 512 629 602 691; x_wconf 87' lang='lat' dir='ltr'><strong>esse,</strong></span> <span class='ocrx_word' id='word_1_39' title='bbox 628 631 670 676; x_wconf 85' lang='lat' dir='ltr'><strong>ex</strong></span> <span class='ocrx_word' id='word_1_40' title='bbox 688 623 758 698; x_wconf 90' lang='lat' dir='ltr'><strong>quo</strong></span> <span class='ocrx_word' id='word_1_41' title='bbox 772 604 920 674; x_wconf 83' lang='lat' dir='ltr'><strong>facultas</strong></span> <span class='ocrx_word' id='word_1_42' title='bbox 937 601 1108 672; x_wconf 81' lang='lat' dir='ltr'><strong>nutritiva</strong></span> <span class='ocrx_word' id='word_1_43' title='bbox 1158 594 1353 685; x_wconf 81' lang='lat' dir='ltr'><strong>positiones</strong></span> <span class='ocrx_word' id='word_1_44' title='bbox 1376 592 1500 677; x_wconf 84' lang='lat' dir='ltr'><strong>elficit,</strong></span> <span class='ocrx_word' id='word_1_45' title='bbox 1525 615 1616 686; x_wconf 91' lang='lat' dir='ltr'><strong>quae</strong></span> <span class='ocrx_word' id='word_1_46' title='bbox 1639 593 1725 663; x_wconf 89' lang='lat' dir='ltr'><strong>alias</strong></span> <span class='ocrx_word' id='word_1_47' title='bbox 1744 593 1937 678; x_wconf 82' lang='lat' dir='ltr'><strong>adiuvant,</strong></span> <span class='ocrx_word' id='word_1_48' title='bbox 1962 593 2049 666; x_wconf 87' lang='lat' dir='ltr'><strong>alias</strong></span> <span class='ocrx_word' id='word_1_49' title='bbox 2064 622 2146 688; x_wconf 88' lang='lat' dir='ltr'><strong>per-</strong></span> 
     </span>
     <span class='ocr_line' id='line_1_5' title="bbox 114 694 1627 801; baseline -0.011 -19"><span class='ocrx_word' id='word_1_50' title='bbox 114 712 323 801; x_wconf 83' lang='lat' dir='ltr'><strong>sanguinem</strong></span> <span class='ocrx_word' id='word_1_51' title='bbox 344 710 458 799; x_wconf 84' lang='lat' dir='ltr'><strong>gignit</strong></span> <span class='ocrx_word' id='word_1_52' title='bbox 479 709 696 778; x_wconf 84' lang='lat' dir='ltr'><strong>nutrientem</strong></span> <span class='ocrx_word' id='word_1_53' title='bbox 712 727 852 798; x_wconf 90' lang='lat' dir='ltr'><strong>corpus.</strong></span> <span class='ocrx_word' id='word_1_54' title='bbox 905 702 988 792; x_wconf 88' lang='lat' dir='ltr'><strong>Quo</strong></span> <span class='ocrx_word' id='word_1_55' title='bbox 1012 701 1108 770; x_wconf 92' lang='lat' dir='ltr'><strong>enim</strong></span> <span class='ocrx_word' id='word_1_56' title='bbox 1158 696 1302 779; x_wconf 89' lang='lat' dir='ltr'><strong>ficiunt,</strong></span> <span class='ocrx_word' id='word_1_57' title='bbox 1325 694 1412 763; x_wconf 88' lang='lat' dir='ltr'><strong>alias</strong></span> <span class='ocrx_word' id='word_1_58' title='bbox 1428 694 1627 767; x_wconf 86' lang='lat' dir='ltr'><strong>imitantur.</strong></span> 
     </span>
    </p>

    <p class='ocr_par' dir='ltr' id='par_1_3' title="bbox 114 803 2249 1005">
     <span class='ocr_line' id='line_1_6' title="bbox 114 803 2249 904; baseline -0.002 -20"><span class='ocrx_word' id='word_1_59' title='bbox 114 826 432 904; x_wconf 83' lang='lat' dir='ltr'><strong>temperamentum</strong></span> <span class='ocrx_word' id='word_1_60' title='bbox 455 809 533 877; x_wconf 92' lang='lat' dir='ltr'><strong>vini</strong></span> <span class='ocrx_word' id='word_1_61' title='bbox 556 809 684 878; x_wconf 91' lang='lat' dir='ltr'><strong>melius</strong></span> <span class='ocrx_word' id='word_1_62' title='bbox 705 820 777 892; x_wconf 87' lang='lat' dir='ltr'><strong>est,</strong></span> <span class='ocrx_word' id='word_1_63' title='bbox 809 830 851 876; x_wconf 88' lang='lat' dir='ltr'><strong>co</strong></span> <span class='ocrx_word' id='word_1_64' title='bbox 876 803 1053 896; x_wconf 90' lang='lat' dir='ltr'><strong>copiosior</strong></span> <span class='ocrx_word' id='word_1_65' title='bbox 1075 815 1108 871; x_wconf 89' lang='lat' dir='ltr'><strong>et</strong></span> <span class='ocrx_word' id='word_1_66' title='bbox 1263 808 1429 898; x_wconf 77' lang='lat' dir='ltr'><strong>Agricola</strong></span> <span class='ocrx_word' id='word_1_67' title='bbox 1445 811 1589 881; x_wconf 81' lang='lat' dir='ltr'><strong>adiuvat</strong></span> <span class='ocrx_word' id='word_1_68' title='bbox 1604 823 1779 892; x_wconf 90' lang='lat' dir='ltr'><strong>naturam,</strong></span> <span class='ocrx_word' id='word_1_69' title='bbox 1804 831 1884 878; x_wconf 90' lang='lat' dir='ltr'><strong>cnm</strong></span> <span class='ocrx_word' id='word_1_70' title='bbox 1898 810 2033 879; x_wconf 84' lang='lat' dir='ltr'><strong>semina</strong></span> <span class='ocrx_word' id='word_1_71' title='bbox 2048 835 2148 902; x_wconf 87' lang='lat' dir='ltr'><strong>spar-</strong></span> <span class='ocrx_word' id='word_1_72' title='bbox 2246 838 2249 842; x_wconf 91' lang='lat'>·</span> 
     </span>
     <span class='ocr_line' id='line_1_7' title="bbox 117 910 2148 1005; baseline -0 -22"><span class='ocrx_word' id='word_1_73' title='bbox 117 914 243 1005; x_wconf 87' lang='lat' dir='ltr'><strong>purior</strong></span> <span class='ocrx_word' id='word_1_74' title='bbox 259 912 403 1000; x_wconf 84' lang='lat' dir='ltr'><strong>sangnis</strong></span> <span class='ocrx_word' id='word_1_75' title='bbox 420 910 587 1000; x_wconf 76' lang='lat' dir='ltr'><strong>gignitur.</strong></span> <span class='ocrx_word' id='word_1_76' title='bbox 1159 912 1210 1001; x_wconf 86' lang='lat' dir='ltr'><strong>git</strong></span> <span class='ocrx_word' id='word_1_77' title='bbox 1227 913 1263 979; x_wconf 92' lang='lat' dir='ltr'><strong>in</strong></span> <span class='ocrx_word' id='word_1_78' title='bbox 1280 925 1423 991; x_wconf 88' lang='lat' dir='ltr'><strong>terram,</strong></span> <span class='ocrx_word' id='word_1_79' title='bbox 1451 912 1585 1000; x_wconf 89' lang='lat' dir='ltr'><strong>perficit</strong></span> <span class='ocrx_word' id='word_1_80' title='bbox 1599 925 1782 991; x_wconf 90' lang='lat' dir='ltr'><strong>naturam,</strong></span> <span class='ocrx_word' id='word_1_81' title='bbox 1807 934 1888 978; x_wconf 91' lang='lat' dir='ltr'><strong>cum</strong></span> <span class='ocrx_word' id='word_1_82' title='bbox 1906 922 2031 981; x_wconf 78' lang='lat' dir='ltr'><strong>arctet</strong></span> <span class='ocrx_word' id='word_1_83' title='bbox 2046 914 2148 1005; x_wconf 81' lang='lat' dir='ltr'><strong>rigat,</strong></span> 
     </span>
    </p>
   </div>
   <div class='ocr_carea' id='block_1_3' title="bbox 217 1011 2208 1134">
    <p class='ocr_par' dir='ltr' id='par_1_4' title="bbox 217 1011 2208 1134">
     <span class='ocr_line' id='line_1_8' title="bbox 217 1011 2208 1134; baseline -0.008 -37"><span class='ocrx_word' id='word_1_84' title='bbox 217 1041 451 1117; x_wconf 54' lang='lat' dir='ltr'><strong>,absinthium</strong></span> <span class='ocrx_word' id='word_1_85' title='bbox 482 1044 584 1134; x_wconf 64' lang='lat' dir='ltr'><strong>peffig</strong></span> <span class='ocrx_word' id='word_1_86' title='bbox 612 1046 757 1114; x_wconf 61' lang='lat' dir='ltr'><strong>mbram</strong></span> <span class='ocrx_word' id='word_1_87' title='bbox 788 1042 917 1120; x_wconf 56' lang='lat' dir='ltr'><strong>bilem,</strong></span> <span class='ocrx_word' id='word_1_88' title='bbox 952 1053 988 1109; x_wconf 57' lang='grc' dir='ltr'><strong>,ι</strong></span> <span class='ocrx_word' id='word_1_89' title='bbox 1010 1039 1108 1107; x_wconf 58' lang='lat' dir='ltr'>iuvat</span> <span class='ocrx_word' id='word_1_90' title='bbox 1159 1038 1199 1081; x_wconf 88' lang='lat' dir='ltr'><strong>ac</strong></span> <span class='ocrx_word' id='word_1_91' title='bbox 1225 1013 1342 1081; x_wconf 91' lang='lat' dir='ltr'><strong>solum</strong></span> <span class='ocrx_word' id='word_1_92' title='bbox 1358 1013 1465 1083; x_wconf 84' lang='lat' dir='ltr'><strong>efficit</strong></span> <span class='ocrx_word' id='word_1_93' title='bbox 1482 1014 1645 1096; x_wconf 91' lang='lat' dir='ltr'><strong>mollius,</strong></span> <span class='ocrx_word' id='word_1_94' title='bbox 1672 1024 1707 1080; x_wconf 92' lang='lat' dir='ltr'><strong>et</strong></span> <span class='ocrx_word' id='word_1_95' title='bbox 1721 1011 1832 1098; x_wconf 87' lang='lat' dir='ltr'><strong>magis</strong></span> <span class='ocrx_word' id='word_1_96' title='bbox 1849 1011 2018 1081; x_wconf 90' lang='lat' dir='ltr'><strong>idoneum</strong></span> <span class='ocrx_word' id='word_1_97' title='bbox 2032 1015 2075 1084; x_wconf 93' lang='lat' dir='ltr'><strong>ad</strong></span> <span class='ocrx_word' id='word_1_98' title='bbox 2092 1016 2147 1084; x_wconf 85' lang='lat' dir='ltr'><strong>fo·</strong></span> <span class='ocrx_word' id='word_1_99' title='bbox 2206 1111 2208 1114; x_wconf 7' lang='grc' dir='ltr'><em>Α</em></span> 
     </span>
    </p>
   </div>
   <div class='ocr_carea' id='block_1_4' title="bbox 117 1114 1439 1240">
    <p class='ocr_par' dir='ltr' id='par_1_5' title="bbox 117 1114 1439 1240">
     <span class='ocr_line' id='line_1_9' title="bbox 117 1114 1439 1240; baseline -0.02 -22"><span class='ocrx_word' id='word_1_100' title='bbox 117 1172 198 1240; x_wconf 85' lang='lat' dir='ltr'><strong>epar</strong></span> <span class='ocrx_word' id='word_1_101' title='bbox 218 1172 280 1217; x_wconf 88' lang='lat' dir='ltr'><strong>sua</strong></span> <span class='ocrx_word' id='word_1_102' title='bbox 307 1160 453 1224; x_wconf 90' lang='lat' dir='ltr'><strong>natura,</strong></span> <span class='ocrx_word' id='word_1_103' title='bbox 480 1145 518 1213; x_wconf 92' lang='lat' dir='ltr'><strong>id</strong></span> <span class='ocrx_word' id='word_1_104' title='bbox 533 1158 602 1225; x_wconf 90' lang='lat' dir='ltr'><strong>est,</strong></span> <span class='ocrx_word' id='word_1_105' title='bbox 627 1145 710 1237; x_wconf 91' lang='lat' dir='ltr'><strong>quia</strong></span> <span class='ocrx_word' id='word_1_106' title='bbox 734 1143 931 1214; x_wconf 89' lang='lat' dir='ltr'><strong>substantia</strong></span> <span class='ocrx_word' id='word_1_107' title='bbox 956 1164 996 1210; x_wconf 90' lang='lat' dir='ltr'><strong>ac</strong></span> <span class='ocrx_word' id='word_1_108' title='bbox 1016 1153 1105 1208; x_wconf 90' lang='lat' dir='ltr'><strong>tem·</strong></span> <span class='ocrx_word' id='word_1_109' title='bbox 1160 1116 1274 1182; x_wconf 65' lang='lat' dir='ltr'><strong>vend-&#39;¹</strong></span> <span class='ocrx_word' id='word_1_110' title='bbox 1291 1114 1439 1184; x_wconf 64' lang='lat' dir='ltr'><strong>‘emina-</strong></span> 
     </span>
    </p>
   </div>
   <div class='ocr_carea' id='block_1_5' title="bbox 116 1227 2147 1438">
    <p class='ocr_par' dir='ltr' id='par_1_6' title="bbox 116 1227 2147 1438">
     <span class='ocr_line' id='line_1_10' title="bbox 117 1227 2147 1340; baseline -0.012 -21"><span class='ocrx_word' id='word_1_111' title='bbox 117 1261 361 1340; x_wconf 88' lang='lat' dir='ltr'><strong>peramentum</strong></span> <span class='ocrx_word' id='word_1_112' title='bbox 378 1247 448 1317; x_wconf 88' lang='lat' dir='ltr'><strong>tale</strong></span> <span class='ocrx_word' id='word_1_113' title='bbox 461 1259 526 1330; x_wconf 91' lang='lat' dir='ltr'><strong>est,</strong></span> <span class='ocrx_word' id='word_1_114' title='bbox 554 1259 592 1314; x_wconf 92' lang='lat' dir='ltr'><strong>nt</strong></span> <span class='ocrx_word' id='word_1_115' title='bbox 609 1259 741 1336; x_wconf 83' lang='lat' dir='ltr'><strong>pugnet</strong></span> <span class='ocrx_word' id='word_1_116' title='bbox 756 1268 837 1314; x_wconf 89' lang='lat' dir='ltr'><strong>cum</strong></span> <span class='ocrx_word' id='word_1_117' title='bbox 852 1243 937 1327; x_wconf 89' lang='lat' dir='ltr'><strong>bile,</strong></span> <span class='ocrx_word' id='word_1_118' title='bbox 966 1255 1002 1310; x_wconf 88' lang='lat' dir='ltr'><strong>et</strong></span> <span class='ocrx_word' id='word_1_119' title='bbox 1015 1262 1105 1308; x_wconf 88' lang='lat' dir='ltr'><strong>con·</strong></span> <span class='ocrx_word' id='word_1_120' title='bbox 1261 1227 1331 1299; x_wconf 88' lang='lat' dir='ltr'><strong>Ars</strong></span> <span class='ocrx_word' id='word_1_121' title='bbox 1349 1228 1484 1296; x_wconf 90' lang='lat' dir='ltr'><strong>medica</strong></span> <span class='ocrx_word' id='word_1_122' title='bbox 1501 1229 1648 1297; x_wconf 88' lang='lat' dir='ltr'><strong>adiuvat</strong></span> <span class='ocrx_word' id='word_1_123' title='bbox 1660 1240 1843 1312; x_wconf 86' lang='lat' dir='ltr'><strong>naturam,</strong></span> <span class='ocrx_word' id='word_1_124' title='bbox 1868 1240 1912 1297; x_wconf 90' lang='lat' dir='ltr'><strong>nt</strong></span> <span class='ocrx_word' id='word_1_125' title='bbox 1924 1250 2004 1297; x_wconf 90' lang='lat' dir='ltr'><strong>cum</strong></span> <span class='ocrx_word' id='word_1_126' title='bbox 2025 1228 2147 1318; x_wconf 89' lang='lat' dir='ltr'><strong>pulmo</strong></span> 
     </span>
     <span class='ocr_line' id='line_1_11' title="bbox 116 1327 2147 1438; baseline -0.009 -22"><span class='ocrx_word' id='word_1_127' title='bbox 116 1350 236 1420; x_wconf 91' lang='lat' dir='ltr'><strong>veniat</strong></span> <span class='ocrx_word' id='word_1_128' title='bbox 259 1349 365 1438; x_wconf 91' lang='lat' dir='ltr'><strong>epati.</strong></span> <span class='ocrx_word' id='word_1_129' title='bbox 417 1345 487 1415; x_wconf 91' lang='lat' dir='ltr'><strong>Hic</strong></span> <span class='ocrx_word' id='word_1_130' title='bbox 511 1362 675 1416; x_wconf 89' lang='lat' dir='ltr'><strong>naturam</strong></span> <span class='ocrx_word' id='word_1_131' title='bbox 699 1368 819 1428; x_wconf 91' lang='lat' dir='ltr'><strong>vocas,</strong></span> <span class='ocrx_word' id='word_1_132' title='bbox 843 1358 919 1413; x_wconf 91' lang='lat' dir='ltr'><strong>tum</strong></span> <span class='ocrx_word' id='word_1_133' title='bbox 944 1343 1109 1410; x_wconf 88' lang='lat' dir='ltr'><strong>substan·</strong></span> <span class='ocrx_word' id='word_1_134' title='bbox 1159 1333 1302 1401; x_wconf 91' lang='lat' dir='ltr'><strong>iuvatur</strong></span> <span class='ocrx_word' id='word_1_135' title='bbox 1316 1331 1354 1398; x_wconf 92' lang='lat' dir='ltr'><strong>iu</strong></span> <span class='ocrx_word' id='word_1_136' title='bbox 1368 1328 1455 1398; x_wconf 91' lang='lat' dir='ltr'><strong>tussi</strong></span> <span class='ocrx_word' id='word_1_137' title='bbox 1472 1351 1575 1397; x_wconf 88' lang='lat' dir='ltr'><strong>succo</strong></span> <span class='ocrx_word' id='word_1_138' title='bbox 1590 1329 1777 1401; x_wconf 88' lang='lat' dir='ltr'><strong>violarum.</strong></span> <span class='ocrx_word' id='word_1_139' title='bbox 1823 1327 1986 1414; x_wconf 89' lang='lat' dir='ltr'><strong>Perficit,</strong></span> <span class='ocrx_word' id='word_1_140' title='bbox 2011 1342 2147 1399; x_wconf 89' lang='lat' dir='ltr'><strong>utcum</strong></span> 
     </span>
    </p>
   </div>
   <div class='ocr_carea' id='block_1_6' title="bbox 116 1429 2117 1536">
    <p class='ocr_par' dir='ltr' id='par_1_7' title="bbox 116 1429 2117 1536">
     <span class='ocr_line' id='line_1_12' title="bbox 116 1429 2117 1536; baseline -0.009 -17"><span class='ocrx_word' id='word_1_141' title='bbox 116 1453 223 1534; x_wconf 93' lang='lat' dir='ltr'><strong>tiam,</strong></span> <span class='ocrx_word' id='word_1_142' title='bbox 249 1465 325 1518; x_wconf 92' lang='lat' dir='ltr'><strong>tum</strong></span> <span class='ocrx_word' id='word_1_143' title='bbox 339 1462 678 1536; x_wconf 87' lang='lat' dir='ltr'><strong>temperamentum,</strong></span> <span class='ocrx_word' id='word_1_144' title='bbox 707 1461 784 1516; x_wconf 92' lang='lat' dir='ltr'><strong>tum</strong></span> <span class='ocrx_word' id='word_1_145' title='bbox 802 1439 968 1533; x_wconf 77' lang='grc' dir='ltr'><strong>δύναμιν</strong></span> <span class='ocrx_word' id='word_1_146' title='bbox 972 1494 987 1530; x_wconf 85' lang='grc'>,</span> <span class='ocrx_word' id='word_1_147' title='bbox 1015 1464 1105 1532; x_wconf 90' lang='lat' dir='ltr'><strong>quae</strong></span> <span class='ocrx_word' id='word_1_148' title='bbox 1160 1433 1339 1525; x_wconf 88' lang='lat' dir='ltr'><strong>perficitur</strong></span> <span class='ocrx_word' id='word_1_149' title='bbox 1355 1431 1467 1500; x_wconf 91' lang='lat' dir='ltr'><strong>coctio</strong></span> <span class='ocrx_word' id='word_1_150' title='bbox 1480 1429 1671 1532; x_wconf 66' lang='lat' dir='ltr'><strong>¹Zinzibere</strong></span> <span class='ocrx_word' id='word_1_151' title='bbox 1697 1445 1731 1501; x_wconf 88' lang='lat' dir='ltr'><strong>et</strong></span> <span class='ocrx_word' id='word_1_152' title='bbox 1746 1430 1825 1500; x_wconf 90' lang='lat' dir='ltr'><strong>aliis</strong></span> <span class='ocrx_word' id='word_1_153' title='bbox 1840 1429 2117 1503; x_wconf 84' lang='lat' dir='ltr'><strong>medicamentis.</strong></span> 
     </span>
    </p>
   </div>
   <div class='ocr_carea' id='block_1_7' title="bbox 115 1543 2150 1958">
    <p class='ocr_par' dir='ltr' id='par_1_8' title="bbox 115 1543 2150 1842">
     <span class='ocr_line' id='line_1_13' title="bbox 116 1543 2150 1641; baseline -0.002 -22"><span class='ocrx_word' id='word_1_154' title='bbox 116 1567 163 1621; x_wconf 96' lang='grc' dir='ltr'><strong>εει</strong></span> <span class='ocrx_word' id='word_1_155' title='bbox 177 1549 448 1641; x_wconf 84' lang='lat' dir='ltr'><strong>temperamenti</strong></span> <span class='ocrx_word' id='word_1_156' title='bbox 466 1549 637 1625; x_wconf 85' lang='lat' dir='ltr'><strong>efficacia,</strong></span> <span class='ocrx_word' id='word_1_157' title='bbox 665 1572 729 1615; x_wconf 91' lang='lat' dir='ltr'><strong>nec</strong></span> <span class='ocrx_word' id='word_1_158' title='bbox 745 1571 783 1615; x_wconf 91' lang='lat' dir='ltr'><strong>re</strong></span> <span class='ocrx_word' id='word_1_159' title='bbox 799 1547 874 1636; x_wconf 90' lang='lat' dir='ltr'><strong>ipsa</strong></span> <span class='ocrx_word' id='word_1_160' title='bbox 890 1543 1106 1612; x_wconf 88' lang='lat' dir='ltr'><strong>discernitur</strong></span> <span class='ocrx_word' id='word_1_161' title='bbox 1261 1547 1350 1617; x_wconf 75' lang='lat' dir='ltr'><strong>Item</strong></span> <span class='ocrx_word' id='word_1_162' title='bbox 1376 1547 1415 1615; x_wconf 87' lang='lat' dir='ltr'><strong>in</strong></span> <span class='ocrx_word' id='word_1_163' title='bbox 1440 1570 1531 1638; x_wconf 81' lang='lat' dir='ltr'><strong>pane</strong></span> <span class='ocrx_word' id='word_1_164' title='bbox 1553 1547 1714 1616; x_wconf 83' lang='lat' dir='ltr'><strong>faciendo</strong></span> <span class='ocrx_word' id='word_1_165' title='bbox 1738 1570 1794 1615; x_wconf 91' lang='lat' dir='ltr'><strong>ars</strong></span> <span class='ocrx_word' id='word_1_166' title='bbox 1817 1544 1951 1637; x_wconf 87' lang='lat' dir='ltr'><strong>perficit</strong></span> <span class='ocrx_word' id='word_1_167' title='bbox 1974 1560 2150 1633; x_wconf 88' lang='lat' dir='ltr'><strong>naturam,</strong></span> 
     </span>
     <span class='ocr_line' id='line_1_14' title="bbox 115 1641 2149 1741; baseline 0 -24"><span class='ocrx_word' id='word_1_168' title='bbox 115 1677 132 1721; x_wconf 88' lang='lat' dir='ltr'><strong>a</strong></span> <span class='ocrx_word' id='word_1_169' title='bbox 149 1661 440 1741; x_wconf 87' lang='lat' dir='ltr'><strong>temperamento.</strong></span> <span class='ocrx_word' id='word_1_170' title='bbox 491 1647 568 1717; x_wconf 90' lang='lat' dir='ltr'><strong>Hae</strong></span> <span class='ocrx_word' id='word_1_171' title='bbox 584 1647 810 1717; x_wconf 88' lang='lat' dir='ltr'><strong>Medicorum</strong></span> <span class='ocrx_word' id='word_1_172' title='bbox 835 1645 1033 1714; x_wconf 78' lang='lat' dir='ltr'><strong>locutiones</strong></span> <span class='ocrx_word' id='word_1_173' title='bbox 1051 1641 1105 1707; x_wconf 77' lang='lat' dir='ltr'><strong>vi·</strong></span> <span class='ocrx_word' id='word_1_174' title='bbox 1161 1662 1343 1739; x_wconf 87' lang='lat' dir='ltr'><strong>praeparat</strong></span> <span class='ocrx_word' id='word_1_175' title='bbox 1359 1651 1453 1718; x_wconf 91' lang='lat' dir='ltr'><strong>enim</strong></span> <span class='ocrx_word' id='word_1_176' title='bbox 1476 1649 1634 1719; x_wconf 89' lang='lat' dir='ltr'><strong>triticum</strong></span> <span class='ocrx_word' id='word_1_177' title='bbox 1657 1663 1690 1718; x_wconf 92' lang='lat' dir='ltr'><strong>et</strong></span> <span class='ocrx_word' id='word_1_178' title='bbox 1707 1648 1847 1740; x_wconf 88' lang='lat' dir='ltr'><strong>coquit,</strong></span> <span class='ocrx_word' id='word_1_179' title='bbox 1873 1661 1913 1718; x_wconf 91' lang='lat' dir='ltr'><strong>ut</strong></span> <span class='ocrx_word' id='word_1_180' title='bbox 1931 1649 2149 1719; x_wconf 86' lang='lat' dir='ltr'><strong>ventriculus</strong></span> 
     </span>
     <span class='ocr_line' id='line_1_15' title="bbox 116 1743 1471 1842; baseline -0.01 -20"><span class='ocrx_word' id='word_1_181' title='bbox 116 1756 247 1823; x_wconf 86' lang='lat' dir='ltr'><strong>dentur</strong></span> <span class='ocrx_word' id='word_1_182' title='bbox 272 1752 472 1841; x_wconf 82' lang='lat' dir='ltr'><strong>planiores,</strong></span> <span class='ocrx_word' id='word_1_183' title='bbox 505 1773 523 1816; x_wconf 92' lang='lat' dir='ltr'><strong>a</strong></span> <span class='ocrx_word' id='word_1_184' title='bbox 550 1750 680 1842; x_wconf 90' lang='lat' dir='ltr'><strong>quibus</strong></span> <span class='ocrx_word' id='word_1_185' title='bbox 702 1772 775 1817; x_wconf 92' lang='lat' dir='ltr'><strong>non</strong></span> <span class='ocrx_word' id='word_1_186' title='bbox 808 1745 984 1835; x_wconf 88' lang='lat' dir='ltr'><strong>discrepat</strong></span> <span class='ocrx_word' id='word_1_187' title='bbox 1009 1743 1104 1834; x_wconf 93' lang='lat' dir='ltr'><strong>quod</strong></span> <span class='ocrx_word' id='word_1_188' title='bbox 1159 1751 1471 1840; x_wconf 69' lang='lat' dir='ltr'><strong>faciliusaccipiat‚</strong></span> 
     </span>
    </p>

    <p class='ocr_par' dir='ltr' id='par_1_9' title="bbox 116 1850 2148 1958">
     <span class='ocr_line' id='line_1_16' title="bbox 116 1850 2148 1958; baseline -0.006 -36"><span class='ocrx_word' id='word_1_189' title='bbox 116 1850 326 1922; x_wconf 76' lang='lat' dir='ltr'><strong>Aristoteles</strong></span> <span class='ocrx_word' id='word_1_190' title='bbox 345 1853 485 1920; x_wconf 90' lang='lat' dir='ltr'><strong>tandem</strong></span> <span class='ocrx_word' id='word_1_191' title='bbox 504 1874 544 1918; x_wconf 92' lang='grc' dir='ltr'><strong>εο</strong></span> <span class='ocrx_word' id='word_1_192' title='bbox 562 1851 758 1932; x_wconf 90' lang='lat' dir='ltr'><strong>delabitur,</strong></span> <span class='ocrx_word' id='word_1_193' title='bbox 783 1861 824 1917; x_wconf 93' lang='lat' dir='ltr'><strong>ut</strong></span> <span class='ocrx_word' id='word_1_194' title='bbox 845 1859 1008 1916; x_wconf 89' lang='lat' dir='ltr'><strong>naturam</strong></span> <span class='ocrx_word' id='word_1_195' title='bbox 1032 1864 1105 1911; x_wconf 89' lang='lat' dir='ltr'><strong>esse</strong></span> <span class='ocrx_word' id='word_1_196' title='bbox 1263 1866 1374 1958; x_wconf 62' lang='lat' dir='ltr'><strong>saepe</strong></span> <span class='ocrx_word' id='word_1_197' title='bbox 1405 1882 1521 1936; x_wconf 64' lang='lat' dir='ltr'><strong>amem</strong></span> <span class='ocrx_word' id='word_1_198' title='bbox 1547 1889 1603 1936; x_wconf 62' lang='lat' dir='ltr'><strong>a„</strong></span> <span class='ocrx_word' id='word_1_199' title='bbox 1632 1882 1683 1938; x_wconf 49' lang='grc' dir='ltr'><strong>επ</strong></span> <span class='ocrx_word' id='word_1_200' title='bbox 1707 1868 1878 1938; x_wconf 57' lang='lat' dir='ltr'><strong>imqgaqrqx</strong></span> <span class='ocrx_word' id='word_1_201' title='bbox 1908 1881 2075 1954; x_wconf 54' lang='lat' dir='ltr'>naturae,</span> <span class='ocrx_word' id='word_1_202' title='bbox 2108 1883 2148 1939; x_wconf 60' lang='grc' dir='ltr'><strong>,η</strong></span> 
     </span>
    </p>
   </div>
   <div class='ocr_carea' id='block_1_8' title="bbox 117 1950 2150 2062">
    <p class='ocr_par' dir='ltr' id='par_1_10' title="bbox 117 1950 2150 2062">
     <span class='ocr_line' id='line_1_17' title="bbox 117 1950 2150 2062; baseline -0.005 -12"><span class='ocrx_word' id='word_1_203' title='bbox 117 1955 213 2023; x_wconf 55' lang='lat' dir='ltr'><strong>dicat</strong></span> <span class='ocrx_word' id='word_1_204' title='bbox 233 1955 382 2021; x_wconf 65' lang='lat' dir='ltr'><strong>s⁰s¹¹¹³¹¹¹</strong></span> <span class='ocrx_word' id='word_1_205' title='bbox 402 1950 683 2021; x_wconf 56' lang='lat' dir='ltr'><strong>‘Ubiiantiilffi</strong></span> <span class='ocrx_word' id='word_1_206' title='bbox 1160 1968 1327 2039; x_wconf 83' lang='lat' dir='ltr'><strong>cerevisia</strong></span> <span class='ocrx_word' id='word_1_207' title='bbox 1355 1980 1448 2038; x_wconf 88' lang='lat' dir='ltr'><strong>recte</strong></span> <span class='ocrx_word' id='word_1_208' title='bbox 1465 1980 1560 2037; x_wconf 91' lang='lat' dir='ltr'><strong>cocta</strong></span> <span class='ocrx_word' id='word_1_209' title='bbox 1577 1982 1629 2037; x_wconf 94' lang='lat' dir='ltr'><strong>est</strong></span> <span class='ocrx_word' id='word_1_210' title='bbox 1652 1968 1823 2038; x_wconf 80' lang='lat' dir='ltr'><strong>imitatrix</strong></span> <span class='ocrx_word' id='word_1_211' title='bbox 1841 1968 1938 2054; x_wconf 91' lang='lat' dir='ltr'><strong>vini,</strong></span> <span class='ocrx_word' id='word_1_212' title='bbox 1964 1970 2047 2062; x_wconf 89' lang='lat' dir='ltr'><strong>quia</strong></span> <span class='ocrx_word' id='word_1_213' title='bbox 2070 1991 2150 2039; x_wconf 88' lang='lat' dir='ltr'><strong>suc·</strong></span> 
     </span>
    </p>
   </div>
   <div class='ocr_carea' id='block_1_9' title="bbox 116 2064 2248 4107">
    <p class='ocr_par' dir='ltr' id='par_1_11' title="bbox 116 2064 2248 3182">
     <span class='ocr_line' id='line_1_18' title="bbox 219 2064 2148 2177; baseline -0.007 -23"><span class='ocrx_word' id='word_1_214' title='bbox 219 2083 293 2154; x_wconf 93' lang='lat' dir='ltr'><strong>Nec</strong></span> <span class='ocrx_word' id='word_1_215' title='bbox 306 2084 389 2152; x_wconf 90' lang='lat' dir='ltr'><strong>volo</strong></span> <span class='ocrx_word' id='word_1_216' title='bbox 408 2083 580 2174; x_wconf 83' lang='lat' dir='ltr'><strong>prolixius</strong></span> <span class='ocrx_word' id='word_1_217' title='bbox 602 2077 764 2177; x_wconf 81' lang='lat' dir='ltr'><strong>persequi</strong></span> <span class='ocrx_word' id='word_1_218' title='bbox 782 2078 865 2162; x_wconf 90' lang='lat' dir='ltr'><strong>has,</strong></span> <span class='ocrx_word' id='word_1_219' title='bbox 892 2083 936 2150; x_wconf 93' lang='lat' dir='ltr'><strong>de</strong></span> <span class='ocrx_word' id='word_1_220' title='bbox 952 2079 1109 2170; x_wconf 91' lang='lat' dir='ltr'><strong>adpella-</strong></span> <span class='ocrx_word' id='word_1_221' title='bbox 1162 2095 1223 2139; x_wconf 90' lang='lat' dir='ltr'><strong>cus</strong></span> <span class='ocrx_word' id='word_1_222' title='bbox 1245 2095 1285 2138; x_wconf 81' lang='lat' dir='ltr'><strong>ex</strong></span> <span class='ocrx_word' id='word_1_223' title='bbox 1311 2064 1447 2138; x_wconf 83' lang='lat' dir='ltr'><strong>hordeo</strong></span> <span class='ocrx_word' id='word_1_224' title='bbox 1469 2092 1670 2159; x_wconf 86' lang='lat' dir='ltr'><strong>expressus,</strong></span> <span class='ocrx_word' id='word_1_225' title='bbox 1694 2072 1809 2140; x_wconf 90' lang='lat' dir='ltr'><strong>nutrit</strong></span> <span class='ocrx_word' id='word_1_226' title='bbox 1831 2083 1864 2137; x_wconf 92' lang='lat' dir='ltr'><strong>et</strong></span> <span class='ocrx_word' id='word_1_227' title='bbox 1883 2073 2038 2140; x_wconf 86' lang='lat' dir='ltr'><strong>tenuiter</strong></span> <span class='ocrx_word' id='word_1_228' title='bbox 2054 2072 2148 2140; x_wconf 88' lang='lat' dir='ltr'><strong>cale-</strong></span> 
     </span>
     <span class='ocr_line' id='line_1_19' title="bbox 119 2170 2248 2274; baseline -0.009 -16"><span class='ocrx_word' id='word_1_229' title='bbox 119 2190 240 2269; x_wconf 90' lang='lat' dir='ltr'><strong>tione,</strong></span> <span class='ocrx_word' id='word_1_230' title='bbox 274 2199 336 2256; x_wconf 89' lang='lat' dir='ltr'><strong>aut</strong></span> <span class='ocrx_word' id='word_1_231' title='bbox 360 2185 584 2267; x_wconf 90' lang='lat' dir='ltr'><strong>definitione,</strong></span> <span class='ocrx_word' id='word_1_232' title='bbox 618 2183 893 2274; x_wconf 83' lang='lat' dir='ltr'><strong>disputationes,</strong></span> <span class='ocrx_word' id='word_1_233' title='bbox 925 2180 1111 2273; x_wconf 89' lang='lat' dir='ltr'><strong>inquibus</strong></span> <span class='ocrx_word' id='word_1_234' title='bbox 1160 2174 1261 2256; x_wconf 81' lang='lat' dir='ltr'><strong>iacit,</strong></span> <span class='ocrx_word' id='word_1_235' title='bbox 1286 2173 1345 2239; x_wconf 88' lang='lat' dir='ltr'><strong>sed</strong></span> <span class='ocrx_word' id='word_1_236' title='bbox 1381 2170 1526 2260; x_wconf 89' lang='lat' dir='ltr'><strong>lupulus</strong></span> <span class='ocrx_word' id='word_1_237' title='bbox 1554 2171 1715 2255; x_wconf 89' lang='lat' dir='ltr'><strong>additur,</strong></span> <span class='ocrx_word' id='word_1_238' title='bbox 1747 2184 1823 2239; x_wconf 93' lang='lat' dir='ltr'><strong>tum</strong></span> <span class='ocrx_word' id='word_1_239' title='bbox 1847 2171 1999 2259; x_wconf 86' lang='lat' dir='ltr'><strong>augendi</strong></span> <span class='ocrx_word' id='word_1_240' title='bbox 2020 2171 2148 2240; x_wconf 90' lang='lat' dir='ltr'><strong>caloris</strong></span> <span class='ocrx_word' id='word_1_241' title='bbox 2199 2249 2202 2257; x_wconf 29' lang='lat'>¹</span> <span class='ocrx_word' id='word_1_242' title='bbox 2242 2194 2248 2203; x_wconf 92' lang='lat'><em>·</em></span> 
     </span>
     <span class='ocr_line' id='line_1_20' title="bbox 117 2271 1841 2381; baseline -0.009 -23"><span class='ocrx_word' id='word_1_243' title='bbox 117 2289 253 2359; x_wconf 89' lang='lat' dir='ltr'><strong>multae</strong></span> <span class='ocrx_word' id='word_1_244' title='bbox 283 2300 367 2356; x_wconf 90' lang='lat' dir='ltr'><strong>sunt</strong></span> <span class='ocrx_word' id='word_1_245' title='bbox 393 2287 543 2354; x_wconf 90' lang='lat' dir='ltr'><strong>aliorum</strong></span> <span class='ocrx_word' id='word_1_246' title='bbox 578 2278 813 2381; x_wconf 78' lang='grc' dir='ltr'><strong><em>λογομαχίαι.</em></strong></span> <span class='ocrx_word' id='word_1_247' title='bbox 866 2282 944 2351; x_wconf 83' lang='grc' dir='ltr'><strong>Ηοε</strong></span> <span class='ocrx_word' id='word_1_248' title='bbox 967 2281 1050 2348; x_wconf 89' lang='lat' dir='ltr'><strong>satis</strong></span> <span class='ocrx_word' id='word_1_249' title='bbox 1071 2280 1110 2347; x_wconf 92' lang='lat' dir='ltr'><strong>fit</strong></span> <span class='ocrx_word' id='word_1_250' title='bbox 1161 2296 1282 2356; x_wconf 88' lang='lat' dir='ltr'><strong>causa,</strong></span> <span class='ocrx_word' id='word_1_251' title='bbox 1309 2287 1383 2340; x_wconf 88' lang='lat' dir='ltr'><strong>tum</strong></span> <span class='ocrx_word' id='word_1_252' title='bbox 1400 2284 1520 2339; x_wconf 90' lang='lat' dir='ltr'><strong>contra</strong></span> <span class='ocrx_word' id='word_1_253' title='bbox 1536 2271 1841 2360; x_wconf 82' lang='lat' dir='ltr'><strong>putrefactionem.</strong></span> 
     </span>
     <span class='ocr_line' id='line_1_21' title="bbox 117 2381 2148 2472; baseline -0.001 -14"><span class='ocrx_word' id='word_1_254' title='bbox 117 2387 288 2471; x_wconf 86' lang='lat' dir='ltr'><strong>discenti,</strong></span> <span class='ocrx_word' id='word_1_255' title='bbox 315 2387 551 2467; x_wconf 88' lang='lat' dir='ltr'><strong>considerare,</strong></span> <span class='ocrx_word' id='word_1_256' title='bbox 579 2385 901 2453; x_wconf 71' lang='lat' dir='ltr'><strong>necessarinm&#39;esse</strong></span> <span class='ocrx_word' id='word_1_257' title='bbox 919 2381 1109 2449; x_wconf 90' lang='lat' dir='ltr'><strong>discrimen</strong></span> <span class='ocrx_word' id='word_1_258' title='bbox 1264 2387 1335 2458; x_wconf 84' lang='lat' dir='ltr'><strong>Sed</strong></span> <span class='ocrx_word' id='word_1_259' title='bbox 1360 2389 1404 2456; x_wconf 80' lang='lat' dir='ltr'><strong>ad</strong></span> <span class='ocrx_word' id='word_1_260' title='bbox 1429 2381 1497 2453; x_wconf 88' lang='lat' dir='ltr'><strong>hoc</strong></span> <span class='ocrx_word' id='word_1_261' title='bbox 1520 2387 1675 2470; x_wconf 80' lang='lat' dir='ltr'><strong>dictrrm,</strong></span> <span class='ocrx_word' id='word_1_262' title='bbox 1702 2384 1771 2456; x_wconf 88' lang='lat' dir='ltr'><strong>Ars</strong></span> <span class='ocrx_word' id='word_1_263' title='bbox 1791 2387 1953 2457; x_wconf 85' lang='lat' dir='ltr'><strong>imitatur</strong></span> <span class='ocrx_word' id='word_1_264' title='bbox 1972 2404 2148 2472; x_wconf 89' lang='lat' dir='ltr'><strong>naturam,</strong></span> 
     </span>
     <span class='ocr_line' id='line_1_22' title="bbox 116 2476 2148 2581; baseline 0 -23"><span class='ocrx_word' id='word_1_265' title='bbox 116 2488 335 2559; x_wconf 85' lang='lat' dir='ltr'><strong>naturalium</strong></span> <span class='ocrx_word' id='word_1_266' title='bbox 353 2485 660 2574; x_wconf 86' lang='lat' dir='ltr'><strong>etartificialium,</strong></span> <span class='ocrx_word' id='word_1_267' title='bbox 687 2476 1110 2576; x_wconf 69' lang='lat' dir='ltr'><strong>qttianecetsee⁸iphy·</strong></span> <span class='ocrx_word' id='word_1_268' title='bbox 1161 2490 1333 2559; x_wconf 89' lang='lat' dir='ltr'><strong>correctio</strong></span> <span class='ocrx_word' id='word_1_269' title='bbox 1361 2487 1526 2569; x_wconf 87' lang='lat' dir='ltr'><strong>additur,</strong></span> <span class='ocrx_word' id='word_1_270' title='bbox 1559 2511 1633 2554; x_wconf 91' lang='lat' dir='ltr'><strong>non</strong></span> <span class='ocrx_word' id='word_1_271' title='bbox 1667 2487 1942 2571; x_wconf 87' lang='lat' dir='ltr'><strong>dissimulanda,</strong></span> <span class='ocrx_word' id='word_1_272' title='bbox 1975 2504 2148 2581; x_wconf 90' lang='lat' dir='ltr'><strong>quantum</strong></span> 
     </span>
     <span class='ocr_line' id='line_1_23' title="bbox 116 2584 2150 2681; baseline 0 -22"><span class='ocrx_word' id='word_1_273' title='bbox 116 2593 189 2660; x_wconf 90' lang='lat' dir='ltr'><strong>sico</strong></span> <span class='ocrx_word' id='word_1_274' title='bbox 205 2587 447 2671; x_wconf 85' lang='lat' dir='ltr'><strong>considerare,</strong></span> <span class='ocrx_word' id='word_1_275' title='bbox 472 2609 573 2679; x_wconf 82' lang='lat' dir='ltr'><strong>quae,</strong></span> <span class='ocrx_word' id='word_1_276' title='bbox 596 2608 703 2678; x_wconf 85' lang='lat' dir='ltr'><strong>quam</strong></span> <span class='ocrx_word' id='word_1_277' title='bbox 721 2584 813 2669; x_wconf 88' lang='lat' dir='ltr'><strong>vim,</strong></span> <span class='ocrx_word' id='word_1_278' title='bbox 839 2596 872 2654; x_wconf 80' lang='lat' dir='ltr'><strong>ei</strong></span> <span class='ocrx_word' id='word_1_279' title='bbox 888 2604 978 2676; x_wconf 68' lang='lat' dir='ltr'><strong>quos</strong></span> <span class='ocrx_word' id='word_1_280' title='bbox 993 2593 1111 2649; x_wconf 68' lang='lat' dir='ltr'>¹¹¹inss</span> <span class='ocrx_word' id='word_1_281' title='bbox 1162 2600 1295 2681; x_wconf 88' lang='lat' dir='ltr'><strong>potest,</strong></span> <span class='ocrx_word' id='word_1_282' title='bbox 1320 2611 1389 2680; x_wconf 92' lang='lat' dir='ltr'><strong>qua</strong></span> <span class='ocrx_word' id='word_1_283' title='bbox 1407 2586 1624 2675; x_wconf 86' lang='lat' dir='ltr'><strong>significatur</strong></span> <span class='ocrx_word' id='word_1_284' title='bbox 1637 2601 1799 2656; x_wconf 89' lang='lat' dir='ltr'><strong>naturam</strong></span> <span class='ocrx_word' id='word_1_285' title='bbox 1821 2588 2057 2677; x_wconf 85' lang='lat' dir='ltr'><strong>potentiorem</strong></span> <span class='ocrx_word' id='word_1_286' title='bbox 2075 2613 2150 2660; x_wconf 90' lang='lat' dir='ltr'><strong>esse</strong></span> 
     </span>
     <span class='ocr_line' id='line_1_24' title="bbox 117 2680 2149 2778; baseline -0.004 -8"><span class='ocrx_word' id='word_1_287' title='bbox 117 2714 161 2759; x_wconf 58' lang='grc' dir='ltr'>εἰ</span> <span class='ocrx_word' id='word_1_288' title='bbox 179 2713 243 2759; x_wconf 70' lang='lat'><strong>⁵1¹³</strong></span> <span class='ocrx_word' id='word_1_289' title='bbox 259 2702 404 2770; x_wconf 64' lang='lat' dir='ltr'><strong>natura,</strong></span> <span class='ocrx_word' id='word_1_290' title='bbox 430 2701 464 2757; x_wconf 70' lang='lat' dir='ltr'><strong>ei</strong></span> <span class='ocrx_word' id='word_1_291' title='bbox 480 2710 542 2777; x_wconf 63' lang='lat' dir='ltr'><strong>Per</strong></span> <span class='ocrx_word' id='word_1_292' title='bbox 559 2709 631 2755; x_wconf 68' lang='lat'><strong>⁵0³⁰</strong></span> <span class='ocrx_word' id='word_1_293' title='bbox 647 2680 820 2767; x_wconf 62' lang='lat' dir='ltr'><strong>habeam,</strong></span> <span class='ocrx_word' id='word_1_294' title='bbox 843 2707 933 2778; x_wconf 69' lang='lat' dir='ltr'><strong>(luae</strong></span> <span class='ocrx_word' id='word_1_295' title='bbox 950 2683 1111 2752; x_wconf 65' lang='lat' dir='ltr'><strong>timim·</strong></span> <span class='ocrx_word' id='word_1_296' title='bbox 1144 2705 1237 2762; x_wconf 82' lang='lat' dir='ltr'><strong>,arte</strong></span> <span class='ocrx_word' id='word_1_297' title='bbox 1256 2688 1461 2770; x_wconf 87' lang='lat' dir='ltr'><strong>imitatrice,</strong></span> <span class='ocrx_word' id='word_1_298' title='bbox 1487 2701 1527 2757; x_wconf 93' lang='lat' dir='ltr'><strong>ut</strong></span> <span class='ocrx_word' id='word_1_299' title='bbox 1550 2703 1675 2757; x_wconf 92' lang='lat' dir='ltr'><strong>natura</strong></span> <span class='ocrx_word' id='word_1_300' title='bbox 1698 2688 1811 2778; x_wconf 87' lang='lat' dir='ltr'><strong>gignit</strong></span> <span class='ocrx_word' id='word_1_301' title='bbox 1831 2690 2065 2776; x_wconf 88' lang='lat' dir='ltr'><strong>substautias,</strong></span> <span class='ocrx_word' id='word_1_302' title='bbox 2091 2711 2149 2761; x_wconf 84' lang='lat' dir='ltr'><strong>ars</strong></span> 
     </span>
     <span class='ocr_line' id='line_1_25' title="bbox 122 2786 2149 2881; baseline 0 -22"><span class='ocrx_word' id='word_1_303' title='bbox 122 2789 277 2860; x_wconf 81' lang='lat' dir='ltr'><strong>externis</strong></span> <span class='ocrx_word' id='word_1_304' title='bbox 299 2789 424 2857; x_wconf 88' lang='lat' dir='ltr'><strong>causis.</strong></span> <span class='ocrx_word' id='word_1_305' title='bbox 480 2786 576 2875; x_wconf 86' lang='lat' dir='ltr'><strong>lgnis</strong></span> <span class='ocrx_word' id='word_1_306' title='bbox 595 2809 658 2855; x_wconf 91' lang='lat' dir='ltr'><strong>sua</strong></span> <span class='ocrx_word' id='word_1_307' title='bbox 683 2788 719 2855; x_wconf 92' lang='lat' dir='ltr'><strong>vi</strong></span> <span class='ocrx_word' id='word_1_308' title='bbox 744 2809 882 2856; x_wconf 89' lang='lat' dir='ltr'><strong>sursum</strong></span> <span class='ocrx_word' id='word_1_309' title='bbox 908 2786 1041 2866; x_wconf 88' lang='lat' dir='ltr'><strong>fertur,</strong></span> <span class='ocrx_word' id='word_1_310' title='bbox 1074 2793 1110 2851; x_wconf 86' lang='lat' dir='ltr'><strong>at</strong></span> <span class='ocrx_word' id='word_1_311' title='bbox 1163 2816 1236 2861; x_wconf 84' lang='lat' dir='ltr'><strong>non</strong></span> <span class='ocrx_word' id='word_1_312' title='bbox 1253 2789 1379 2879; x_wconf 83' lang='lat' dir='ltr'><strong>gignit.</strong></span> <span class='ocrx_word' id='word_1_313' title='bbox 1419 2786 1601 2857; x_wconf 88' lang='lat' dir='ltr'><strong>Naturalis</strong></span> <span class='ocrx_word' id='word_1_314' title='bbox 1614 2802 1732 2859; x_wconf 87' lang='lat' dir='ltr'><strong>motus</strong></span> <span class='ocrx_word' id='word_1_315' title='bbox 1750 2791 1787 2857; x_wconf 92' lang='lat' dir='ltr'><strong>in</strong></span> <span class='ocrx_word' id='word_1_316' title='bbox 1804 2813 1951 2880; x_wconf 88' lang='lat' dir='ltr'><strong>corpore</strong></span> <span class='ocrx_word' id='word_1_317' title='bbox 1966 2791 2071 2881; x_wconf 87' lang='lat' dir='ltr'><strong>longe</strong></span> <span class='ocrx_word' id='word_1_318' title='bbox 2083 2814 2149 2881; x_wconf 87' lang='lat' dir='ltr'><strong>po·</strong></span> 
     </span>
     <span class='ocr_line' id='line_1_26' title="bbox 122 2879 2149 2981; baseline -0 -20"><span class='ocrx_word' id='word_1_319' title='bbox 122 2891 212 2981; x_wconf 88' lang='lat' dir='ltr'><strong>lapis</strong></span> <span class='ocrx_word' id='word_1_320' title='bbox 237 2915 279 2959; x_wconf 85' lang='lat' dir='ltr'><strong>ex</strong></span> <span class='ocrx_word' id='word_1_321' title='bbox 307 2885 471 2957; x_wconf 83' lang='lat' dir='ltr'><strong>machina</strong></span> <span class='ocrx_word' id='word_1_322' title='bbox 494 2890 639 2958; x_wconf 86' lang='lat' dir='ltr'><strong>aliunde</strong></span> <span class='ocrx_word' id='word_1_323' title='bbox 664 2911 804 2957; x_wconf 80' lang='lat' dir='ltr'><strong>sursum</strong></span> <span class='ocrx_word' id='word_1_324' title='bbox 822 2885 979 2978; x_wconf 77' lang='lat' dir='ltr'><strong>pellitur·</strong></span> <span class='ocrx_word' id='word_1_325' title='bbox 1031 2879 1111 2950; x_wconf 74' lang='lat' dir='ltr'><strong>Hoc</strong></span> <span class='ocrx_word' id='word_1_326' title='bbox 1162 2893 1233 2962; x_wconf 92' lang='lat' dir='ltr'><strong>tior</strong></span> <span class='ocrx_word' id='word_1_327' title='bbox 1248 2903 1318 2975; x_wconf 91' lang='lat' dir='ltr'><strong>est,</strong></span> <span class='ocrx_word' id='word_1_328' title='bbox 1343 2912 1447 2981; x_wconf 90' lang='lat' dir='ltr'><strong>qnam</strong></span> <span class='ocrx_word' id='word_1_329' title='bbox 1463 2887 1674 2973; x_wconf 84' lang='lat' dir='ltr'><strong>artificialis,</strong></span> <span class='ocrx_word' id='word_1_330' title='bbox 1699 2902 1740 2960; x_wconf 94' lang='lat' dir='ltr'><strong>ut</strong></span> <span class='ocrx_word' id='word_1_331' title='bbox 1759 2913 1839 2959; x_wconf 91' lang='lat' dir='ltr'><strong>cum</strong></span> <span class='ocrx_word' id='word_1_332' title='bbox 1862 2905 1937 2961; x_wconf 89' lang='lat' dir='ltr'><strong>arte</strong></span> <span class='ocrx_word' id='word_1_333' title='bbox 1954 2892 2066 2963; x_wconf 89' lang='lat' dir='ltr'><strong>cietur</strong></span> <span class='ocrx_word' id='word_1_334' title='bbox 2081 2893 2149 2961; x_wconf 87' lang='lat' dir='ltr'><strong>ali-</strong></span> 
     </span>
     <span class='ocr_line' id='line_1_27' title="bbox 120 2983 2147 3087; baseline -0.005 -27"><span class='ocrx_word' id='word_1_335' title='bbox 120 2991 255 3081; x_wconf 90' lang='lat' dir='ltr'><strong>puerile</strong></span> <span class='ocrx_word' id='word_1_336' title='bbox 271 2989 462 3061; x_wconf 82' lang='lat' dir='ltr'><strong>discrimen</strong></span> <span class='ocrx_word' id='word_1_337' title='bbox 476 2984 536 3058; x_wconf 89' lang='lat' dir='ltr'><strong>hic</strong></span> <span class='ocrx_word' id='word_1_338' title='bbox 549 2990 721 3073; x_wconf 89' lang='lat' dir='ltr'><strong>traditur,</strong></span> <span class='ocrx_word' id='word_1_339' title='bbox 745 3012 810 3057; x_wconf 91' lang='lat' dir='ltr'><strong>nec</strong></span> <span class='ocrx_word' id='word_1_340' title='bbox 825 2989 898 3057; x_wconf 85' lang='lat' dir='ltr'><strong>fere</strong></span> <span class='ocrx_word' id='word_1_341' title='bbox 912 2986 1108 3078; x_wconf 88' lang='lat' dir='ltr'><strong>quidquam</strong></span> <span class='ocrx_word' id='word_1_342' title='bbox 1162 2993 1256 3087; x_wconf 74' lang='lat' dir='ltr'><strong>quod</strong></span> <span class='ocrx_word' id='word_1_343' title='bbox 1272 2983 1497 3082; x_wconf 67' lang='grc' dir='ltr'><strong><em>αὐτόματον,</em></strong></span> <span class='ocrx_word' id='word_1_344' title='bbox 1532 2987 1572 3056; x_wconf 86' lang='lat' dir='ltr'><strong>ln</strong></span> <span class='ocrx_word' id='word_1_345' title='bbox 1593 2986 1958 3080; x_wconf 71' lang='lat' dir='ltr'><strong>{osquinonarumd</strong></span> <span class='ocrx_word' id='word_1_346' title='bbox 1979 2993 2147 3061; x_wconf 65' lang='lat' dir='ltr'><strong>musicam</strong></span> 
     </span>
     <span class='ocr_line' id='line_1_28' title="bbox 119 3090 2149 3182; baseline 0 -22"><span class='ocrx_word' id='word_1_347' title='bbox 119 3093 284 3182; x_wconf 88' lang='lat' dir='ltr'><strong>amplius.</strong></span> <span class='ocrx_word' id='word_1_348' title='bbox 1162 3095 1314 3176; x_wconf 91' lang='lat' dir='ltr'><strong>idoneo,</strong></span> <span class='ocrx_word' id='word_1_349' title='bbox 1337 3091 1451 3159; x_wconf 93' lang='lat' dir='ltr'><strong>multo</strong></span> <span class='ocrx_word' id='word_1_350' title='bbox 1479 3090 1710 3178; x_wconf 88' lang='lat' dir='ltr'><strong>praestantior</strong></span> <span class='ocrx_word' id='word_1_351' title='bbox 1733 3090 1881 3159; x_wconf 84' lang='lat' dir='ltr'><strong>facultas</strong></span> <span class='ocrx_word' id='word_1_352' title='bbox 1908 3106 1960 3161; x_wconf 93' lang='lat' dir='ltr'><strong>est</strong></span> <span class='ocrx_word' id='word_1_353' title='bbox 1988 3094 2149 3176; x_wconf 88' lang='lat' dir='ltr'><strong>canendi,</strong></span> 
     </span>
    </p>

    <p class='ocr_par' dir='ltr' id='par_1_12' title="bbox 119 3187 2151 4012">
     <span class='ocr_line' id='line_1_29' title="bbox 222 3187 2149 3296; baseline -0.008 -20"><span class='ocrx_word' id='word_1_354' title='bbox 222 3202 364 3276; x_wconf 92' lang='lat' dir='ltr'><strong>Omitto</strong></span> <span class='ocrx_word' id='word_1_355' title='bbox 388 3207 494 3275; x_wconf 89' lang='lat' dir='ltr'><strong>etiam</strong></span> <span class='ocrx_word' id='word_1_356' title='bbox 517 3203 576 3274; x_wconf 89' lang='lat' dir='ltr'><strong>hic</strong></span> <span class='ocrx_word' id='word_1_357' title='bbox 599 3207 692 3274; x_wconf 86' lang='lat' dir='ltr'><strong>rixas</strong></span> <span class='ocrx_word' id='word_1_358' title='bbox 717 3204 902 3296; x_wconf 88' lang='lat' dir='ltr'><strong>inquibus</strong></span> <span class='ocrx_word' id='word_1_359' title='bbox 924 3213 1111 3295; x_wconf 85' lang='lat' dir='ltr'><strong>quaerunt,</strong></span> <span class='ocrx_word' id='word_1_360' title='bbox 1162 3218 1268 3288; x_wconf 92' lang='lat' dir='ltr'><strong>quam</strong></span> <span class='ocrx_word' id='word_1_361' title='bbox 1290 3193 1328 3259; x_wconf 93' lang='lat' dir='ltr'><strong>in</strong></span> <span class='ocrx_word' id='word_1_362' title='bbox 1350 3187 1497 3259; x_wconf 91' lang='lat' dir='ltr'><strong>homine</strong></span> <span class='ocrx_word' id='word_1_363' title='bbox 1519 3212 1661 3275; x_wconf 91' lang='lat' dir='ltr'><strong>amuso,</strong></span> <span class='ocrx_word' id='word_1_364' title='bbox 1686 3189 1749 3284; x_wconf 88' lang='lat' dir='ltr'><strong>qui</strong></span> <span class='ocrx_word' id='word_1_365' title='bbox 1772 3204 1890 3262; x_wconf 87' lang='lat' dir='ltr'><strong>tamen</strong></span> <span class='ocrx_word' id='word_1_366' title='bbox 1914 3206 2008 3272; x_wconf 89' lang='lat' dir='ltr'><strong>arte,</strong></span> <span class='ocrx_word' id='word_1_367' title='bbox 2033 3216 2149 3285; x_wconf 88' lang='lat' dir='ltr'><strong>quan·</strong></span> 
     </span>
     <span class='ocr_line' id='line_1_30' title="bbox 119 3286 2148 3402; baseline -0.007 -25"><span class='ocrx_word' id='word_1_368' title='bbox 119 3309 206 3402; x_wconf 92' lang='lat' dir='ltr'><strong>quid</strong></span> <span class='ocrx_word' id='word_1_369' title='bbox 238 3307 379 3375; x_wconf 89' lang='lat' dir='ltr'><strong>intersit</strong></span> <span class='ocrx_word' id='word_1_370' title='bbox 407 3308 502 3376; x_wconf 91' lang='lat' dir='ltr'><strong>inter</strong></span> <span class='ocrx_word' id='word_1_371' title='bbox 534 3319 696 3375; x_wconf 91' lang='lat' dir='ltr'><strong>naturam</strong></span> <span class='ocrx_word' id='word_1_372' title='bbox 732 3319 767 3375; x_wconf 94' lang='lat' dir='ltr'><strong>et</strong></span> <span class='ocrx_word' id='word_1_373' title='bbox 796 3329 869 3373; x_wconf 92' lang='lat' dir='ltr'><strong>rem</strong></span> <span class='ocrx_word' id='word_1_374' title='bbox 899 3300 1110 3372; x_wconf 90' lang='lat' dir='ltr'><strong>naturalem.</strong></span> <span class='ocrx_word' id='word_1_375' title='bbox 1162 3310 1237 3365; x_wconf 91' lang='lat' dir='ltr'><strong>tum</strong></span> <span class='ocrx_word' id='word_1_376' title='bbox 1258 3306 1371 3384; x_wconf 90' lang='lat' dir='ltr'><strong>potest</strong></span> <span class='ocrx_word' id='word_1_377' title='bbox 1394 3292 1563 3360; x_wconf 87' lang='lat' dir='ltr'><strong>musicam</strong></span> <span class='ocrx_word' id='word_1_378' title='bbox 1581 3291 1647 3360; x_wconf 91' lang='lat' dir='ltr'><strong>sibi</strong></span> <span class='ocrx_word' id='word_1_379' title='bbox 1665 3293 1819 3366; x_wconf 89' lang='lat' dir='ltr'><strong>accersit.</strong></span> <span class='ocrx_word' id='word_1_380' title='bbox 1870 3290 2011 3364; x_wconf 81' lang='lat' dir='ltr'><strong>Poiitica</strong></span> <span class='ocrx_word' id='word_1_381' title='bbox 2036 3286 2148 3363; x_wconf 80' lang='lat' dir='ltr'><strong>iaccrl&#39;-</strong></span> 
     </span>
     <span class='ocr_line' id='line_1_31' title="bbox 120 3391 2148 3500; baseline -0.008 -21"><span class='ocrx_word' id='word_1_382' title='bbox 120 3408 265 3479; x_wconf 91' lang='lat' dir='ltr'><strong>Medico</strong></span> <span class='ocrx_word' id='word_1_383' title='bbox 282 3403 376 3475; x_wconf 91' lang='lat' dir='ltr'><strong>nibil</strong></span> <span class='ocrx_word' id='word_1_384' title='bbox 395 3408 557 3492; x_wconf 87' lang='lat' dir='ltr'><strong>interest,</strong></span> <span class='ocrx_word' id='word_1_385' title='bbox 582 3406 645 3500; x_wconf 94' lang='lat' dir='ltr'><strong>qui</strong></span> <span class='ocrx_word' id='word_1_386' title='bbox 663 3406 894 3476; x_wconf 87' lang='lat' dir='ltr'><strong>substantiam</strong></span> <span class='ocrx_word' id='word_1_387' title='bbox 918 3405 1030 3492; x_wconf 88' lang='lat' dir='ltr'><strong>ipsam</strong></span> <span class='ocrx_word' id='word_1_388' title='bbox 1046 3423 1110 3469; x_wconf 90' lang='lat' dir='ltr'><strong>vo·</strong></span> <span class='ocrx_word' id='word_1_389' title='bbox 1162 3411 1214 3466; x_wconf 91' lang='lat' dir='ltr'><strong>tas</strong></span> <span class='ocrx_word' id='word_1_390' title='bbox 1236 3395 1342 3481; x_wconf 86' lang='lat' dir='ltr'><strong>longe</strong></span> <span class='ocrx_word' id='word_1_391' title='bbox 1364 3393 1596 3481; x_wconf 89' lang='lat' dir='ltr'><strong>praestantior</strong></span> <span class='ocrx_word' id='word_1_392' title='bbox 1611 3406 1666 3463; x_wconf 91' lang='lat' dir='ltr'><strong>est</strong></span> <span class='ocrx_word' id='word_1_393' title='bbox 1690 3393 1729 3459; x_wconf 92' lang='lat' dir='ltr'><strong>iu</strong></span> <span class='ocrx_word' id='word_1_394' title='bbox 1745 3391 1920 3477; x_wconf 89' lang='lat' dir='ltr'><strong>Homero,</strong></span> <span class='ocrx_word' id='word_1_395' title='bbox 1944 3395 2006 3487; x_wconf 91' lang='lat' dir='ltr'><strong>qui</strong></span> <span class='ocrx_word' id='word_1_396' title='bbox 2023 3418 2148 3487; x_wconf 84' lang='lat' dir='ltr'><strong>venam</strong></span> 
     </span>
     <span class='ocr_line' id='line_1_32' title="bbox 121 3490 2150 3592; baseline -0.007 -13"><span class='ocrx_word' id='word_1_397' title='bbox 121 3525 173 3579; x_wconf 87' lang='lat' dir='ltr'><strong>cat</strong></span> <span class='ocrx_word' id='word_1_398' title='bbox 198 3522 373 3582; x_wconf 89' lang='lat' dir='ltr'><strong>naturam.</strong></span> <span class='ocrx_word' id='word_1_399' title='bbox 425 3510 493 3580; x_wconf 78' lang='lat' dir='ltr'><strong>Sed</strong></span> <span class='ocrx_word' id='word_1_400' title='bbox 525 3509 554 3575; x_wconf 90' lang='lat' dir='ltr'><strong>si</strong></span> <span class='ocrx_word' id='word_1_401' title='bbox 576 3518 739 3575; x_wconf 89' lang='lat' dir='ltr'><strong>naturam</strong></span> <span class='ocrx_word' id='word_1_402' title='bbox 763 3506 905 3575; x_wconf 90' lang='lat' dir='ltr'><strong>vocabis</strong></span> <span class='ocrx_word' id='word_1_403' title='bbox 933 3499 1111 3592; x_wconf 76' lang='grc' dir='ltr'><strong>δύναμιν,</strong></span> <span class='ocrx_word' id='word_1_404' title='bbox 1161 3494 1268 3564; x_wconf 92' lang='lat' dir='ltr'><strong>habet</strong></span> <span class='ocrx_word' id='word_1_405' title='bbox 1284 3493 1466 3577; x_wconf 82' lang='lat' dir='ltr'><strong>foelicem,</strong></span> <span class='ocrx_word' id='word_1_406' title='bbox 1498 3518 1604 3586; x_wconf 89' lang='lat' dir='ltr'><strong>quam</strong></span> <span class='ocrx_word' id='word_1_407' title='bbox 1620 3493 1658 3560; x_wconf 93' lang='lat' dir='ltr'><strong>in</strong></span> <span class='ocrx_word' id='word_1_408' title='bbox 1674 3490 1842 3565; x_wconf 88' lang='lat' dir='ltr'><strong>Choerilo</strong></span> <span class='ocrx_word' id='word_1_409' title='bbox 1858 3497 1948 3565; x_wconf 90' lang='lat' dir='ltr'><strong>duro</strong></span> <span class='ocrx_word' id='word_1_410' title='bbox 1966 3509 2000 3565; x_wconf 91' lang='lat' dir='ltr'><strong>et</strong></span> <span class='ocrx_word' id='word_1_411' title='bbox 2017 3496 2150 3584; x_wconf 84' lang='lat' dir='ltr'><strong>inepto,</strong></span> 
     </span>
     <span class='ocr_line' id='line_1_33' title="bbox 120 3593 2149 3691; baseline -0.006 -13"><span class='ocrx_word' id='word_1_412' title='bbox 120 3625 181 3679; x_wconf 91' lang='lat' dir='ltr'><strong>aut</strong></span> <span class='ocrx_word' id='word_1_413' title='bbox 200 3610 473 3679; x_wconf 90' lang='lat' dir='ltr'><strong>inclinationem</strong></span> <span class='ocrx_word' id='word_1_414' title='bbox 498 3610 537 3676; x_wconf 93' lang='lat' dir='ltr'><strong>in</strong></span> <span class='ocrx_word' id='word_1_415' title='bbox 561 3608 774 3691; x_wconf 89' lang='lat' dir='ltr'><strong>substantia,</strong></span> <span class='ocrx_word' id='word_1_416' title='bbox 798 3606 901 3675; x_wconf 77' lang='lat' dir='ltr'><strong>facile</strong></span> <span class='ocrx_word' id='word_1_417' title='bbox 925 3617 976 3672; x_wconf 89' lang='lat' dir='ltr'><strong>est</strong></span> <span class='ocrx_word' id='word_1_418' title='bbox 991 3603 1111 3669; x_wconf 89' lang='lat' dir='ltr'><strong>videre</strong></span> <span class='ocrx_word' id='word_1_419' title='bbox 1163 3596 1225 3689; x_wconf 92' lang='lat' dir='ltr'><strong>qni</strong></span> <span class='ocrx_word' id='word_1_420' title='bbox 1256 3609 1374 3663; x_wconf 87' lang='lat' dir='ltr'><strong>tamen</strong></span> <span class='ocrx_word' id='word_1_421' title='bbox 1408 3593 1606 3666; x_wconf 86' lang='lat' dir='ltr'><strong>imitatione</strong></span> <span class='ocrx_word' id='word_1_422' title='bbox 1635 3608 1745 3664; x_wconf 90' lang='lat' dir='ltr'><strong>artem</strong></span> <span class='ocrx_word' id='word_1_423' title='bbox 1767 3597 2049 3690; x_wconf 89' lang='lat' dir='ltr'><strong>qualemcunque</strong></span> <span class='ocrx_word' id='word_1_424' title='bbox 2080 3597 2149 3666; x_wconf 89' lang='lat' dir='ltr'><strong>sibi</strong></span> 
     </span>
     <span class='ocr_line' id='line_1_34' title="bbox 120 3695 1358 3779; baseline -0.013 0"><span class='ocrx_word' id='word_1_425' title='bbox 120 3711 324 3779; x_wconf 89' lang='lat' dir='ltr'><strong>discrimen.</strong></span> <span class='ocrx_word' id='word_1_426' title='bbox 375 3710 480 3778; x_wconf 89' lang='lat' dir='ltr'><strong>Dices</strong></span> <span class='ocrx_word' id='word_1_427' title='bbox 497 3710 593 3777; x_wconf 92' lang='lat' dir='ltr'><strong>enim</strong></span> <span class='ocrx_word' id='word_1_428' title='bbox 609 3732 682 3775; x_wconf 90' lang='lat' dir='ltr'><strong>rem</strong></span> <span class='ocrx_word' id='word_1_429' title='bbox 699 3707 895 3776; x_wconf 85' lang='lat' dir='ltr'><strong>naturalem</strong></span> <span class='ocrx_word' id='word_1_430' title='bbox 913 3704 1110 3772; x_wconf 91' lang='lat' dir='ltr'><strong>subiectum</strong></span> <span class='ocrx_word' id='word_1_431' title='bbox 1163 3695 1358 3766; x_wconf 86' lang='lat' dir='ltr'><strong>accersivit.</strong></span> 
     </span>
     <span class='ocr_line' id='line_1_35' title="bbox 120 3806 2149 3904; baseline -0.001 -27"><span class='ocrx_word' id='word_1_432' title='bbox 120 3834 205 3891; x_wconf 86' lang='lat' dir='ltr'><strong>esse,</strong></span> <span class='ocrx_word' id='word_1_433' title='bbox 231 3823 395 3878; x_wconf 88' lang='lat' dir='ltr'><strong>naturam</strong></span> <span class='ocrx_word' id='word_1_434' title='bbox 410 3808 544 3899; x_wconf 92' lang='lat' dir='ltr'><strong>aliquid</strong></span> <span class='ocrx_word' id='word_1_435' title='bbox 563 3808 600 3874; x_wconf 93' lang='lat' dir='ltr'><strong>in</strong></span> <span class='ocrx_word' id='word_1_436' title='bbox 617 3808 773 3877; x_wconf 89' lang='lat' dir='ltr'><strong>subiecto</strong></span> <span class='ocrx_word' id='word_1_437' title='bbox 790 3806 886 3874; x_wconf 87' lang='lat' dir='ltr'><strong>ciens</strong></span> <span class='ocrx_word' id='word_1_438' title='bbox 901 3827 1025 3895; x_wconf 90' lang='lat' dir='ltr'><strong>perse,</strong></span> <span class='ocrx_word' id='word_1_439' title='bbox 1049 3824 1110 3870; x_wconf 86' lang='lat' dir='ltr'><strong>seu</strong></span> <span class='ocrx_word' id='word_1_440' title='bbox 1264 3809 1460 3904; x_wconf 65' lang='lat' dir='ltr'><strong>Explicatis</strong></span> <span class='ocrx_word' id='word_1_441' title='bbox 1486 3810 1667 3879; x_wconf 77' lang='lat' dir='ltr'><strong>vocabulis</strong></span> <span class='ocrx_word' id='word_1_442' title='bbox 1701 3825 1847 3881; x_wconf 72' lang='lat' dir='ltr'><strong>naturae</strong></span> <span class='ocrx_word' id='word_1_443' title='bbox 1882 3826 1918 3882; x_wconf 75' lang='lat' dir='ltr'><strong>et</strong></span> <span class='ocrx_word' id='word_1_444' title='bbox 1953 3814 2039 3886; x_wconf 64' lang='lat' dir='ltr'><strong>artis</strong></span> <span class='ocrx_word' id='word_1_445' title='bbox 2080 3817 2149 3884; x_wconf 66' lang='lat' dir='ltr'><strong>iam</strong></span> 
     </span>
     <span class='ocr_line' id='line_1_36' title="bbox 121 3903 2151 4012; baseline 0.001 -28"><span class='ocrx_word' id='word_1_446' title='bbox 121 3903 301 4000; x_wconf 73' lang='grc' dir='ltr'><strong>δύναμιν,</strong></span> <span class='ocrx_word' id='word_1_447' title='bbox 329 3933 391 3980; x_wconf 75' lang='lat' dir='ltr'><strong>seu</strong></span> <span class='ocrx_word' id='word_1_448' title='bbox 410 3909 692 4012; x_wconf 76' lang='lat' dir='ltr'><strong>inclinationem.</strong></span> <span class='ocrx_word' id='word_1_449' title='bbox 859 4004 862 4008; x_wconf 21' lang='grc' dir='ltr'>Ι</span> <span class='ocrx_word' id='word_1_450' title='bbox 1164 3914 1326 3984; x_wconf 82' lang='lat' dir='ltr'><strong>doctrina</strong></span> <span class='ocrx_word' id='word_1_451' title='bbox 1353 3935 1537 3981; x_wconf 89' lang='lat' dir='ltr'><strong>causarum</strong></span> <span class='ocrx_word' id='word_1_452' title='bbox 1568 3912 1748 3983; x_wconf 87' lang='lat' dir='ltr'><strong>recitanda</strong></span> <span class='ocrx_word' id='word_1_453' title='bbox 1778 3928 1849 3993; x_wconf 88' lang='lat' dir='ltr'><strong>est,</strong></span> <span class='ocrx_word' id='word_1_454' title='bbox 1882 3914 1920 3980; x_wconf 92' lang='lat' dir='ltr'><strong>in</strong></span> <span class='ocrx_word' id='word_1_455' title='bbox 1947 3939 2016 4006; x_wconf 93' lang='lat' dir='ltr'><strong>qua</strong></span> <span class='ocrx_word' id='word_1_456' title='bbox 2039 3918 2151 4006; x_wconf 86' lang='lat' dir='ltr'><strong>magis</strong></span> 
     </span>
    </p>

    <p class='ocr_par' dir='ltr' id='par_1_13' title="bbox 1164 4011 2150 4107">
     <span class='ocr_line' id='line_1_37' title="bbox 1164 4011 2150 4107; baseline 0.002 -22"><span class='ocrx_word' id='word_1_457' title='bbox 1164 4015 1423 4107; x_wconf 88' lang='lat' dir='ltr'><strong>conspicietur,</strong></span> <span class='ocrx_word' id='word_1_458' title='bbox 1448 4011 1533 4103; x_wconf 92' lang='lat' dir='ltr'><strong>quid</strong></span> <span class='ocrx_word' id='word_1_459' title='bbox 1553 4012 1599 4081; x_wconf 93' lang='lat' dir='ltr'><strong>sit</strong></span> <span class='ocrx_word' id='word_1_460' title='bbox 1616 4026 1743 4082; x_wconf 91' lang='lat' dir='ltr'><strong>natura</strong></span> <span class='ocrx_word' id='word_1_461' title='bbox 1771 4028 1803 4084; x_wconf 91' lang='lat' dir='ltr'><strong>et</strong></span> <span class='ocrx_word' id='word_1_462' title='bbox 1831 4038 1921 4107; x_wconf 91' lang='lat' dir='ltr'><strong>quae</strong></span> <span class='ocrx_word' id='word_1_463' title='bbox 1949 4017 2150 4087; x_wconf 88' lang='lat' dir='ltr'><strong>sintmuta·</strong></span> 
     </span>
    </p>
   </div>
   <div class='ocr_carea' id='block_1_10' title="bbox 338 4103 2139 4239">
    <p class='ocr_par' dir='ltr' id='par_1_14' title="bbox 338 4103 2139 4239">
     <span class='ocr_line' id='line_1_38' title="bbox 338 4103 2139 4239; baseline -0.009 -36"><span class='ocrx_word' id='word_1_464' title='bbox 338 4149 443 4230; x_wconf 74' lang='lat' dir='ltr'><strong>Quae</strong></span> <span class='ocrx_word' id='word_1_465' title='bbox 459 4151 546 4214; x_wconf 61' lang='lat' dir='ltr'><strong>,gunt</strong></span> <span class='ocrx_word' id='word_1_466' title='bbox 563 4165 626 4214; x_wconf 69' lang='lat' dir='ltr'><strong>m</strong></span> <span class='ocrx_word' id='word_1_467' title='bbox 646 4138 897 4239; x_wconf 50' lang='lat' dir='ltr'><strong>artificiales?</strong></span> <span class='ocrx_word' id='word_1_468' title='bbox 975 4103 976 4106; x_wconf 8' lang='grc' dir='ltr'><strong>Ἴ</strong></span> <span class='ocrx_word' id='word_1_469' title='bbox 1164 4118 1322 4196; x_wconf 91' lang='lat' dir='ltr'><strong>tionum,</strong></span> <span class='ocrx_word' id='word_1_470' title='bbox 1349 4139 1388 4185; x_wconf 90' lang='lat' dir='ltr'><strong>ac</strong></span> <span class='ocrx_word' id='word_1_471' title='bbox 1404 4115 1672 4203; x_wconf 85' lang='lat' dir='ltr'><strong>generationum</strong></span> <span class='ocrx_word' id='word_1_472' title='bbox 1689 4114 1793 4185; x_wconf 90' lang='lat' dir='ltr'><strong>initia</strong></span> <span class='ocrx_word' id='word_1_473' title='bbox 1816 4128 1852 4190; x_wconf 90' lang='lat' dir='ltr'><strong>et</strong></span> <span class='ocrx_word' id='word_1_474' title='bbox 1868 4117 2139 4205; x_wconf 86' lang='lat' dir='ltr'><strong>progressiones.</strong></span> 
     </span>
    </p>
   </div>
   <div class='ocr_carea' id='block_1_11' title="bbox 1032 4231 2150 4427">
    <p class='ocr_par' dir='ltr' id='par_1_15' title="bbox 1032 4231 2150 4427">
     <span class='ocr_line' id='line_1_39' title="bbox 1264 4231 2148 4325; baseline 0.003 -23"><span class='ocrx_word' id='word_1_475' title='bbox 1264 4231 1313 4303; x_wconf 81' lang='lat' dir='ltr'><strong>Et</strong></span> <span class='ocrx_word' id='word_1_476' title='bbox 1336 4257 1416 4302; x_wconf 90' lang='lat' dir='ltr'><strong>cum</strong></span> <span class='ocrx_word' id='word_1_477' title='bbox 1438 4232 1598 4302; x_wconf 87' lang='lat' dir='ltr'><strong>Platonis</strong></span> <span class='ocrx_word' id='word_1_478' title='bbox 1612 4232 1746 4302; x_wconf 91' lang='lat' dir='ltr'><strong>dictum</strong></span> <span class='ocrx_word' id='word_1_479' title='bbox 1763 4235 1807 4302; x_wconf 92' lang='lat' dir='ltr'><strong>de</strong></span> <span class='ocrx_word' id='word_1_480' title='bbox 1826 4233 1993 4304; x_wconf 90' lang='lat' dir='ltr'><strong>universo</strong></span> <span class='ocrx_word' id='word_1_481' title='bbox 2002 4236 2148 4325; x_wconf 84' lang='lat' dir='ltr'><strong>opificio</strong></span> 
     </span>
     <span class='ocr_line' id='line_1_40' title="bbox 1032 4335 2150 4427; baseline -0.001 -22"><span class='ocrx_word' id='word_1_482' title='bbox 1032 4389 1040 4405; x_wconf 94' lang='lat'><strong>.</strong></span> <span class='ocrx_word' id='word_1_483' title='bbox 1165 4337 1308 4405; x_wconf 91' lang='lat' dir='ltr'><strong>condito</strong></span> <span class='ocrx_word' id='word_1_484' title='bbox 1337 4335 1375 4401; x_wconf 92' lang='lat' dir='ltr'><strong>in</strong></span> <span class='ocrx_word' id='word_1_485' title='bbox 1398 4347 1545 4416; x_wconf 90' lang='lat' dir='ltr'><strong>natura,</strong></span> <span class='ocrx_word' id='word_1_486' title='bbox 1571 4346 1606 4404; x_wconf 93' lang='lat' dir='ltr'><strong>et</strong></span> <span class='ocrx_word' id='word_1_487' title='bbox 1626 4336 1755 4402; x_wconf 89' lang='lat' dir='ltr'><strong>deinde</strong></span> <span class='ocrx_word' id='word_1_488' title='bbox 1774 4336 1818 4403; x_wconf 88' lang='lat' dir='ltr'><strong>de</strong></span> <span class='ocrx_word' id='word_1_489' title='bbox 1841 4335 2009 4404; x_wconf 90' lang='lat' dir='ltr'><strong>omnibus</strong></span> <span class='ocrx_word' id='word_1_490' title='bbox 2031 4339 2150 4427; x_wconf 90' lang='lat' dir='ltr'><strong>operi-</strong></span> 
     </span>
    </p>
   </div>
   <div class='ocr_carea' id='block_1_12' title="bbox 122 4287 1113 4785">
    <p class='ocr_par' dir='ltr' id='par_1_16' title="bbox 122 4287 1113 4785">
     <span class='ocr_line' id='line_1_41' title="bbox 217 4287 1113 4385; baseline -0.012 -18"><span class='ocrx_word' id='word_1_491' title='bbox 217 4296 291 4370; x_wconf 89' lang='lat' dir='ltr'><strong>Res</strong></span> <span class='ocrx_word' id='word_1_492' title='bbox 306 4294 505 4366; x_wconf 87' lang='lat' dir='ltr'><strong>artificiales</strong></span> <span class='ocrx_word' id='word_1_493' title='bbox 521 4307 615 4377; x_wconf 92' lang='lat' dir='ltr'><strong>sunt,</strong></span> <span class='ocrx_word' id='word_1_494' title='bbox 632 4316 721 4385; x_wconf 91' lang='lat' dir='ltr'><strong>quae</strong></span> <span class='ocrx_word' id='word_1_495' title='bbox 737 4317 810 4360; x_wconf 90' lang='lat' dir='ltr'><strong>non</strong></span> <span class='ocrx_word' id='word_1_496' title='bbox 826 4287 959 4360; x_wconf 91' lang='lat' dir='ltr'><strong>habent</strong></span> <span class='ocrx_word' id='word_1_497' title='bbox 972 4289 1010 4356; x_wconf 93' lang='lat' dir='ltr'><strong>in</strong></span> <span class='ocrx_word' id='word_1_498' title='bbox 1028 4289 1113 4356; x_wconf 91' lang='lat' dir='ltr'><strong>sub-</strong></span> 
     </span>
     <span class='ocr_line' id='line_1_42' title="bbox 123 4393 1113 4485; baseline -0.013 -14"><span class='ocrx_word' id='word_1_499' title='bbox 123 4399 253 4471; x_wconf 88' lang='lat' dir='ltr'><strong>stantia</strong></span> <span class='ocrx_word' id='word_1_500' title='bbox 276 4420 415 4467; x_wconf 89' lang='lat' dir='ltr'><strong>causam</strong></span> <span class='ocrx_word' id='word_1_501' title='bbox 440 4407 557 4464; x_wconf 89' lang='lat' dir='ltr'><strong>motus</strong></span> <span class='ocrx_word' id='word_1_502' title='bbox 581 4409 615 4463; x_wconf 87' lang='lat' dir='ltr'><strong>ct</strong></span> <span class='ocrx_word' id='word_1_503' title='bbox 637 4394 786 4485; x_wconf 92' lang='lat' dir='ltr'><strong>qnietis,</strong></span> <span class='ocrx_word' id='word_1_504' title='bbox 810 4407 851 4462; x_wconf 91' lang='lat' dir='ltr'><strong>ut</strong></span> <span class='ocrx_word' id='word_1_505' title='bbox 875 4393 912 4459; x_wconf 91' lang='lat' dir='ltr'><strong>in</strong></span> <span class='ocrx_word' id='word_1_506' title='bbox 936 4405 1059 4458; x_wconf 75' lang='lat' dir='ltr'><strong>statuis</strong></span> <span class='ocrx_word' id='word_1_507' title='bbox 1077 4402 1113 4458; x_wconf 90' lang='lat' dir='ltr'><strong>et</strong></span> 
     </span>
     <span class='ocr_line' id='line_1_43' title="bbox 122 4489 1113 4584; baseline -0.012 -14"><span class='ocrx_word' id='word_1_508' title='bbox 122 4495 311 4571; x_wconf 89' lang='lat' dir='ltr'><strong>machinis.</strong></span> <span class='ocrx_word' id='word_1_509' title='bbox 351 4495 434 4566; x_wconf 93' lang='lat' dir='ltr'><strong>Non</strong></span> <span class='ocrx_word' id='word_1_510' title='bbox 452 4508 503 4564; x_wconf 93' lang='lat' dir='ltr'><strong>est</strong></span> <span class='ocrx_word' id='word_1_511' title='bbox 520 4518 622 4565; x_wconf 89' lang='lat' dir='ltr'><strong>causa</strong></span> <span class='ocrx_word' id='word_1_512' title='bbox 637 4495 675 4562; x_wconf 94' lang='lat' dir='ltr'><strong>in</strong></span> <span class='ocrx_word' id='word_1_513' title='bbox 698 4490 844 4584; x_wconf 89' lang='lat' dir='ltr'><strong>lapide,</strong></span> <span class='ocrx_word' id='word_1_514' title='bbox 863 4517 927 4560; x_wconf 89' lang='lat' dir='ltr'><strong>cur</strong></span> <span class='ocrx_word' id='word_1_515' title='bbox 941 4515 982 4559; x_wconf 84' lang='lat' dir='ltr'><strong>ex</strong></span> <span class='ocrx_word' id='word_1_516' title='bbox 997 4514 1038 4558; x_wconf 92' lang='lat' dir='ltr'><strong>eo</strong></span> <span class='ocrx_word' id='word_1_517' title='bbox 1053 4489 1113 4558; x_wconf 92' lang='lat' dir='ltr'><strong>fiat</strong></span> 
     </span>
     <span class='ocr_line' id='line_1_44' title="bbox 122 4592 1113 4677; baseline -0.011 -7"><span class='ocrx_word' id='word_1_518' title='bbox 122 4601 352 4670; x_wconf 90' lang='lat' dir='ltr'><strong>simulacrum</strong></span> <span class='ocrx_word' id='word_1_519' title='bbox 368 4592 583 4677; x_wconf 82' lang='lat' dir='ltr'><strong>Alexandri,</strong></span> <span class='ocrx_word' id='word_1_520' title='bbox 605 4620 670 4665; x_wconf 88' lang='lat' dir='ltr'><strong>nec</strong></span> <span class='ocrx_word' id='word_1_521' title='bbox 686 4617 788 4665; x_wconf 88' lang='lat' dir='ltr'><strong>causa</strong></span> <span class='ocrx_word' id='word_1_522' title='bbox 812 4609 863 4663; x_wconf 90' lang='lat' dir='ltr'><strong>est</strong></span> <span class='ocrx_word' id='word_1_523' title='bbox 886 4594 926 4661; x_wconf 94' lang='lat' dir='ltr'><strong>in</strong></span> <span class='ocrx_word' id='word_1_524' title='bbox 949 4604 1025 4660; x_wconf 89' lang='lat' dir='ltr'><strong>rota</strong></span> <span class='ocrx_word' id='word_1_525' title='bbox 1048 4615 1113 4659; x_wconf 91' lang='lat' dir='ltr'><strong>au·</strong></span> 
     </span>
     <span class='ocr_line' id='line_1_45' title="bbox 123 4687 1113 4785; baseline -0.011 -12"><span class='ocrx_word' id='word_1_526' title='bbox 123 4701 263 4784; x_wconf 85' lang='lat' dir='ltr'><strong>tornati,</strong></span> <span class='ocrx_word' id='word_1_527' title='bbox 276 4722 340 4769; x_wconf 90' lang='lat' dir='ltr'><strong>cur</strong></span> <span class='ocrx_word' id='word_1_528' title='bbox 351 4711 469 4768; x_wconf 89' lang='lat' dir='ltr'><strong>motus</strong></span> <span class='ocrx_word' id='word_1_529' title='bbox 484 4696 560 4766; x_wconf 91' lang='lat' dir='ltr'><strong>eius</strong></span> <span class='ocrx_word' id='word_1_530' title='bbox 576 4712 747 4785; x_wconf 88' lang='lat' dir='ltr'><strong>congruat</strong></span> <span class='ocrx_word' id='word_1_531' title='bbox 761 4697 803 4766; x_wconf 89' lang='lat' dir='ltr'><strong>ad</strong></span> <span class='ocrx_word' id='word_1_532' title='bbox 821 4696 977 4784; x_wconf 88' lang='lat' dir='ltr'><strong>spacium</strong></span> <span class='ocrx_word' id='word_1_533' title='bbox 994 4687 1113 4762; x_wconf 89' lang='lat' dir='ltr'><strong>horae.</strong></span> 
     </span>
    </p>
   </div>
   <div class='ocr_carea' id='block_1_13' title="bbox 123 4434 2149 5415">
    <p class='ocr_par' dir='ltr' id='par_1_17' title="bbox 123 4434 2149 5415">
     <span class='ocr_line' id='line_1_46' title="bbox 1166 4434 2148 4527; baseline 0.001 -23"><span class='ocrx_word' id='word_1_534' title='bbox 1166 4438 1231 4505; x_wconf 89' lang='lat' dir='ltr'><strong>bus</strong></span> <span class='ocrx_word' id='word_1_535' title='bbox 1246 4447 1392 4503; x_wconf 87' lang='lat' dir='ltr'><strong>naturae</strong></span> <span class='ocrx_word' id='word_1_536' title='bbox 1407 4456 1529 4500; x_wconf 91' lang='lat' dir='ltr'><strong>verum</strong></span> <span class='ocrx_word' id='word_1_537' title='bbox 1545 4434 1612 4516; x_wconf 90' lang='lat' dir='ltr'><strong>sit,</strong></span> <span class='ocrx_word' id='word_1_538' title='bbox 1639 4437 1733 4526; x_wconf 89' lang='lat' dir='ltr'><strong>quod</strong></span> <span class='ocrx_word' id='word_1_539' title='bbox 1753 4435 1791 4503; x_wconf 93' lang='lat' dir='ltr'><strong>in</strong></span> <span class='ocrx_word' id='word_1_540' title='bbox 1808 4434 1957 4504; x_wconf 88' lang='lat' dir='ltr'><strong>Timaeo</strong></span> <span class='ocrx_word' id='word_1_541' title='bbox 1978 4437 2148 4527; x_wconf 87' lang='lat' dir='ltr'><strong>scriptum</strong></span> 
     </span>
     <span class='ocr_line' id='line_1_47' title="bbox 1166 4531 2148 4628; baseline 0 -24"><span class='ocrx_word' id='word_1_542' title='bbox 1166 4551 1232 4605; x_wconf 87' lang='lat' dir='ltr'><strong>est:</strong></span> <span class='ocrx_word' id='word_1_543' title='bbox 1253 4531 1386 4604; x_wconf 82' lang='lat' dir='ltr'><strong>&#39;Omne</strong></span> <span class='ocrx_word' id='word_1_544' title='bbox 1401 4536 1498 4626; x_wconf 92' lang='lat' dir='ltr'><strong>quod</strong></span> <span class='ocrx_word' id='word_1_545' title='bbox 1515 4534 1687 4616; x_wconf 89' lang='lat' dir='ltr'><strong>nascitur,</strong></span> <span class='ocrx_word' id='word_1_546' title='bbox 1712 4536 1748 4603; x_wconf 91' lang='lat' dir='ltr'><strong>id</strong></span> <span class='ocrx_word' id='word_1_547' title='bbox 1766 4536 1943 4628; x_wconf 80' lang='lat' dir='ltr'><strong>abaliquo</strong></span> <span class='ocrx_word' id='word_1_548' title='bbox 1960 4561 2065 4607; x_wconf 86' lang='lat' dir='ltr'><strong>causa</strong></span> <span class='ocrx_word' id='word_1_549' title='bbox 2088 4563 2148 4613; x_wconf 78' lang='lat' dir='ltr'><strong>er·</strong></span> 
     </span>
     <span class='ocr_line' id='line_1_48' title="bbox 1166 4630 2149 4731; baseline -0.004 -25"><span class='ocrx_word' id='word_1_550' title='bbox 1166 4638 1279 4706; x_wconf 91' lang='lat' dir='ltr'><strong>titisse</strong></span> <span class='ocrx_word' id='word_1_551' title='bbox 1292 4658 1432 4704; x_wconf 89' lang='lat' dir='ltr'><strong>necesse</strong></span> <span class='ocrx_word' id='word_1_552' title='bbox 1447 4646 1509 4706; x_wconf 90' lang='lat' dir='ltr'><strong>est.</strong></span> <span class='ocrx_word' id='word_1_553' title='bbox 1549 4637 1626 4706; x_wconf 77' lang='grc' dir='ltr'><strong>πᾶν</strong></span> <span class='ocrx_word' id='word_1_554' title='bbox 1636 4630 1681 4704; x_wconf 82' lang='grc' dir='ltr'><strong>τὸ</strong></span> <span class='ocrx_word' id='word_1_555' title='bbox 1694 4630 1921 4731; x_wconf 75' lang='grc' dir='ltr'>γιγνόμενον</span> <span class='ocrx_word' id='word_1_556' title='bbox 1935 4633 2009 4710; x_wconf 79' lang='grc' dir='ltr'><strong>ὑπὸ</strong></span> <span class='ocrx_word' id='word_1_557' title='bbox 2028 4638 2149 4710; x_wconf 72' lang='grc' dir='ltr'>αἴτιον</span> 
     </span>
     <span class='ocr_line' id='line_1_49' title="bbox 711 4728 2148 4847; baseline 0.002 -40"><span class='ocrx_word' id='word_1_558' title='bbox 711 4829 720 4847; x_wconf 93' lang='lat'><strong>.</strong></span> <span class='ocrx_word' id='word_1_559' title='bbox 825 4828 834 4846; x_wconf 93' lang='lat'><strong>.</strong></span> <span class='ocrx_word' id='word_1_560' title='bbox 1163 4761 1265 4817; x_wconf 73' lang='grc' dir='ltr'><strong><em>τινος</em></strong></span> <span class='ocrx_word' id='word_1_561' title='bbox 1286 4735 1324 4817; x_wconf 77' lang='grc' dir='ltr'><strong>ἐξ</strong></span> <span class='ocrx_word' id='word_1_562' title='bbox 1342 4728 1507 4832; x_wconf 72' lang='grc' dir='ltr'><em>ἀνάγκης</em></span> <span class='ocrx_word' id='word_1_563' title='bbox 1528 4729 1708 4831; x_wconf 74' lang='grc' dir='ltr'>γίγνεται.</span> <span class='ocrx_word' id='word_1_564' title='bbox 1748 4735 1910 4807; x_wconf 84' lang='lat' dir='ltr'><strong>Proiecto</strong></span> <span class='ocrx_word' id='word_1_565' title='bbox 1935 4762 2075 4810; x_wconf 88' lang='lat' dir='ltr'><strong>necesse</strong></span> <span class='ocrx_word' id='word_1_566' title='bbox 2098 4754 2148 4811; x_wconf 88' lang='lat' dir='ltr'><strong>est</strong></span> 
     </span>
     <span class='ocr_line' id='line_1_50' title="bbox 222 4828 2044 4931; baseline -0.003 -11"><span class='ocrx_word' id='word_1_567' title='bbox 222 4831 514 4921; x_wconf 61' lang='lat' dir='ltr'><strong>E⁸i³¹¹10m²r⁸s</strong></span> <span class='ocrx_word' id='word_1_568' title='bbox 537 4844 631 4900; x_wconf 63' lang='lat' dir='ltr'><strong>recia</strong></span> <span class='ocrx_word' id='word_1_569' title='bbox 655 4845 745 4901; x_wconf 72' lang='grc' dir='ltr'>ῐθῑιθ</span> <span class='ocrx_word' id='word_1_570' title='bbox 767 4828 1010 4931; x_wconf 67' lang='lat' dir='ltr'><strong>f³⁶¹²ssd⁰ffl¹¹¹</strong></span> <span class='ocrx_word' id='word_1_571' title='bbox 1028 4849 1114 4915; x_wconf 58' lang='grc' dir='ltr'><strong>θιηρ</strong></span> <span class='ocrx_word' id='word_1_572' title='bbox 1165 4839 1236 4908; x_wconf 90' lang='lat' dir='ltr'><strong>dici</strong></span> <span class='ocrx_word' id='word_1_573' title='bbox 1251 4842 1295 4908; x_wconf 95' lang='lat' dir='ltr'><strong>de</strong></span> <span class='ocrx_word' id='word_1_574' title='bbox 1310 4837 1418 4908; x_wconf 88' lang='lat' dir='ltr'><strong>variis</strong></span> <span class='ocrx_word' id='word_1_575' title='bbox 1434 4836 1549 4904; x_wconf 86' lang='lat' dir='ltr'><strong>modis</strong></span> <span class='ocrx_word' id='word_1_576' title='bbox 1570 4848 1604 4903; x_wconf 92' lang='lat' dir='ltr'><strong>et</strong></span> <span class='ocrx_word' id='word_1_577' title='bbox 1620 4836 1832 4906; x_wconf 83' lang='lat' dir='ltr'><strong>differentiis</strong></span> <span class='ocrx_word' id='word_1_578' title='bbox 1847 4861 2044 4914; x_wconf 87' lang='lat' dir='ltr'><strong>causarum.</strong></span> 
     </span>
     <span class='ocr_line' id='line_1_51' title="bbox 123 4926 1398 5020; baseline -0.012 -15"><span class='ocrx_word' id='word_1_579' title='bbox 123 4958 226 5020; x_wconf 88' lang='lat' dir='ltr'><strong>rum,</strong></span> <span class='ocrx_word' id='word_1_580' title='bbox 258 4948 299 5004; x_wconf 92' lang='lat' dir='ltr'><strong>ut</strong></span> <span class='ocrx_word' id='word_1_581' title='bbox 327 4933 517 5004; x_wconf 88' lang='lat' dir='ltr'><strong>statuarius</strong></span> <span class='ocrx_word' id='word_1_582' title='bbox 540 4945 670 5002; x_wconf 87' lang='lat' dir='ltr'><strong>certam</strong></span> <span class='ocrx_word' id='word_1_583' title='bbox 697 4926 804 5002; x_wconf 90' lang='lat' dir='ltr'><strong>habet</strong></span> <span class='ocrx_word' id='word_1_584' title='bbox 832 4929 1000 4998; x_wconf 86' lang='lat' dir='ltr'><strong>noticiam</strong></span> <span class='ocrx_word' id='word_1_585' title='bbox 1023 4927 1113 4994; x_wconf 91' lang='lat' dir='ltr'><strong>diri-</strong></span> <span class='ocrx_word' id='word_1_586' title='bbox 1396 4938 1398 4940; x_wconf 77' lang='grc'><strong>’</strong></span> 
     </span>
     <span class='ocr_line' id='line_1_52' title="bbox 123 5029 1113 5127; baseline -0.012 -20"><span class='ocrx_word' id='word_1_587' title='bbox 123 5049 265 5127; x_wconf 81' lang='lat' dir='ltr'><strong>gentem</strong></span> <span class='ocrx_word' id='word_1_588' title='bbox 284 5057 428 5119; x_wconf 87' lang='lat' dir='ltr'><strong>manus,</strong></span> <span class='ocrx_word' id='word_1_589' title='bbox 461 5034 678 5124; x_wconf 88' lang='lat' dir='ltr'><strong>sculpentem</strong></span> <span class='ocrx_word' id='word_1_590' title='bbox 707 5031 898 5120; x_wconf 88' lang='lat' dir='ltr'><strong>imaginem</strong></span> <span class='ocrx_word' id='word_1_591' title='bbox 923 5029 961 5096; x_wconf 92' lang='lat' dir='ltr'><strong>in</strong></span> <span class='ocrx_word' id='word_1_592' title='bbox 986 5042 1113 5105; x_wconf 82' lang='lat' dir='ltr'><strong>status,</strong></span> 
     </span>
     <span class='ocr_line' id='line_1_53' title="bbox 124 5129 1114 5226; baseline -0.011 -20"><span class='ocrx_word' id='word_1_593' title='bbox 124 5139 253 5218; x_wconf 92' lang='lat' dir='ltr'><strong>idest,</strong></span> <span class='ocrx_word' id='word_1_594' title='bbox 286 5147 404 5226; x_wconf 90' lang='lat' dir='ltr'><strong>partes</strong></span> <span class='ocrx_word' id='word_1_595' title='bbox 430 5147 564 5204; x_wconf 93' lang='lat' dir='ltr'><strong>statuae</strong></span> <span class='ocrx_word' id='word_1_596' title='bbox 584 5133 757 5222; x_wconf 88' lang='lat' dir='ltr'><strong>tantisper</strong></span> <span class='ocrx_word' id='word_1_597' title='bbox 777 5132 1021 5208; x_wconf 88' lang='lat' dir='ltr'><strong>ordinantem,</strong></span> <span class='ocrx_word' id='word_1_598' title='bbox 1047 5129 1114 5196; x_wconf 86' lang='lat' dir='ltr'><strong>do·</strong></span> 
     </span>
     <span class='ocr_line' id='line_1_54' title="bbox 124 5221 2148 5325; baseline -0.009 -17"><span class='ocrx_word' id='word_1_599' title='bbox 124 5261 191 5308; x_wconf 83' lang='lat' dir='ltr'><strong>nee</strong></span> <span class='ocrx_word' id='word_1_600' title='bbox 221 5237 395 5307; x_wconf 84' lang='lat' dir='ltr'><strong>efficiatur</strong></span> <span class='ocrx_word' id='word_1_601' title='bbox 425 5234 624 5306; x_wconf 86' lang='lat' dir='ltr'><strong>similitudo</strong></span> <span class='ocrx_word' id='word_1_602' title='bbox 663 5233 739 5303; x_wconf 89' lang='lat' dir='ltr'><strong>eius</strong></span> <span class='ocrx_word' id='word_1_603' title='bbox 769 5227 969 5325; x_wconf 83' lang='lat' dir='ltr'><strong>archetypi,</strong></span> <span class='ocrx_word' id='word_1_604' title='bbox 1008 5249 1113 5321; x_wconf 90' lang='lat' dir='ltr'><strong>quem</strong></span> <span class='ocrx_word' id='word_1_605' title='bbox 1268 5221 1371 5299; x_wconf 79' lang='lat' dir='ltr'><strong>Aliae</strong></span> <span class='ocrx_word' id='word_1_606' title='bbox 1388 5234 1471 5292; x_wconf 91' lang='lat' dir='ltr'><strong>sunt</strong></span> <span class='ocrx_word' id='word_1_607' title='bbox 1494 5247 1557 5313; x_wconf 90' lang='lat' dir='ltr'><strong>per</strong></span> <span class='ocrx_word' id='word_1_608' title='bbox 1578 5247 1616 5292; x_wconf 85' lang='lat' dir='ltr'><strong>se</strong></span> <span class='ocrx_word' id='word_1_609' title='bbox 1630 5246 1771 5304; x_wconf 88' lang='lat' dir='ltr'><strong>causae,</strong></span> <span class='ocrx_word' id='word_1_610' title='bbox 1794 5226 1884 5295; x_wconf 89' lang='lat' dir='ltr'><strong>aliae</strong></span> <span class='ocrx_word' id='word_1_611' title='bbox 1899 5249 1963 5315; x_wconf 91' lang='lat' dir='ltr'><strong>per</strong></span> <span class='ocrx_word' id='word_1_612' title='bbox 1975 5225 2148 5294; x_wconf 88' lang='lat' dir='ltr'><strong>accidens.</strong></span> 
     </span>
     <span class='ocr_line' id='line_1_55' title="bbox 125 5324 2149 5415; baseline -0.009 -8"><span class='ocrx_word' id='word_1_613' title='bbox 125 5339 300 5409; x_wconf 66' lang='lat' dir='ltr'><strong>imitatus</strong></span> <span class='ocrx_word' id='word_1_614' title='bbox 1168 5327 1265 5399; x_wconf 88' lang='lat' dir='ltr'><strong>Haec</strong></span> <span class='ocrx_word' id='word_1_615' title='bbox 1289 5325 1401 5415; x_wconf 88' lang='lat' dir='ltr'><strong>prima</strong></span> <span class='ocrx_word' id='word_1_616' title='bbox 1424 5324 1630 5394; x_wconf 89' lang='lat' dir='ltr'><strong>distributio</strong></span> <span class='ocrx_word' id='word_1_617' title='bbox 1652 5348 1726 5395; x_wconf 91' lang='lat' dir='ltr'><strong>non</strong></span> <span class='ocrx_word' id='word_1_618' title='bbox 1752 5339 1806 5398; x_wconf 89' lang='grc' dir='ltr'><strong>εει</strong></span> <span class='ocrx_word' id='word_1_619' title='bbox 1831 5327 2067 5396; x_wconf 85' lang='lat' dir='ltr'><strong>membrorum</strong></span> <span class='ocrx_word' id='word_1_620' title='bbox 2090 5344 2149 5390; x_wconf 86' lang='lat' dir='ltr'><strong>ae·</strong></span> 
     </span>
    </p>
   </div>
   <div class='ocr_carea' id='block_1_14' title="bbox 179 5424 1646 5537">
    <p class='ocr_par' dir='ltr' id='par_1_18' title="bbox 179 5424 1646 5537">
     <span class='ocr_line' id='line_1_56' title="bbox 179 5424 1646 5537; baseline -0.011 -29"><span class='ocrx_word' id='word_1_621' title='bbox 179 5443 360 5508; x_wconf 74' lang='lat' dir='ltr'><strong>Mensura.</strong></span> <span class='ocrx_word' id='word_1_622' title='bbox 389 5440 494 5507; x_wconf 80' lang='lat' dir='ltr'><strong>Orsa.</strong></span> <span class='ocrx_word' id='word_1_623' title='bbox 516 5438 601 5503; x_wconf 79' lang='lat' dir='ltr'><strong>Vos.</strong></span> <span class='ocrx_word' id='word_1_624' title='bbox 628 5435 724 5504; x_wconf 84' lang='lat' dir='ltr'><strong>XIII.</strong></span> <span class='ocrx_word' id='word_1_625' title='bbox 1051 5533 1053 5537; x_wconf 64' lang='lat'><strong>,</strong></span> <span class='ocrx_word' id='word_1_626' title='bbox 1595 5424 1646 5499; x_wconf 78' lang='lat'><strong>20</strong></span> 
     </span>
    </p>
   </div>
   <div class='ocr_carea' id='block_1_15' title="bbox 1392 5066 1927 5147">
    <p class='ocr_par' dir='ltr' id='par_1_19' title="bbox 1392 5066 1927 5147">
     <span class='ocr_line' id='line_1_57' title="bbox 1392 5066 1927 5147; baseline 0.002 -4"><span class='ocrx_word' id='word_1_627' title='bbox 1392 5072 1525 5143; x_wconf 80' lang='lat' dir='ltr'><strong>Primo</strong></span> <span class='ocrx_word' id='word_1_628' title='bbox 1550 5066 1683 5144; x_wconf 79' lang='lat' dir='ltr'><strong>dictato</strong></span> <span class='ocrx_word' id='word_1_629' title='bbox 1710 5090 1927 5147; x_wconf 70' lang='lat' dir='ltr'><strong>cumarum.</strong></span> 
     </span>
    </p>
   </div>
   <div class='ocr_carea' id='block_1_16' title="bbox 0 0 2282 5748">
    <p class='ocr_par' dir='ltr' id='par_1_20' title="bbox 0 0 2282 5748">
     <span class='ocr_line' id='line_1_58' title="bbox 0 0 2282 5748; baseline 0 0"><span class='ocrx_word' id='word_1_630' title='bbox 0 0 2282 5748; x_wconf 95' lang='lat' dir='ltr'><strong> </strong></span> 
     </span>
    </p>
   </div>
  </div>
 </body>
</html>
