4538 5754
115 237 213 312 tots
715 221 843 303 Pfflt.
868 220 987 301 Mol.
1015 220 1227 301 semera
1252 222 1554 303 matures.
2049 232 2139 309 will

112 411 150 482 ld
171 421 240 491 est,
265 427 345 476 cum
369 400 489 471 veniet
502 395 672 481 Messias,
697 407 734 465 et
755 415 859 467 snum
881 418 1031 486 regnum
1048 395 1107 465 in·
1159 395 1286 473 hostiis
1305 399 1461 471 dicimus
1481 425 1556 470 non
1577 399 1784 473 morbidaru-
1795 406 1971 496 pecudem
1987 427 2057 481 nee
2071 427 2140 477 ruu-

115 510 251 592 coabit,
283 520 318 575 et
347 504 458 594 gloria
486 500 650 582 ornabit,
683 501 778 589 quod
805 499 920 588 coepit
942 493 1109 569 Christus
1160 504 1318 587 tilatam,
1343 503 1392 573 ita
1415 496 1475 573 hic
1496 503 1650 573 dicimus
1672 504 1945 596 incorruptum,
1973 531 2049 577 uon
2065 530 2140 577 con·

114 615 231 684 iacere
246 610 284 678 in
300 605 557 677 resurrectione
573 624 658 684 sua,
683 615 719 671 et
734 600 893 691 perficiet
907 599 946 668 in
963 601 1110 672 univer·
1160 605 1371 675 taminatnm
1393 604 1491 675 cultu
1514 605 1715 687 idolorum,
1736 620 1799 679 aut
1819 607 1918 679 falsis
1937 622 2004 680 aut
2023 609 2139 685 ianad·

118 716 182 787 sali
199 709 467 783 resurrectione.
1160 706 1210 775 cis
1226 705 1458 798 opinionibus
1477 708 1521 777 de
1535 703 1623 777 Deo.

1262 807 1322 879 sie
1352 820 1386 876 et
1409 805 1570 878 Psalmus
1592 807 1769 900 loquitur:
1803 811 1906 883 Beati
1930 812 2139 885 immaculati

254 934 593 1027 Ar9umentum
628 946 681 994 ac
715 922 974 1016 dispositio
1160 910 1198 978 in
1220 909 1296 991 via,
1321 908 1383 1002 qui
1406 909 1644 991 ambulantin
1664 910 1739 998 lege
1754 909 1921 1000 Domini,
1946 917 1987 985 id
2003 928 2074 996 est,
2094 916 2139 985 io·

617 1079 627 1099 .
1162 1011 1354 1102 corrupti,
1368 1012 1442 1081 non
1466 1011 1698 1082 contaminati
1721 1013 2023 1089 idolorumcultu
2039 1017 2139 1087 etial·

469 1079 627 1163 Psalffl
664 1074 766 1165 XV·
1161 1114 1210 1184 sis
1230 1113 1462 1204 opinionibus
1483 1117 1526 1183 de
1548 1111 1637 1187 Deo.
1688 1112 1849 1185 Primum
1873 1119 1986 1208 igitur
2008 1118 2138 1207 flagitat

174 1224 336 1294 Domine
348 1221 432 1311 quis
442 1210 629 1285 habitabit
640 1215 680 1283 in
691 1210 931 1283 tabernaculo
942 1220 1018 1299 tuo,
1042 1221 1112 1284 aut
1161 1227 1202 1285 ut
1229 1239 1311 1283 vera
1334 1228 1367 1287 et
1389 1215 1593 1305 incorrupta
1616 1215 1685 1284 fide
1709 1216 1887 1289 sincerum
1910 1222 2062 1291 vettium
2084 1218 2138 1291 Dei

174 1328 260 1419 quis
273 1323 489 1413 requiescet.
504 1319 545 1387 ira
559 1324 686 1387 morale
701 1324 835 1387 sancto
851 1311 942 1385 tuo?
968 1323 1038 1385 etc.
1162 1316 1348 1386 audiamus
1378 1330 1412 1386 et
1440 1317 1707 1407 amplectamur.
1769 1317 1868 1389 ldem
1895 1322 2025 1391 volunt
2048 1323 2139 1391 verba

1163 1413 1263 1487 haec:
1287 1410 1465 1516 Loquens
1488 1416 1674 1488 veritatem
1698 1418 1738 1489 ira
1761 1414 1865 1491 corde
1885 1447 1970 1499 suo.
2025 1419 2139 1495 Probi

1164 1522 1222 1590 bet
1244 1521 1340 1589 enim
1365 1522 1551 1613 praecipue
1572 1523 1755 1592 mendacia
1781 1525 1965 1597 doetrinae
1987 1538 2063 1599 tum
2078 1548 2139 1592 arn-

1164 1621 1290 1713 plecti,
1323 1634 1400 1693 tum
1429 1623 1589 1695 stabilire
1619 1625 1873 1714 approbando,
1905 1627 1964 1705 vel
1985 1626 2140 1697 dissimu-

1164 1724 1292 1807 lando,
1324 1747 1365 1795 ae
1395 1726 1566 1816 praecipit
1594 1738 1634 1796 ut
1656 1749 1774 1797 veram
1798 1728 2000 1800 doctrinam
2023 1727 2141 1799 scilicet

1165 1827 1330 1895 traditam
1346 1821 1450 1896 aDeo
1468 1826 1742 1919 amplectamur,
1768 1841 1800 1900 et
1817 1828 1914 1899 iuxta
1930 1855 2011 1899 eam
2025 1822 2141 1905 delict

1164 1927 1376 2019 sentiamus,
1403 1952 1483 2005 eum
1506 1927 1731 2013 invocemus,
1754 1944 1788 1999 ct
1806 1930 1839 1999 ei
1854 1920 2142 2021 obtemperemus.

1168 2027 1252 2097 ldeo
1281 2030 1425 2100 additur
1453 2025 1536 2099 hnic
1557 2030 1734 2099 membro:
1767 2022 1929 2103 Faciem
1954 2026 2143 2121 iustitiam,

1165 2130 1264 2224 quod
1279 2124 1446 2201 antithesi
1462 2131 1580 2201 addita
1597 2130 1663 2200 erit
1678 2131 1864 2205 illustrius.

1267 2228 1332 2303 Est
1349 2233 1457 2325 igitur
1472 2232 1602 2327 iaciens
1618 2230 1810 2317 iusticiam,
1837 2258 1910 2306 non
1926 2234 2067 2324 lingens
2080 2234 2143 2307 cul·

1166 2347 1223 2405 tus
1252 2347 1312 2405 aut
1342 2356 1448 2425 opera
1484 2357 1545 2424 per
1574 2357 1665 2403 sese:
1699 2359 1773 2404 non
1797 2336 1928 2406 faciens
1954 2337 2143 2409 cultrum

1167 2459 1273 2525 opera
1303 2459 1377 2503 non
1402 2435 1530 2507 tradita
1555 2460 1574 2504 a
1598 2432 1697 2516 Deo,
1729 2436 1790 2507 sed
1812 2437 1944 2509 faciens
1967 2436 2144 2519 iusticiam,

1168 2537 1294 2621 idest,
1320 2536 1435 2609 cultus
1460 2551 1494 2609 et
1516 2560 1622 2627 opera
1643 2534 1757 2607 aDeo
1782 2540 1923 2614 tradita.
1976 2536 2143 2623 Iustitiam

1170 2653 1269 2708 vocat
1295 2662 1369 2707 non
1391 2634 1595 2718 Eleusinia,
1627 2652 1687 2709 ant
1709 2634 1966 2724 Bacchanalia,
1990 2653 2055 2717 aut
2074 2636 2143 2709 Mo

1168 2736 1358 2824 nachatus,
1385 2754 1445 2809 ant
1467 2764 1572 2831 opera
1589 2740 1633 2806 ab
1650 2734 1857 2832 hondnibus
1872 2743 2069 2832 excogitata
2082 2739 2143 2811 'alne

1170 2843 1337 2910 mandato
1358 2838 1444 2926 Dei,
1476 2841 1536 2911 sed
1568 2854 1706 2912 tantum
1736 2844 1913 2919 cultuset
1933 2868 2046 2937 opera
2064 2854 2143 2913 certo

1170 2943 1278 3012 verbo
1296 2942 1358 3013 [lei
1377 2943 1514 3014 tradita.

1270 3040 1367 3114 llaec
1394 3058 1444 3114 est
1467 3044 1615 3135 simplex
1637 3045 1828 3123 declaratio
1850 3046 2001 3117 secundi
2028 3066 2143 3125 versus,

1170 3170 1260 3241 quae
1280 3146 1436 3218 ostendit
1457 3145 1494 3215 in
1518 3170 1559 3216 eo
1585 3170 1687 3217 versu
1712 3148 1851 3219 recitari
1866 3148 2069 3221 doctrinam
2084 3142 2144 3241 pri·

226 1473 389 1545 Psalmns
409 1459 666 1561 παραινετικὸς
689 1477 758 1550 est,
785 1466 848 1561 qui
873 1466 1031 1536 continet
1047 1467 1113 1534 do-

123 1581 273 1654 ctriuam
306 1574 351 1643 de
383 1570 488 1640 bonis
518 1568 704 1659 operibus,
751 1591 791 1636 ac
823 1566 997 1660 praecipit
1025 1590 1114 1661 quae

123 1706 230 1774 opera
262 1678 301 1744 in
330 1669 486 1743 Ecclesia
517 1669 677 1738 iacienda
705 1669 795 1754 sint,
837 1694 928 1761 qnae
954 1670 1115 1761 placeant

124 1783 223 1863 Deo,
248 1801 337 1872 quae
360 1798 434 1843 uon
454 1771 626 1861 placeant.
679 1768 731 1843 Ac
755 1772 861 1841 simul
878 1774 999 1851 docet,
1025 1777 1114 1864 quae

125 1889 197 1960 sint
213 1905 294 1952 vera
312 1892 347 1948 et
363 1877 433 1946 vita
441 1873 620 1944 Ecclesiae
636 1875 813 1954 membra,
838 1897 928 1969 quae
943 1897 1017 1942 non
1032 1874 1114 1943 sint.

122 1962 236 2060 Multi
266 1993 411 2074 propter
438 1974 740 2047 circumcisionem
763 1989 797 2045 et
817 1975 986 2045 sacrificia
1012 1998 1113 2042 voca-

123 2094 212 2162 bant
239 2108 276 2155 se
300 2081 457 2151 membra
479 2076 604 2168 populi
626 2072 714 2161 Dei,
747 2101 826 2147 cum
848 2090 963 2147 essent
986 2073 1114 2168 polluti

126 2190 246 2283 impiis
275 2182 526 2276 opinionibus,
560 2193 594 2248 ct
623 2179 762 2248 delictis
786 2193 906 2249 contra
931 2178 1112 2246 conscien-

125 2296 229 2369 tiam.
293 2285 343 2358 Ut
372 2307 468 2353 nunc
498 2280 602 2350 multi
628 2303 664 2349 se
686 2294 814 2350 vocant
833 2272 1056 2350 Christianos
1081 2292 1114 2348 et

126 2395 286 2466 membra
318 2385 498 2456 Ecclesiae
533 2397 672 2454 tantum
705 2395 849 2472 propter
887 2380 1116 2452 ceremonias.

127 2498 235 2571 Hanc
264 2490 388 2561 falsam
414 2484 698 2579 persuasionem,
733 2497 766 2552 et
789 2478 848 2552 hic
871 2483 1050 2566 psalmus,
1083 2496 1114 2551 et

127 2600 190 2671 alii
218 2593 322 2664 multi
346 2588 499 2667 Psalmi,
532 2600 566 2656 et
595 2585 707 2655 multa
739 2585 831 2654 dicta
855 2579 1115 2673 Prophetarum

129 2712 263 2775 taxant.
315 2690 362 2765 Ut
386 2690 478 2761 Psal.
496 2685 573 2758 50.:
602 2685 681 2754 Non
705 2688 750 2754 de
771 2686 950 2755 sacrificiis
972 2694 1115 2772 arguam

128 2820 177 2878 te.
228 2795 277 2870 Et
290 2792 412 2867 Esaias
430 2793 542 2883 capite
559 2787 622 2859 58.
664 2786 710 2857 Et
727 2783 888 2860 Micheas
903 2812 978 2880 cap.
994 2786 1028 2858 6.
1070 2782 1118 2857 Et

129 2900 239 2977 Zach.
257 2924 331 2993 cap.
350 2895 386 2972 7.

232 3021 327 3093 Cum
342 3029 458 3086 autem
475 3006 764 3079 brevisPsalmns
778 3008 844 3091 sit,
869 3021 1006 3079 tautum
1022 3009 1117 3076 nuda

129 3137 311 3222 praecepta
330 3118 501 3198 recitans,
529 3136 570 3181 ex
586 3110 667 3179 aliis
683 3111 769 3180 locis
785 3111 948 3182 doctrina
969 3111 1117 3200 petenda

130 3244 202 3314 est,
234 3247 324 3319 quae
352 3215 584 3290 concionatur
612 3214 656 3281 de
678 3214 770 3301 lege,
804 3213 1007 3305 quomodo,
1039 3235 1118 3281 cum
1172 3273 1247 3317 mae
1263 3248 1413 3317 tabulae·

130 3331 199 3422 ¹⁰83
224 3350 329 3397 ”²¹⁰⁰
352 3317 561 3401 ‘mimda’
585 3314 720 3407 placem
745 3328 862 3433 ¹³¹¹J⁰¹¹
879 3312 1018 3432 incqat‘?
1034 3313 1118 3382 οὗθ’
1272 3347 1418 3442 Reliqui
1440 3371 1562 3417 versus
1583 3350 1766 3420 continent
1785 3364 1968 3442 praecepta
1987 3348 2144 3420 secundae

132 3431 282 3505 dienfiffl
310 3438 344 3494 0¹
360 3443 450 3514 (1113Θ
464 3430 601 3506 peccata
616 3430 781 3487 manem
798 3439 835 3484 ¹¹¹
852 3427 983 3486 “mm
1000 3438 1038 3484 ¹¹¹
1056 3409 1120 3483 ¹¹³⁰
1171 3451 1329 3530 tabulae,
1369 3473 1459 3544 quae
1488 3450 1608 3519 minus
1637 3451 1786 3520 obscura
1813 3465 1916 3532 sunt,
1953 3475 2062 3544 qrram
2092 3450 2145 3517 do·

20 3606 32 3621 ,
132 3537 223 3616 vita,
249 3542 284 3599 et
307 3547 397 3618 quae
419 3520 595 3590 excutiant
619 3518 768 3608 gratiam
792 3531 828 3588 et
843 3516 1017 3609 Spiritum
1040 3538 1121 3584 san·
1172 3553 1284 3623 mina
1313 3553 1418 3641 primi
1449 3552 1635 3641 praecepti·
1687 3549 1736 3622 Ut
1765 3566 1901 3623 mmm
1930 3552 2145 3644 parricidium

131 3651 240 3708 ‘¹⁰¹⁰'
1173 3653 1260 3727 Cain
1284 3655 1394 3744 magis
1417 3655 1514 3722 cerni
1536 3667 1570 3724 et
1584 3653 1724 3723 facilius
1739 3654 1887 3725 iudicari
1907 3678 2029 3745 posse,
2055 3674 2145 3745 quan

235 3747 333 3821 Scias
346 3756 463 3814 antem
478 3753 591 3811 totum
599 3738 781 3808 Psalmum
796 3761 903 3808 unam
918 3749 1121 3854 perpetuam
1173 3755 1466 3826 comemmmnei
1482 3769 1515 3824 et
1530 3753 1652 3823 salsam
1669 3754 1874 3845 opinionem
1891 3758 1937 3827 de
1945 3757 2048 3843 Deo,
2071 3774 2146 3847 qm

135 3850 412 3947 Pf⁰l¹⁰⁵l¹i⁰¹¹⁰¹¹¹
444 3867 507 3913 ⁵⁰¹¹
537 3841 778 3911 ”mmmm
809 3863 892 3909 ‘⁸⁵¹⁸
960 3836 1011 3908 Η·
1040 3850 1121 3953 ⁸⁰¹¹}
1174 3858 1212 3927 in
1242 3859 1349 3927 corde
1379 3855 1454 3925 eius
1475 3869 1561 3928 erat.
1628 3854 1695 3926 Sed
1720 3857 1946 3927 mediocriter
1970 3854 2094 3927 eruditi
2112 3852 2144 3919 in

133 3943 561 4027 mefflmeCdffila‘Dffl
578 3943 751 4034 ΡῙἓκεῐιῑίἃ
767 3966 840 4010 ¹¹⁰⁰
856 3939 1035 4032 Pellfflfav
1061 3962 1121 4030 ‘lu'
1173 3961 1334 4028 doctrina
1359 3982 1460 4027 verae
1481 3953 1676 4041 Ecclesiae,
1708 3974 1841 4029 norunt
1864 3961 2066 4029 doctrinam
2084 3955 2147 4023 rir-

135 4080 218 4126 Vffl
246 4054 313 4123 ΜΕ
337 4048 451 4121 Deum
475 4050 666 4136 immanis
692 4058 725 4113 ⁰¹
750 4045 811 4138 (lui
835 4057 981 4134 l³l⁰lner
1003 4040 1122 4111 ΜΨ
1174 4076 1289 4132 tutum
1322 4060 1457 4152 primae
1484 4073 1518 4128 et
1547 4061 1720 4130 secundae
1741 4061 1902 4144 tabulae,
1934 4074 1969 4129 et
1992 4061 2146 4131 vitiorum

134 4159 289 4249 dlllssunl
304 4152 516 4248 mimum·
1174 4187 1264 4256 quae
1286 4162 1437 4233 cumeis
1458 4174 1629 4253 pugnant.
1680 4159 1747 4231 His
1769 4158 1827 4234 hic
1841 4160 2005 4233 Psalmus
2023 4167 2149 4232 nonest

237 4273 370 4345 Versus
399 4269 574 4340 secundus
604 4262 765 4357 loquitur
789 4263 833 4331 de
857 4260 1024 4353 operibus
1051 4259 1125 4351 pri-'
1174 4267 1357 4339 obemmr,

135 4404 213 4451 mae
228 4377 387 4449 tabulae:
414 4362 636 4463 Ingrediens
652 4358 907 4448 immaculate,
933 4359 1125 4460 olfaciens

137 4477 320 4552 iusticiam
359 4483 391 4545 et
428 4477 578 4567 loquens
615 4472 799 4538 veritatem
835 4463 875 4534 io
911 4459 1015 4535 corde
1044 4488 1124 4535 suo.
1309 4470 1648 4565 Argumentum
1683 4488 1738 4538 uc
1773 4466 2032 4559 dispositio

136 4584 234 4655 Haec
255 4594 340 4652 sunt
362 4574 524 4664 opposita
548 4571 726 4641 idolorum
751 4568 863 4669 cultui
881 4582 915 4639 et
931 4568 1033 4643 lalsis,
1047 4568 1125 4656 opi·
1501 4600 1661 4685 psalmi
1701 4600 1814 4686 XVI

137 4687 309 4757 nionibns
332 4682 375 4749 de
390 4675 477 4747 Deo.
531 4671 665 4766 Estque
688 4668 826 4765 phrasis
843 4683 956 4739 sumta
973 4692 1015 4737 ea
1031 4665 1123 4737 Gen.
1815 4664 1826 4686 ⁰

139 4813 213 4879 cap.
234 4784 308 4855 17.:
336 4778 491 4851 Arnbula
516 4799 634 4846 coram
654 4797 730 4855 me,
757 4787 792 4844 et
807 4771 854 4841 sis
869 4769 1126 4844 immaculatus,

138 4891 234 4984 quod
250 4883 422 4956 Hebraeis
443 4892 550 4982 0³23]
566 4879 812 4968 incorruptus,
838 4896 912 4942 non
931 4872 1124 4941 morbidus.

139 4989 212 5062 Nec
225 4988 397 5079 significat
412 4984 627 5069 perlectum,
653 4993 692 5051 ut
707 4979 817 5049 latine
833 4976 986 5045 dicimus
1001 4996 1124 5042 cumre-

139 5095 249 5169 latum
265 5115 326 5161 seu
342 5097 645 5165 consummatum,
670 5083 764 5172 quod
784 5074 889 5148 hahet
907 5098 1030 5146 omnes
1045 5099 1125 5165 par·
1279 5075 1472 5166 Praecipue
1487 5069 1715 5144 bicPsalmus
1728 5087 1781 5145 est
1796 5068 2081 5159 (indormientis,
2105 5091 2158 5142 stu

139 5209 210 5277 tes,
243 5210 279 5265 et
309 5189 473 5261 omnium
498 5184 650 5274 partium
676 5203 834 5251 summos
857 5180 998 5269 gradus.
1053 5174 1126 5247 Nec
1179 5174 1383 5270 prophetia,
1425 5176 1590 5246 uidelicet
1634 5177 1792 5246 narratio
1829 5181 1873 5245 de
1907 5176 2159 5248 mannariora

140 5298 313 5388 significat
335 5286 620 5367 immaculatum,
647 5298 687 5353 ul
708 5282 813 5354 multi
835 5280 1062 5368 intelligunt,
1088 5278 1126 5346 in
1179 5280 1350 5363 Messiae,
1381 5302 1421 5349 ac
1451 5276 1696 5370 principaliter
1723 5277 1944 5369 intelligatur
1972 5279 2074 5372 loqui
2096 5278 2162 5371 iper

140 5401 241 5473 cuins
271 5394 430 5467 moribus
456 5408 601 5479 prorsus
623 5382 719 5455 nihil
741 5386 789 5456 sit
810 5383 904 5453 vitii:
938 5383 999 5453 sed
1017 5393 1060 5453 ut
1084 5383 1128 5451 de
1177 5379 1360 5474 Christus,
1388 5379 1451 5452 etsi
1477 5395 1679 5473 propterea,
1704 5383 1798 5475 quod
1822 5395 1858 5451 et
1872 5375 2072 5453 Ecclesiam
2086 5376 2162 5476 pati,

1227 4737 1408 4807 conseruo
1426 4756 1487 4805 me
1497 4736 1671 4824 Domine,
1698 4740 1874 4827 quoniam
1887 4737 2043 4827 aperon
2059 4738 2098 4806 irs
2112 4741 2152 4818 tr,

1228 4837 1518 4918 derivamine,
1544 4838 1649 4906 Deus
1670 4858 1775 4909 meus
1800 4859 1842 4908 es
1866 4848 1933 4925 to,
1957 4842 2154 4930 propterte

1228 4964 1300 5013 uon
1319 4949 1376 5011 est
1392 4938 1488 5010 mibi
1505 4936 1604 5010 bene.
1625 4947 1699 5009 etc.
