4538 5754
125 228 220 305 1091
722 222 848 302 rau.
876 221 993 300 uun
1017 221 1230 301 scurra
1252 222 1554 301 smarnos.
1994 164 1999 169 ⁵
2060 229 2150 306 sou

121 417 197 491 urm
214 421 297 467 vero
314 391 422 469 buius
442 407 584 465 nostrae
600 393 725 471 aetatis
747 396 929 468 saevitiam
943 399 1108 469 conside-
1162 399 1285 470 amicis
1303 401 1366 471 dat
1389 422 1507 490 opes„
1536 395 1617 468 Hoc
1648 421 1798 489 reguum
1824 399 1932 490 longe
1961 399 2066 473 sliud
2094 417 2151 489 est,

123 501 299 584 rabimus,
326 513 361 569 et
395 521 515 567 causas
535 497 700 569 saevitiae
724 521 846 590 regum
879 501 1113 584 intuebimur,
1161 502 1261 573 veuit
1284 498 1453 586 Messias,
1480 513 1522 571 ut
1541 500 1646 570 uubis
1673 502 1855 593 impertiat
1874 515 2024 574 aeterua
2055 504 2151 590 bons,

125 618 160 674 et
184 626 249 671 nos
271 604 316 671 ad
340 599 595 671 consessionem
620 612 656 670 ει
677 601 720 670 sd
747 601 954 692 petitionem
983 604 1111 673 auxilii
1163 618 1198 676 et
1212 604 1250 673 id
1270 604 1376 675 iaciat
1390 603 1500 672 verbo
1515 617 1549 675 ει
1564 602 1702 694 Spiritu
1717 619 1860 690 sancto,
1886 618 1923 675 et
1943 606 2151 679 mirabiliter

124 703 192 776 hac
207 705 282 796 ipsa
298 701 503 773 recitatione
518 700 653 774 Psalmi
675 704 958 775 exuscitabimus.
1008 703 1113 777 Sem·
1162 706 1339 777 custodiat
1359 730 1401 777 sc
1422 719 1536 775 servet
1561 728 1628 775 nos
1650 706 1746 777 inter
1771 707 1953 799 pericula,
1980 731 2075 801 quse
2096 733 2150 780 uec

125 832 190 900 per
212 820 330 878 autem
353 805 505 875 sciamus
527 803 564 871 in
588 798 644 872 his
668 805 900 897 petitionibus
923 807 1029 879 fidem
1052 832 1111 878 ac·
1163 830 1287 879 cavere
1309 832 1376 877 uec
1401 829 1521 896 regere
1542 806 1838 900 ipsipossumusx
1864 824 1906 881 ut
1923 811 2150 904 servavitpu-

125 910 226 980 cendi
242 921 422 999 oportere:
450 930 531 975 vere
553 907 737 977 credamus
757 932 823 978 nos
841 934 981 1002 quoque
1000 909 1112 1002 recipi
1164 911 1288 1002 pulum
1308 908 1419 980 lsraia'l
1432 910 1654 980 incedentem
1671 934 1736 1002 per
1755 934 1852 981 mare
1865 913 2045 999 rubrum,
2072 914 2150 984 iuter

126 1025 161 1082 et
194 1009 353 1080 exaudiri
387 1023 530 1100 propter
570 1008 779 1098 promissam
820 1012 1112 1085 misericordiam.
1164 1026 1295 1083 stantes
1310 1036 1481 1105 aquarum
1504 1013 1678 1082 cumulos.
1731 1011 1804 1082 Nec
1825 1026 1941 1104 potest
1956 1013 2148 1085 Alexander

125 1111 210 1184 ldeo
228 1114 267 1181 in
282 1112 352 1179 fine
367 1111 488 1183 addita
504 1124 554 1181 est
567 1110 754 1201 particula:
780 1110 933 1185 Redime
947 1137 1013 1184 nos
1030 1138 1113 1205 pro-
1164 1118 1291 1184 absens
1307 1114 1512 1185 absentibus
1528 1115 1680 1184 ducibus
1697 1114 1877 1205 opitulari.
1904 1112 1979 1184 Hic
1997 1140 2083 1186 vero
2097 1141 2148 1186 uo

126 1231 205 1306 pter
224 1213 502 1284 misericordiam
524 1227 634 1285 tuam.
685 1211 736 1285 lta
758 1215 911 1305 placebit
935 1215 1009 1287 Deo
1032 1240 1113 1306 pre·
1165 1231 1236 1287 ster
1252 1240 1311 1286 rex
1322 1239 1459 1306 semper
1472 1217 1571 1287 adest
1579 1214 1769 1302 Ecclesiae,
1785 1230 1820 1286 ει
1836 1216 1977 1309 ubique
1993 1232 2029 1287 et
2046 1219 2147 1287 omui·

127 1317 218 1387 cutio
241 1316 365 1386 eterit
390 1315 528 1399 efficax,
559 1340 639 1386 cum
666 1339 747 1387 vere
770 1317 948 1387 credimus
971 1332 1113 1388 nostros
1164 1321 1231 1389 bus
1246 1319 1467 1411 temporibus
1483 1318 1627 1389 exaudit
1641 1332 1676 1388 et
1692 1319 1792 1389 iuvat
1806 1320 2030 1389 invocantes.
2067 1317 2146 1388 llaec

127 1421 277 1508 gemitus
302 1429 336 1486 ει
358 1430 478 1486 nostra
494 1429 573 1486 vota
592 1419 750 1488 exaudiri
774 1434 920 1510 propter
934 1417 1114 1489 Mediato-
1164 1421 1284 1492 omnia
1301 1421 1401 1491 firma
1418 1421 1485 1489 lide
1501 1423 1686 1491 statuenda
1702 1434 1796 1491 sunt·
1822 1417 1861 1489 ld
1879 1417 2146 1512 praecipitPsal

129 1544 204 1590 rem
228 1519 334 1589 uobis
354 1520 546 1602 donatum,
573 1532 720 1611 propter
739 1546 846 1614 quem
871 1522 1114 1592 misericordis
1165 1546 1258 1613 mus,
1271 1547 1352 1593 cum
1367 1522 1502 1616 iuquit:
1519 1516 1624 1591 Audi
1624 1517 1732 1614 filiu,
1748 1518 2037 1597 inclinatiorem
2049 1529 2144 1595 tuum.

126 1620 298 1714 promissa
315 1633 377 1693 est.
427 1616 475 1689 Et
493 1614 579 1690 haec
596 1622 682 1690 fides
704 1622 743 1691 in
767 1622 992 1695 invocatione
1014 1647 1115 1694 exer·
1165 1620 1299 1717 Estque
1319 1620 1405 1694 haec
1423 1624 1622 1695 admonitio
1642 1627 1687 1694 de
1712 1625 1953 1715 adplicatione
1974 1624 2146 1714 diligenter

129 1725 239 1794 cende
257 1735 309 1793 est
324 1721 565 1815 expectatione
578 1723 713 1797 auxilii.
877 1726 881 1733 '
1166 1727 1371 1815 cogitanda,
1399 1740 1440 1795 ut
1463 1725 1639 1796 discamus
1661 1729 1840 1819 quomodo
1864 1742 1900 1796 et
1924 1720 2040 1795 huius
2063 1726 2144 1813 regui

1165 1829 1324 1897 membra
1341 1827 1553 1912 efficiamur,
1580 1840 1614 1898 et
1635 1829 1731 1899 bona
1755 1851 1847 1921 quae
1869 1826 2054 1921 promittit
2076 1852 2145 1898 con·

264 1941 605 2034 Argumentum
630 1961 685 2009 uo
707 1939 972 2034 dispositio
1167 1952 1372 2022 sequamur.

425 2055 585 2139 psalmi
614 2054 757 2143 XLV·
1268 2029 1509 2101 Laudationes
1530 2030 1663 2099 multae
1688 2043 1784 2101 sunt.
1837 2027 2029 2116 Primum,
2060 2031 2146 2101 utin

349 2205 357 2220 ,
983 2207 991 2223 ,
1166 2133 1356 2202 comastico
1386 2131 1544 2250 carmine
1577 2131 1690 2248 forma
1721 2130 1906 2250 laudatur,
1942 2147 2146 2251 etexpresss

177 2207 452 2273 &mamm
467 2200 755 2275 meumvefbum
772 2200 925 2293 mma
951 2201 1034 2274 ‘3³⁶⁰
1049 2224 1114 2299 ⁶9⁰
1167 2234 1364 2304 antefertur
1379 2256 1540 2303 omnium
1555 2227 1743 2300 homanum
1760 2232 2015 2322 pulcritudini.
2068 2232 2145 2324 Qun

180 2326 293 2396 ΨΜ
308 2326 394 2376 mea
408 2309 511 2399 ΜΨ.)
538 2306 669 2400 'indua
683 2327 768 2377 Μ
784 2307 953 2377 ‘'alm‘'
965 2301 1115 2375 millae
1167 2358 1290 2405 revera
1305 2335 1441 2405 nullius
1456 2330 1615 2404 hominis
1632 2332 1804 2421 sapientia
1829 2346 1864 2401 et
1883 2334 2002 2406 virtus
2027 2359 2091 2427 par
2108 2348 2145 2404 est

177 2410 356 2479 ”emmer
369 2403 580 2477 willemi&
1167 2437 1360 2528 sapientiae
1381 2448 1417 2506 et
1435 2435 1561 2505 virtuti
1575 2431 1728 2518 Christi,
1756 2458 1907 2528 quarum
1930 2460 2057 2507 rerum
2079 2459 2144 2506 vers

232 2539 347 2608 Totus
360 2536 524 2607 Psalmus
545 2533 734 2627 prophetia
748 2551 800 2608 est
821 2539 866 2607 de
883 2536 1014 2607 Messio
1031 2560 1115 2627 pro·
1166 2553 1218 2610 est
1232 2551 1411 2608 etsumma
1419 2537 1635 2627 pulcritudo.
1661 2535 1711 2607 Ut
1719 2559 1798 2605 cum
1814 2533 2142 2630 cogitamuslosepl,

79 2637 81 2643 ’
128 2639 255 2723 misso,
290 2662 438 2708 narrans
469 2640 548 2731 quis
570 2640 631 2722 sit,
666 2640 771 2730 quale
792 2640 837 2709 sit
860 2640 935 2709 eius
955 2661 1116 2728 reguum,
1166 2639 1399 2733 quasimeute
1415 2638 1596 2728 pingimus
1612 2637 1731 2707 virum
1749 2637 2012 2726 pulcerimum,
2035 2660 2140 2709 omues

129 2755 267 2832 atquae
290 2741 382 2809 bona
398 2741 530 2831 pupulo
546 2738 612 2810 Dei
630 2736 800 2811 exhibeat.
852 2738 992 2811 Deinde
1008 2738 1115 2810 etiam
1167 2739 1322 2810 actiones
1343 2740 1548 2827 gravissime
1571 2753 1605 2809 et
1626 2733 1874 2809 honestissime
1899 2741 2139 2812 moderantem

129 2842 324 2934 alloquitur
347 2837 560 2926 Ecclesiam,
603 2855 637 2911 et
666 2842 699 2911 ei
727 2843 916 2933 praecipit,
948 2854 990 2912 nt
1019 2836 1115 2927 bunc
1167 2840 1228 2915 Sic
1249 2840 1362 2911 multo
1396 2844 1507 2930 magis
1535 2842 1578 2909 de
1602 2840 1734 2911 Massia
1762 2840 1979 2929 cogitantes,
2013 2843 2057 2912 de
2077 2863 2138 2910 ven

100 2966 249 3031 regem
271 2942 407 3012 audiat:
442 2957 475 3014 et
499 2958 751 3014 commemorat
773 2945 806 3013 ei
829 2941 1033 3014 habituram
1056 2942 1116 3011 iu·
1165 2942 1427 3035 pulcritudine,
1453 2941 1489 3011 id
1514 2956 1584 3023 est,
1608 2944 1653 3011 de
1677 2943 1850 3031 sapientia
1874 2943 1913 3011 in
1939 2966 1984 3013 eo
2009 2944 2136 3026 lucente,
2173 2941 2176 2985 ²

128 3057 267 3135 gentem
283 3044 452 3134 gloriam,
467 3047 527 3114 sed
543 3045 651 3114 simul
668 3046 796 3136 impios
810 3058 1028 3135 grassaturos
1040 3066 1116 3113 csse
1167 3059 1201 3116 et
1215 3047 1260 3113 d'e
1276 3044 1443 3115 omuibus
1458 3043 1650 3112 virtutibus
1665 3045 1871 3131 cogitemus.

127 3149 167 3217 in
184 3171 280 3231 eam,
304 3148 365 3215 sed
390 3140 669 3217 huncMessiam
685 3148 853 3218 victorem
868 3147 946 3217 lore
960 3158 996 3216 et
1011 3141 1115 3214 habi·
1268 3147 1335 3217 Est
1355 3159 1474 3216 autem
1498 3147 1592 3215 iuter
1618 3145 1806 3235 praecipua
1828 3144 1947 3214 officia
1969 3139 2077 3215 buius
2095 3166 2133 3212 re-
2174 3143 2176 3149 ’

127 3264 248 3319 turum
263 3272 411 3339 regnum
429 3262 623 3319 aeternum.
675 3246 772 3318 Haec
795 3262 846 3319 est
861 3271 999 3319 summa
1014 3245 1115 3319 Psal-
1161 3249 1240 3337 gis,
1263 3249 1390 3317 ducere
1406 3244 1654 3335 Evangelium.
1695 3243 1785 3334 ldeo
1797 3246 1969 3316 laudatur
1986 3248 2133 3340 eloquin

128 3350 198 3434 mi,
225 3350 288 3442 qui
310 3372 435 3436 magna
464 3373 506 3417 er
529 3362 627 3439 parte
651 3363 703 3421 est
720 3351 898 3430 narratio,
933 3348 1115 3439 pertinens
1166 3350 1232 3423 tia:
1258 3341 1422 3449 Ds'ffissa
1439 3354 1491 3417 cst
1504 3345 1633 3440 gratia
1650 3344 1690 3415 s'n
1708 3343 1827 3450 labiis
1841 3344 1931 3420 tus's.

129 3453 173 3521 ad
197 3473 308 3540 genus
330 3450 664 3519 demonstrativum:
691 3474 731 3519 ac
755 3464 794 3520 ut
812 3452 981 3522 usitatum
1002 3465 1054 3521 est
1075 3450 1114 3517 in
1266 3445 1469 3520 Benedixs't
1492 3444 1645 3519 tstus
1667 3447 1707 3516 in
1724 3457 1926 3522 aeternum.
1979 3447 2132 3520 Hscrocs

126 3575 253 3640 genere
276 3550 553 3620 demonstrativo
584 3552 806 3642 splendidius
833 3553 952 3647 loqui,
984 3552 1031 3623 ita
1055 3546 1113 3620 hic
1166 3552 1337 3642 significat
1352 3576 1388 3620 se
1407 3575 1571 3620 enarrare
1581 3551 1850 3640 promissionem
1862 3552 2130 3622 traditamAbrs

126 3654 239 3723 multa
261 3665 344 3722 sunt
367 3667 590 3736 ornamenta,
617 3655 747 3743 figurae
768 3668 801 3725 et
812 3654 1114 3747 compellationes,
1165 3650 1243 3724 hae.
1296 3650 1434 3724 Omnes
1451 3652 1513 3721 alii
1535 3648 1793 3723 hominessuut
1811 3652 2015 3738 maledicti,
2038 3653 2128 3729 idest,
2146 3680 2151 3691 ·

126 3778 217 3845 peue
234 3769 274 3825 ut
289 3754 324 3823 in
342 3753 529 3824 Amatorio
552 3756 710 3827 carmine
726 3780 786 3827 seu
803 3759 1049 3849 κωμαστικῷ,
1074 3769 1115 3825 ut
1164 3757 1216 3824 rei
1234 3778 1352 3826 coram
1365 3752 1456 3837 Deo,
1479 3754 1636 3845 oppressi
1651 3768 1801 3844 peccato
1811 3765 1845 3821 ει
1858 3768 1998 3842 morte,
2024 3767 2057 3825 et
2068 3749 2130 3823 lior-

128 3870 267 3930 vocant.
1165 3856 1286 3926 rendis
1309 3855 1570 3925 calamitatibus
1591 3855 1758 3939 obnoxii,
1788 3866 1829 3923 ut
1848 3857 1983 3943 tragica
1997 3853 2130 3943 exempla

229 3957 456 4046 Adiungatur
471 3973 590 4028 autem
610 3954 667 4030 hic
690 3959 849 4031 Psalmus
866 3958 1114 4050 promissioni·
1166 3958 1327 4029 omnium
1342 3969 1543 4048 temporum
1560 3957 1765 4026 ostendunt.
1804 3955 1854 4025 Aa
1871 3949 1933 4025 hic
1949 3969 2068 4026 noster
2088 3974 2130 4023 res

126 4061 194 4129 bus
216 4062 260 4130 de
284 4057 413 4130 Massia
436 4061 577 4131 traditis
591 4058 758 4132 Abrahae
778 4075 812 4132 et
834 4061 977 4132 Davidi.
1029 4054 1113 4131 Est·
1166 4061 1371 4132 benedictus
1388 4073 1455 4143 est,
1482 4059 1517 4127 id
1535 4055 1696 4143 est,Deo
1713 4059 1877 4147 placens,
1905 4073 2056 4130 ornatus
2070 4076 2129 4126 ιιιι

127 4186 195 4254 que
213 4161 440 4254 compositus,
455 4175 497 4232 ut
510 4163 556 4233 sit
572 4165 757 4255 explicatio
776 4163 1063 4253 pmmissiouum,
1079 4178 1113 4234 et
1164 4162 1355 4252 sapientia,
1381 4161 1519 4230 iusticia
1541 4176 1577 4230 ει
1593 4160 1683 4244 vita,
1708 4161 1891 4230 deleturus
1917 4167 2141 4250 peccamus·

127 4266 251 4336 doceat
269 4266 349 4356 quis
374 4265 419 4335 sit
437 4263 585 4334 Messias
604 4281 637 4336 ει
653 4267 758 4359 quale
780 4267 826 4336 sit
850 4266 926 4337 eius
950 4288 1111 4356 reguum.
1163 4277 1335 4346 mortem,
1365 4278 1400 4334 et
1424 4262 1568 4332 diabolo
1599 4275 1742 4331 aeterna
1772 4261 1916 4330 vincula
1949 4263 2130 4332 iniectum
2162 4301 2176 4335 a

29 4418 41 4438 .
126 4361 412 4455 Adplicationem
443 4391 527 4435 vero
562 4380 595 4437 ει
625 4392 729 4439 usum
760 4368 866 4441 buius
896 4366 1113 4439 laudationis
1163 4365 1259 4437 llaec
1273 4365 1394 4436 omnia
1409 4364 1655 4454 complectitur
1677 4363 1867 4454 appellatio
1882 4360 2131 4435 benedictionis
2162 4403 2176 4443 μ,

124 4463 276 4536 Messiae
292 4469 394 4538 docet
411 4466 487 4559 ipse
499 4467 681 4555 Psalmus,
707 4496 786 4542 cum
801 4469 973 4561 praecipit
987 4464 1112 4539 Eccle·
1264 4465 1339 4538 Nec
1359 4466 1579 4556 intelligatur
1602 4465 1805 4536 benedictio
1829 4465 1900 4546 ita,
1936 4464 2045 4559 qussi
2074 4477 2131 4536 tsn-
2163 4512 2176 4549 ‚1

124 4569 250 4639 siaeut
267 4564 403 4638 audiat
419 4564 712 4645 huncMessiam.
765 4571 863 4642 llaec
883 4594 963 4661 pars
977 4565 1110 4640 Psalmi
1162 4583 1239 4641 tum
1254 4568 1323 4660 ipsi
1333 4564 1478 4640 Christo
1496 4567 1627 4660 prosit,
1652 4567 1810 4636 sedideo
1827 4567 1904 4658 ipse
1921 4566 2132 4642 benedicitur,

124 4682 175 4740 est
190 4671 329 4760 generis
343 4671 512 4754 suasorii,
538 4674 619 4764 quia
638 4674 811 4766 praecipit
828 4673 898 4742 iam
914 4685 1110 4744 monstrato
1161 4686 1202 4744 ut
1217 4672 1321 4741 nobis
1346 4695 1407 4740 sua
1431 4671 1525 4740 buna
1548 4669 1745 4760 impertiat,
1771 4669 1863 4739 sicut
1886 4669 2080 4760 promissio
2093 4666 2132 4733 iu·

124 4768 799 4867 Messiuquomodositamplectendus.
853 4773 936 4847 ldeo
954 4774 1108 4867 primum
1162 4774 1258 4865 quit:
1285 4771 1327 4842 lu
1351 4774 1488 4843 semiue
1507 4786 1569 4842 tuo
1594 4772 1851 4841 benedicentur
1873 4794 2006 4842 omues
2025 4781 2176 4872 geuttt·i

122 4874 313 4964 diligenter
330 4875 548 4945 considerata
565 4877 769 4949 laudatione
785 4876 955 4963 Messise,
979 4877 1110 4967 cogite·
1160 4872 1209 4946 Et
1229 4876 1324 4945 iulra
1344 4874 1504 4945 Psalmus
1524 4875 1598 4971 ipse
1620 4874 1874 4964 interpretatur
1897 4866 2132 4949 bacchandi

122 5000 200 5046 mus
216 4977 296 5069 quis
312 4977 375 5058 sit,
400 4989 435 5047 et
447 5001 538 5069 quae
554 4979 648 5051 boua
665 4976 838 5052 exhibeat.
876 4978 1003 5052 Postea
1019 4979 1119 5056 scias
1161 4977 1331 5047 ctionem:
1357 4967 2132 5060 UnxisseDaus,Deussuusota01aesio'at

120 5102 200 5148 mus
212 5070 296 5149 veum
309 5078 526 5150 audiendum
545 5103 637 5167 csse,
666 5096 702 5155 et
716 5079 803 5157 haec
823 5082 899 5174 ipsa
924 5081 1110 5155 bonosae
1158 5086 1618 5177 proptsrconsortsrtssos,
1644 5079 1681 5149 id
1705 5091 1775 5160 est,
1800 5078 1881 5146 ideo
1901 5091 2131 5164 setaruuspt·
2166 5126 2176 5181 t

120 5181 326 5271 accipienda
343 5202 428 5255 esse.
878 5224 882 5233 ·
914 5224 917 5229 -
997 5194 1003 5207 '
1160 5192 1214 5253 ter
1228 5180 1365 5252 Filium
1376 5181 1492 5264 misit,
1515 5180 1748 5253 etordinarit
1763 5173 1901 5248 adbuc
1916 5178 2131 5251 sacerdotis!

222 5280 305 5353 Non
319 5297 370 5354 est
385 5278 453 5355 hoc
469 5306 620 5374 regnum
635 5286 751 5355 simile
766 5280 964 5357 Alexandri
987 5305 1109 5373 regno,-
1159 5295 1193 5355 et
1207 5307 1377 5374 reguum,
1395 5285 1484 5353 data
1499 5284 1531 5352 ei
1548 5282 1705 5375 putentia
1720 5280 1846 5351 divissa
1859 5295 1897 5351 st
1915 5280 2058 5373 Spiritu
2070 5296 2131 5349 sss·

117 5385 179 5453 ubi
202 5409 263 5454 rex
285 5387 352 5457 sibi
372 5387 567 5480 potentiam
593 5387 751 5480 qrraerit,
776 5399 811 5459 ct
830 5386 1010 5480 aliquibus
1034 5385 1107 5457 suis
1159 5400 1234 5471 cto,
1255 5401 1295 5459 ut
1318 5387 1394 5478 ipse
1415 5398 1599 5456 consortes
1618 5408 1701 5456 suos
1722 5384 1868 5470 liberet,
1893 5398 1932 5454 et
1948 5372 2128 5456 ‹tonerittl
