4538 5754
207 227 279 304 su
609 250 615 259 ·
777 227 926 305 ,curn
953 229 1069 309 uer..
1095 195 1304 310 scuilll
1329 200 1777 389 titutum&
2154 253 2178 326 s
2223 253 2249 325 s

207 396 384 491 plectitur.
451 393 719 512 confirmantur
753 419 837 515 ergo
874 399 944 492 pii,
986 426 1031 474 ne
1064 431 1084 475 a
1116 405 1192 478 Deo
1219 409 1345 549 'chiae
1358 409 1525 485 etEsaiae
1542 378 1972 511 poputui'ebtemperabn
1981 421 2120 493 obsessa
2134 448 2157 492 u
2244 419 2254 435 ⁶

207 499 389 584 deficiant,
431 521 494 566 nec
522 498 693 568 abuerunt
720 493 828 571 huius
852 503 1036 576 doctrinae
1059 511 1195 600 proles·
1218 516 1309 623 ¹etsi
1332 529 1483 586 reserat
1506 517 1543 584 in
1568 542 1705 588 summa
1727 522 1984 613 desperatione.
2051 522 2123 593 Sed
2172 528 2175 535 '

208 603 358 673 sionem.
1218 628 1223 767 p
1244 617 1450 687 iudicabant
1461 618 1534 706 regi
1549 620 1722 690 divinitus
1735 622 1882 691 consilia
1895 636 1932 692 et
1943 624 2087 711 negocia
2103 622 2205 727 hq-

311 698 470 771 Pertinet
496 711 613 770 autem
639 716 814 793 postrema
835 729 917 795 pars
939 701 1046 776 huius
1068 708 1194 796 longae
1243 718 1458 807 principum.
1527 717 1712 790 Discamus
1738 721 1846 809 igitur
1865 738 1900 793 et
1921 748 1989 792 nos
2012 720 2206 816 Angeba-

208 803 389 878 concionis
411 802 515 872 etiam
539 804 583 870 ad
607 798 699 872 hanc
714 805 875 874 ultimam
891 809 1016 876 mundi
1035 823 1194 892 aetatem,
1243 818 1416 909 praesidia
1432 833 1465 889 et
1481 832 1620 908 petere,
1645 836 1679 893 et
1696 823 1824 914 pietate
1839 825 2005 898 retinere.

210 920 245 978 et
268 909 310 975 ad
328 901 506 974 Ecclesiae
531 927 737 989 aerumnas,
759 930 847 1000 quas
872 908 954 978 tulit
977 909 1047 976 iarn
1071 911 1193 983 multis

208 1006 350 1080 seculis:
393 1008 479 1073 dum
510 1004 596 1072 alibi
627 1002 867 1078 Mabometica
899 1010 1015 1077 rabies
1046 1027 1195 1082 conatur

211 1130 356 1201 prorsus
387 1106 504 1175 delere
533 1129 663 1174 nomen
690 1104 776 1175 Filii
804 1108 893 1193 Dei,
925 1110 1010 1179 alibi
1046 1129 1195 1201 regnant

208 1206 381 1300 Episcopi
405 1201 546 1278 ethnico
563 1231 680 1290 more,
707 1222 739 1278 et
755 1211 870 1280 studia
888 1212 1070 1283 doctrinae
1085 1216 1193 1283 eccle-

206 1312 368 1382 siasticae
389 1309 591 1396 negligunt,
617 1309 741 1380 sinunt
762 1312 919 1401 extingui
943 1313 1057 1383 lucem
1073 1311 1193 1384 Evan-

209 1412 293 1503 gelii
316 1415 360 1481 de
386 1434 467 1479 vera
490 1410 714 1479 invocatione
738 1413 776 1481 in
797 1412 866 1482 fide
884 1437 947 1482 seu
963 1414 1091 1484 fiducia
1109 1417 1193 1487 Filii

208 1513 295 1597 Dei,
324 1524 549 1604 propugnant
571 1510 667 1581 idola
692 1527 726 1583 et
742 1513 926 1598 libidines,
953 1515 1082 1585 iniuste
1101 1519 1194 1586 occi-

210 1618 301 1685 dunt
327 1609 490 1682 homines
512 1612 718 1685 innocentes
734 1628 878 1707 propter
894 1639 995 1684 verae
1012 1618 1193 1689 doctrinae
1245 1678 1416 1753 quaeram
1435 1660 1543 1729 infida
1559 1664 1751 1751 praesidia,
1777 1686 1841 1731 nec
1857 1663 2103 1733 incertissimis
2118 1678 2153 1736 et
2166 1666 2222 1733 fal·

209 1716 475 1808 pr⁰s²³⁵¹⁰⁰⁰m⁸
1117 1752 1119 1756 ’
1244 1763 1426 1831 larissiniis
1456 1757 1642 1830 hominum
1674 1765 1917 1833 voluntatibus
1947 1766 2131 1851 nitantur;
2168 1790 2221 1835 nec
2253 1776 2258 1857 s

311 1834 494 1902 Accedunt
514 1832 662 1950 'interim
685 1847 720 1904 et
742 1834 811 1904 alia
828 1836 937 1906 multa
954 1838 1064 1921 mala,
1087 1837 1191 1908 etiam
1244 1865 1438 1933 moliantur
1459 1855 1779 1956 πλεονεκτήματα,
1810 1889 1874 1933 nec
1894 1866 2080 1956 implicent
2099 1890 2137 1936 sc
2159 1890 2221 1937 non
2253 1878 2258 1935 ἰ

209 1938 248 2005 in
268 1936 311 2004 iis
333 1934 438 2018 locis,
461 1936 524 2003 nbr
547 1948 598 2003 est
613 1936 796 2004 emendata
812 1938 991 2022 doctrina,
1019 1939 1194 2031 principes
1246 1965 1448 2035 necemffi,
1464 1967 1579 2034 rehu„

210 2037 371 2128 impediti
399 2035 618 2124 negligenter
641 2049 787 2105 tuentur
812 2039 1058 2124 disciplinam,
1091 2041 1192 2127 pauci

208 2152 292 2208 sunt
323 2137 483 2206 munifici
512 2137 551 2204 in
581 2138 719 2206 alendis
741 2133 929 2226 Evangelii
962 2140 1133 2210 ministris
1160 2154 1192 2210 et
1344 2128 1468 2204 Postea
1499 2132 1624 2222 incipit
1652 2133 1835 2202 vaticinari
1860 2135 2020 2223 Angelus
2047 2135 2093 2203 de
2122 2156 2223 2225 regno
2253 2153 2258 2195 ¹

207 2239 371 2309 fovendis
414 2237 540 2307 studiis
576 2239 770 2307 literarum.
851 2236 1046 2310 Confirmat
1085 2242 1193 2330 igitur
1244 2233 1403 2303 Persico:
1439 2228 1618 2318 Stabunt,
1651 2233 1788 2327 inquit,
1822 2228 1945 2305 adhuc
1967 2244 2040 2304 ires
2069 2258 2169 2328 reges
2190 2232 2222 2301 ia
2254 2240 2259 2294 l

210 2333 372 2433 ἀναρχία
395 2336 625 2428 petulantiam
650 2338 842 2422 malorum,
867 2353 903 2409 et
925 2341 1095 2426 neglectio
1112 2344 1192 2413 lite.
1243 2328 1386 2406 Persio.
1438 2336 1510 2404 Hic
1525 2336 1710 2422 insigniter
1724 2330 1992 2407 hallucinantur
2010 2336 2145 2419 ludaei,
2170 2337 2247 2428 qni·

209 2465 330 2511 rarum
364 2463 474 2507 novas
504 2440 666 2508 tenebras
690 2450 724 2507 et
748 2463 875 2510 novam
899 2442 1098 2511 barbariem
1122 2445 1203 2521 nii-¹
1244 2449 1370 2529 putant
1386 2449 1522 2506 tanturn
1540 2448 1611 2505 tres
1626 2436 1733 2506 luisse
1749 2436 2055 2527 regesPersarum,
2076 2451 2110 2507 et
2126 2439 2247 2506 amit·.

208 2555 325 2613 natur.
1244 2553 1324 2609 tunt
1346 2561 1459 2606 annos
1480 2563 1521 2606 ex
1541 2537 1631 2605 serie
1656 2553 1854 2627 temporum
1879 2540 1997 2628 plures
2019 2560 2126 2631 quam
2149 2561 2221 2605 cen·

309 2654 406 2728 Haec
419 2658 513 2726 mala
527 2659 577 2748 pii
592 2660 836 2745 considerent,
859 2674 900 2731 ut
913 2662 1067 2752 primum
1082 2686 1099 2730 a
1116 2659 1191 2732 Deo
1244 2654 1331 2709 lum·
1383 2636 1541 2757 p⁰⁸⁸l¹¹¹l
1563 2651 1678 2756 wilm
1702 2639 1884 2756 PelJPlcue
1900 2639 2047 2757 refutari
2065 2662 2128 2729 l>er
2142 2638 2221 2754 ⁸³32
2253 2630 2259 2671 ¹

171 2762 175 2771 '
209 2774 351 2853 petent,
386 2772 428 2830 ut
457 2759 531 2849 ipse
562 2784 660 2830 suam
693 2756 886 2831 Ecclesiam
917 2776 1051 2847 servet,
1086 2777 1192 2852 regat,
1244 2756 1379 2831 Ρῑθῖθδ,
1419 2758 1481 2833 ‘1¹¹¹
1514 2739 1663 2829 ⁸¹¹¹S¹¹l¹⁸
1695 2743 1837 2829 ῐθὸὼΰδ
1869 2740 2019 2809 ¹³⁸l⁵¹⁶¹⁵
2050 2751 2220 2809 mallim
2255 2762 2259 2841 j

208 2855 326 2932 foveat
348 2874 383 2931 et
401 2875 534 2950 augeat.
592 2858 730 2931 Deinde
752 2865 781 2932 si
805 2864 866 2954 qui
895 2878 1041 2954 possunt
1063 2865 1191 2958 aliqui·
1240 2844 1397 2915 sunum·

208 2965 277 3034 bus
298 2963 507 3033 vulneribus
535 2964 688 3048 mederi,
720 2966 931 3036 annitantur
955 2990 1020 3056 pro
1044 2990 1105 3035 sua
1128 2993 1191 3035 vo-
1345 2959 1415 3030 Sed
1442 2958 1601 3048 Angelus
1636 2958 1766 3027 diserte
1796 2956 1931 3050 inquit:
1965 2956 2129 3028 Stabunt
2158 2971 2219 3028 tres
2257 2964 2259 2973 '

209 3065 366 3147 catione,
399 3088 444 3132 ne
476 3064 627 3133 defuisse
655 3090 714 3135 eos
736 3067 851 3134 officio
874 3090 940 3137 suo
965 3061 1128 3137 Christus
1152 3069 1190 3136 in
1240 3084 1348 3151 reges.
1398 3060 1598 3148 Singularis
1626 3073 1679 3128 est
1708 3054 1886 3148 emphasis
1911 3059 1956 3126 in
1990 3059 2102 3128 verbo
2131 3058 2219 3129 Stare

208 3166 335 3237 ultimo
360 3165 494 3261 iudicio
518 3180 672 3235 accuset:
699 3162 864 3246 Esurivi‚
890 3181 926 3238 et
951 3191 1022 3237 non
1048 3169 1192 3259 pavistis
1242 3166 1335 3251 apud
1368 3156 1574 3251 Prophetas.
1635 3158 1725 3228 Nam
1755 3173 1847 3229 stare
1868 3182 2024 3249 regnum
2058 3159 2218 3248 signifieat
2255 3236 2259 3251 ι

208 3292 265 3336 me
287 3280 350 3337 etc.
389 3254 535 3352 ¹dulae,
567 3264 695 3335 Curiae
717 3280 840 3356 regant
861 3268 1105 3359 disciplinam,
1135 3270 1191 3339 fo·
1241 3264 1387 3343 llorere,
1412 3265 1565 3332 retinere
1584 3261 1775 3350 potentiam
1793 3260 2188 3329 nonduminclinatem.

209 3381 313 3437 veant
343 3369 517 3435 docentes.
577 3363 723 3436 Eruditi
752 3391 827 3437 non
857 3368 1041 3441 fastidiant
1067 3394 1192 3461 operas
1342 3397 1479 3470 0351312
1503 3395 1724 3465 enumeratio
1749 3407 1801 3464 est
1827 3406 1907 3484 post
1928 3391 2087 3487 Cyrum,
2121 3394 2218 3463 Cam·

209 3482 271 3539 aut
289 3467 486 3584 doctrinam
506 3461 697 3585 beclesiae.
755 3466 845 3536 Nam
869 3470 1020 3539 maxime
1042 3473 1190 3561 dignum
1242 3504 1363 3595 hysen,
1383 3496 1545 3583 Darium,
1566 3518 1748 3566 recensere
1763 3493 2096 3588 quartumxmen·
2136 3494 2217 3567 Nam

209 3583 260 3639 ω
284 3565 430 3684 himm‘
455 3561 689 3658 pb¹l⁰⁸⁰ph⁰’
715 3592 884 3661 quaesere
906 3595 1025 3688 “fam
1048 3576 1092 3642 ‘¹²
1114 3573 1190 3642 ΒΕΘ
1242 3602 1367 3691 Magos
1390 3601 1543 3669 inserere
1565 3596 1813 3688 supposititios
1836 3619 1933 3685 reges
1954 3596 2150 3675 absurdum
2166 3610 2219 3666 est.

209 3673 406 3739 d⁰⁰tr¹⁰³m
430 3681 464 3738 εἰ
488 3669 665 3738 celebrae
688 3667 815 3744 Deum·
879 3670 1062 3743 Adffll‘m
1084 3676 1193 3765 igliur
1243 3696 1383 3773 Flornit
1409 3715 1526 3771 autem
1550 3694 1637 3768 haec
1660 3691 1865 3766 monarchia
1888 3698 2037 3781 virtute,
2072 3697 2219 3770 victoriis

209 3771 326 3841 studia
341 3764 544 3857 Evangelii,
571 3783 606 3839 et
629 3773 855 3841 concordiam
876 3774 1057 3845 doctrinae
1076 3801 1191 3856 verae,
1242 3821 1276 3876 ep
1299 3802 1475 3896 potentia,
1501 3801 1651 3869 mmm,
1674 3800 1740 3867 ,ub
1762 3797 1876 3868 tribu,
1900 3798 1972 3867 5153
1993 3798 2119 3889 primi,
2133 3798 2219 3886 regi,

209 3874 361 3966 quadam
377 3867 1192 3988 midmfiffl.⁰¹phss⁰⁵⁰phi³¹¹eoe⁵⁸³¹l³Piis
1242 3908 1322 3977 bus.
1371 3902 1504 3973 Xerxes
1527 3924 1612 3970 vero
1633 3900 1766 3970 bellum
1790 3898 1911 3970 intulit
1926 3896 2077 3969 Graecis
2096 3896 2132 3966 in
2150 3892 2219 3965 ttu-

210 3973 522 4090 gubemmnbui’
553 3987 738 4043 'cumam'
805 3972 876 4044 sed
900 3970 986 4044 hm
1011 3977 1103 4045 inim
1127 4002 1191 4047 ⁵¹¹⁰
1241 4032 1347 4098 ropa,
1373 4006 1438 4075 ubi
1461 4027 1541 4073 cum
1564 4003 1677 4071 victus
1701 4013 1806 4087 esset,
1832 4002 1990 4094 quassari
2009 3992 2218 4080 monarchia,

209 4075 288 4144 loco
315 4075 442 4144 iterum
472 4074 622 4189 dicenda
654 4089 770 4149 erunt.
819 4073 924 4145 Nunc
954 4078 997 4146 ad
1026 4074 1192 4150 historias
1242 4123 1276 4179 et
1296 4109 1480 4201 aliquanto
1506 4116 1585 4196 po„
1607 4102 1709 4173 mese
1732 4102 1858 4193 coepit·
1910 4096 2250 4185 Acredpmsxffil

209 4178 334 4259 ‘edm'
358 4197 447 4269 ΨΜ
462 4169 520 4243 1¹¹⁰
538 4176 740 4245 recitantur·
1240 4211 1293 4280 xis
1308 4210 1346 4278 in
1357 4206 1476 4279 Asiam
1494 4231 1567 4276 non
1584 4206 1698 4274 solum
1715 4203 1813 4273 clade
1828 4202 2018 4286 exercitus,
2043 4205 2107 4272 sed
2124 4201 2217 4270 etiarn

1242 4312 1405 4381 foeditate
1436 4332 1593 4391 morum,
1626 4306 1757 4375 incesta
1785 4305 1937 4375 libidine
1963 4318 1998 4373 et
2019 4304 2218 4374 crudelitate

1347 951 1463 1021 Mirae
1495 965 1588 1023 artes
1618 978 1715 1023 nunc
1743 970 1951 1026 exercentur
1983 958 2021 1026 in
2052 958 2158 1042 aulis,
2188 972 2214 1033 6

1243 1052 1355 1123 mnlta
1394 1068 1478 1124 sunt
1511 1055 1657 1123 consilia
1688 1057 1857 1126 insidiosa
1886 1054 1950 1128 καὶ
1981 962 2258 1151 nieoremmdl:

1244 1150 1335 1223 hanc
1352 1169 1449 1245 putat
1464 1178 1538 1224 esse
1552 1156 1730 1247 politicam
1746 1160 1967 1247 sapientiam.
2008 1160 2079 1229 Sed
2095 1161 2218 1233 discen

1244 1256 1294 1344 pii
1318 1258 1571 1345 gubernatores
1593 1280 1668 1326 non
1691 1281 1792 1348 posse
1816 1260 1962 1329 retineri
1985 1261 2134 1351 imperia
2157 1263 2219 1333 sine

1245 1359 1377 1426 auxilio
1399 1357 1478 1427 Dei.
1545 1355 1666 1445 Quare
1696 1357 1780 1429 huic
1801 1362 2068 1451 obtemperent,
2103 1363 2221 1435 saciant

1244 1459 1358 1527 officia
1374 1459 1587 1543 necessaria,
1610 1475 1644 1529 et
1658 1461 1765 1530 aDeo
1781 1475 1963 1551 expectent
1978 1464 2222 1547 delensionem,
2253 1522 2258 1549 ,

1243 1562 1333 1630 sicut
1349 1562 1518 1652 scripturn
1536 1574 1602 1629 est:
1630 1558 1703 1648 Qui
1721 1565 1780 1631 dat
1794 1562 1942 1632 salutem
1959 1564 2115 1651 regibus.
2160 1563 2221 1634 Nec

308 4342 469 4414 Primum
501 4347 709 4415 observetur
737 4345 978 4417 testimoninm
1003 4351 1047 4417 de
1069 4343 1189 4437 Ange·

210 4448 325 4517 lorum
351 4446 516 4515 excubiis.
582 4444 711 4517 Narrat
732 4444 890 4536 Angelus
911 4473 948 4517 se
971 4449 1054 4518 inde
1078 4472 1190 4542 usque

209 4549 254 4617 ab
286 4545 388 4616 initio
419 4547 571 4617 adfuisse
593 4546 703 4618 Dario
724 4546 854 4633 Medo,
887 4562 925 4618 ut
949 4550 1132 4620 adiuvaret
1158 4566 1191 4620 et

209 4648 383 4719 stabiliret
405 4648 479 4716 eius
501 4671 658 4737 regnum.
688 4634 883 4719 'Fortassis
905 4650 1064 4739 placidus
1087 4675 1189 4720 senex
1737 4710 1746 4727 .
2124 4707 2134 4725 .

208 4749 294 4830 fuit,
318 4764 455 4838 ,prmus
477 4772 498 4818 a
519 4749 738 4839 principibu,
758 4775 798 4820 ac
813 4750 960 4834 vicinps,
986 4766 1025 4821 u,
1040 4752 1116 4820 fieri
1133 4776 1189 4821 so·
1239 4716 1337 4785 culae
1353 4738 1484 4786 amore.
1530 4710 1615 4782 Post
1629 4706 1721 4780 hanc
1736 4721 1902 4779 incestam
1921 4708 2218 4788 consuetudinem,

208 4851 268 4923 let.
318 4846 426 4919 Hunc
448 4862 564 4918 tamen
585 4852 747 4922 defendit
763 4853 841 4943 pius
855 4852 1032 4943 Angelus,
1054 4854 1190 4923 adiuvit
1239 4841 1318 4888 ⁰⁰¹⁰
1342 4817 1409 4885 ὼ
1435 4813 1625 4939 pafriciifia
1649 4826 1764 4881 mum
1789 4824 1891 4929 εἶπ’
1917 4823 1993 4880 mm
2017 4809 2216 4880 “milam

208 4952 247 5019 in
261 4947 413 5041 praeliis,
438 4951 649 5039 gubernarit
665 4954 879 5043 peniculon„
896 4966 1052 5029 eveum·
1100 4953 1189 5025 suc,
1239 4920 1361 4988 caedes
1385 4918 1515 4985 fratris.
1575 4912 1728 4983 Pandem
1752 4927 1785 4983 et
1808 4934 1882 5004 ipse
1897 4910 2032 4982 Xerxes
2054 4912 2102 4981 ab
2119 4908 2216 4982 Arta·

208 5073 324 5121 cessus
353 5062 469 5121 antem
501 5053 680 5142 prosperi,
720 5056 922 5146 mmmm
955 5078 1035 5125 cum
1064 5078 1189 5143 magn„
1236 5020 1331 5090 bano
1349 5020 1552 5088 interiectus
1570 5028 1633 5086 est.

207 5152 352 5221 luerunt
375 5153 546 5241 pericula,
572 5155 671 5242 signa
692 5171 775 5227 sunt
790 5156 903 5225 divini
919 5156 1053 5228 auxilii.
1105 5155 1188 5226 ldeo
1340 5145 1438 5223 Haec
1458 5148 1672 5241 exemplare
1692 5149 1820 5222 recito..
1854 5146 2016 5219 Primum
2033 5163 2215 5243 utpnenae

206 5267 339 5324 metum
361 5253 541 5323 incutiunt
562 5250 723 5326 hostibus
743 5270 804 5327 aut
824 5256 965 5336 invidis.
1024 5253 1071 5327 Et
1093 5262 1186 5347 apud
1237 5280 1303 5328 nos
1325 5257 1558 5333 admoneant,
1583 5264 1624 5322 ut
1642 5251 1814 5321 iudicium
1835 5263 1869 5321 et
1893 5250 1983 5319 iram
2005 5244 2076 5320 Dei
2100 5252 2215 5335 tirnes-

200 5357 320 5426 bonos
347 5369 478 5445 augent
504 5358 708 5451 principum
736 5358 979 5429 reverentiam.
1032 5357 1080 5430 Ut
1098 5355 1188 5430 Ezc·
1239 5383 1334 5440 mus,
1367 5355 1430 5450 qrri
1463 5354 1632 5425 libidines
1662 5376 1780 5423 severe
1814 5351 1927 5442 punit.
1989 5347 2153 5441 Deinde,
2183 5363 2215 5423 nt

1240 4536 1358 4583 amare
1371 4512 1486 4603 coepit
1500 4509 1617 4579 fratris
1634 4508 1830 4599 coniugem.
1882 4506 2005 4583 Postea
2020 4520 2103 4576 cum
2117 4504 2217 4599 hlian

1239 4615 1358 4685 fratris
1379 4636 1442 4682 suo
1468 4612 1541 4680 lilio
1564 4610 1736 4693 dedisset,
1768 4608 1895 4678 exarsit
1918 4620 1952 4677 et
1971 4600 2082 4676 huius
2101 4606 2218 4677 iuven·
