4538 5754
72 213 197 316 ⁴aro
423 149 430 156 ’
629 195 636 204 ’
716 174 1220 289 annumerabat
1242 208 1542 293 axacunca.
1759 184 1762 192 ’
2069 231 2146 310 70,

123 389 264 459 tabatur
281 381 351 464 ira,
377 392 411 452 et
426 379 585 450 redactus
604 375 728 451 fuisset
742 377 783 446 in
802 379 1008 471 pulverem,
1035 381 1106 451 nisi
1152 379 1317 455 Alterum
1347 398 1398 457 cst
1429 389 1526 482 quod
1555 388 1738 477 observes,
1776 397 1963 487 promissio
1998 405 2135 490 gratiae,

125 487 241 560 statim
259 484 485 554 ¹⁰⁵⁰⁵⁶st³l¹¹⁸
502 491 591 551 0⁸³&
606 502 690 550 *1⁰⁶0
707 475 789 549 Del·
1151 508 1214 575 per
1228 510 1335 580 quam
1349 487 1621 578 promissionem
1637 491 1833 568 vivificatus
1848 512 1899 570 est
1912 501 2044 573 Adam.
2074 502 2133 576 Est
2164 583 2167 587 ⁴

226 588 298 659 Hic
319 585 475 677 Primum
498 584 663 661 ⁰b⁵0rvts
689 582 787 673 quod
811 579 861 652 ait
875 603 1016 673 vespere
1030 579 1105 652 Do·
1151 600 1269 658 autem
1286 582 1384 657 ltaec.
1438 589 1557 682 lpsum
1581 615 1701 662 semen
1720 611 1878 670 conteret
1897 618 2002 692 caput
2027 619 2131 680 tuum,

125 694 262 761 minum
283 687 524 756 deambulasse
553 684 591 751 in
616 681 803 763 Paradiso,
838 708 908 776 quo
932 683 1104 773 significat
1150 687 1347 760 Estautem
1368 692 1661 763 semenmulieris
1677 691 1860 785 Christus,
1884 706 2130 799 etquicunque

80 848 82 851 .
126 790 326 864 novissimis
341 786 559 876 temporibus
568 781 762 853 Dominum
778 799 968 854 venturum
984 784 1103 883 fuisse,
1150 800 1234 859 sunt
1252 786 1455 876 inCltristo,
1479 788 1595 883 Caput
1610 809 1726 867 autem
1743 803 1917 888 serpentis
1933 807 2129 897 pmpriiui·
2148 799 2152 804 .

126 899 222 966 iuxta
239 893 328 961 illud
348 887 453 957 loelis
468 885 620 959 Actuum
638 887 809 954 secundo:
836 880 883 955 Et
899 886 965 957 erit
981 885 1019 953 in
1035 911 1102 954 no·
1149 913 1205 959 me
1229 912 1378 989 regnum
1401 895 1533 982 peccati
1555 909 1590 965 et
1612 898 1736 967 mortis
1753 914 1820 970 est:
1848 901 2036 976 Peccatum
2055 934 2128 979 acu-

126 994 278 1066 vissimis
294 992 418 1060 diebus
432 1000 496 1057 etc.
543 984 680 1056 Deinde
694 1010 768 1056 non
784 985 990 1078 simpliciter
1006 988 1103 1071 dicit,
1149 989 1225 1060 leus
1240 991 1364 1062 mortis
1378 1007 1440 1077 est,
1465 994 1578 1085 prima
1588 993 1858 1071 Corinthiorum
1876 1006 2013 1078 decimo
2030 1011 2128 1102 quia-

125 1120 205 1169 cum
221 1094 401 1164 audissent
415 1087 630 1171 Dominum,
653 1089 715 1157 sed
738 1112 817 1156 cum
835 1088 1015 1157 audissent
1039 1114 1101 1157 vo·
1150 1104 1204 1172 to,
1231 1093 1268 1163 id
1286 1107 1347 1177 est,
1371 1117 1468 1165 mors
1484 1096 1577 1167 vires
1592 1099 1923 1194 accipitapeccato,
1947 1112 2048 1179 utsit
2061 1136 2128 1181 me.
2167 1110 2169 1117 ,

125 1224 199 1271 cem
219 1194 385 1272 Domini,
417 1203 457 1260 ut
479 1189 734 1279 significaretur
756 1190 849 1259 filius
872 1191 1102 1260 descensurus
1150 1206 1206 1264 tus
1236 1208 1397 1264 aeternae
1428 1195 1502 1265 irae
1531 1195 1610 1269 Dei.
1664 1199 1776 1273 Porro
1807 1204 1956 1276 insidiae
1986 1211 2128 1282 Satanae

125 1304 163 1370 in
181 1298 377 1377 mundum,
401 1275 464 1384 qui
479 1316 546 1359 vox
560 1314 619 1359 seu
637 1292 784 1361 verbum
804 1292 910 1381 patris
927 1304 988 1362 est.
1148 1307 1250 1379 sunt,
1275 1296 1421 1367 victoria
1439 1312 1556 1367 autem
1575 1315 1694 1373 nostra
1713 1317 1782 1388 est,
1810 1306 1906 1377 iuxta
1926 1310 2031 1396 illud,
2060 1310 2129 1382 Ab·

229 1397 348 1488 ltaque
370 1395 465 1486 quod
490 1387 547 1461 hic
567 1393 606 1459 in
630 1392 706 1461 solo
724 1390 859 1475 Adam,
885 1404 1027 1482 parente
1042 1404 1102 1480 g'e-
1148 1409 1266 1487 sorpta
1284 1411 1334 1467 est
1351 1421 1445 1467 mors
1462 1398 1500 1466 in
1518 1400 1710 1473 victoriam.
1804 1420 1806 1426 ’

126 1503 219 1573 neris
242 1495 390 1566 humani
413 1506 546 1584 gestum
573 1507 640 1575 est,
666 1493 801 1582 geritur
822 1493 860 1560 in
881 1506 954 1562 toto
975 1516 1101 1582 genere
1505 1572 1513 1587 ι
1564 1573 1572 1589 ⁴

125 1603 281 1674 humano
299 1621 359 1689 per
374 1593 875 1686 praedicationemEvangelii,
907 1595 1102 1664 accusantis
1306 1625 1309 1630 ·
1416 1569 1571 1641 Mulwrl
1593 1573 1869 1665 ‘1¹⁴⁰‘lu0dl'xll-
1985 1645 1990 1655 .

125 1720 159 1777 et
172 1699 382 1774 remittentis
395 1708 532 1788 peccata
549 1694 679 1768 nostra.
729 1691 778 1765 Et
793 1698 889 1788 quod
907 1691 965 1764 hic
982 1719 1101 1794 resur·
1251 1692 1352 1764 Mors
1374 1710 1409 1767 et
1439 1724 1563 1770 ornnes
1593 1705 1802 1777 afflictiones
1832 1711 1991 1801 corporis
2023 1738 2129 1804 poena

125 1809 177 1898 git
192 1805 305 1874 Adam
329 1799 475 1868 remisso
492 1810 649 1887 peccato,
674 1810 709 1866 et
729 1798 850 1866 audita
870 1796 1102 1888 promissione
1149 1807 1231 1864 sunt
1247 1799 1377 1885 peccati
1393 1799 1518 1888 primi,
1544 1806 1605 1872 sed
1624 1829 1662 1875 ea
1679 1831 1792 1897 poena
1813 1812 1914 1882 desiit
1931 1836 2005 1883 esse
2023 1840 2131 1906 poena

36 1926 45 1936 '
124 1912 169 1978 de
185 1902 397 1976 conterendo
421 1898 592 1989 serpentis
613 1899 744 1989 capite,
766 1898 801 1966 id
829 1898 1028 1989 perficietur
1044 1899 1102 1966 die
1148 1896 1362 1982 iustificatis,
1408 1902 1516 1993 litque
1556 1905 1832 1980 instrumentum
1870 1915 2130 1988 mortificandae

124 2007 266 2088 iudicii,
292 2028 371 2073 curn
387 2025 481 2069 mors
497 2003 707 2082 destruetur,
733 2000 845 2088 prima
861 1995 1020 2069 Corinth.
1040 2002 1102 2070 de-
1148 1999 1284 2082 carnis,
1310 1994 1377 2068 hoc
1399 2017 1469 2087 est,
1496 2007 1697 2078 maledictio
1721 2012 1858 2081 sublata
1875 2028 1943 2097 est,
1970 2030 2005 2086 et
2026 2020 2129 2088 boue-

124 2106 369 2199 cimoquinto.
422 2101 619 2190 lnterrogat
633 2098 808 2170 Dominus
826 2103 869 2169 de
886 2114 1037 2192 peccato,
1063 2116 1103 2171 ut
1148 2098 1239 2168 dicta
1264 2124 1349 2169 crux
1369 2116 1432 2175 est.
1483 2099 1544 2172 Ad
1570 2130 1650 2175 eum
1674 2114 1820 2180 modum
1847 2109 1903 2181 hic
1935 2139 2016 2185 cum
2045 2124 2128 2189 mori

123 2214 343 2283 edaciorem
361 2204 493 2296 peccati
510 2202 702 2293 perveniat,
719 2196 787 2270 hoc
803 2214 864 2285 est,
879 2204 974 2294 quod
985 2200 1100 2270 Adam
1147 2203 1359 2290 oportuisset
1390 2203 1524 2295 primos
1549 2202 1729 2291 homines,
1763 2212 1929 2284 vivificati
1954 2234 2038 2290 sunt
2062 2225 2129 2313 spi.

122 2313 327 2391 mulierem,
354 2303 483 2374 mulier
497 2320 693 2394 serpentem
710 2316 873 2381 accusat„
908 2303 991 2372 Non
1006 2304 1101 2372 enim
1147 2300 1239 2383 ritu,
1272 2317 1307 2373 ει
1330 2305 1494 2394 imposita
1518 2321 1570 2376 cst
1595 2310 1644 2377 eis
1669 2336 1774 2391 crux,
1806 2338 1896 2404 quae
1926 2340 2034 2406 porro
2057 2348 2128 2393 car-

122 2418 162 2485 in
183 2411 268 2490 hoc,
294 2409 441 2499 opinor,
465 2404 649 2474 transferri
674 2404 812 2493 culpam
835 2404 874 2471 in
896 2419 1102 2494 serpentem,
1147 2425 1229 2470 nem
1245 2405 1441 2478 mortificet.
1496 2407 1697 2481 vivificatio
1720 2414 1864 2502 spiritus
1879 2415 1969 2487 l'acta
1987 2437 2040 2492 est
2057 2450 2128 2494 ver-

124 2516 221 2611 quod
245 2511 377 2580 vellent
403 2508 514 2575 videri
538 2529 574 2574 sc
604 2526 803 2589 excusasse,
830 2517 891 2575 aut
914 2528 1040 2594 negare
1065 2529 1102 2574 se
1148 2505 1193 2571 bo
1228 2505 1490 2593 promissionis,
1532 2507 1654 2600 lpsum
1685 2537 1802 2583 semen
1837 2531 1995 2591 conteret
2031 2541 2128 2617 caput

40 2673 57 2690 a
123 2636 297 2709 peccasse:
333 2632 415 2678 nam
445 2603 512 2676 hoc
542 2631 614 2676 non
645 2607 734 2675 solet
763 2630 844 2675 vera
878 2608 1102 2696 poenitentia.
1148 2615 1263 2673 tuum:
1299 2621 1332 2676 et
1347 2631 1431 2675 crux
1448 2609 1644 2699 imponitur
1661 2615 1777 2683 verbis
1791 2622 2033 2708 sequentibus,

123 2719 322 2803 Interrogat
343 2722 459 2780 autem
483 2711 527 2777 do
556 2721 697 2800 peccato
722 2722 761 2778 nt
788 2709 1043 2779 condemnetur
1069 2721 1103 2778 et
1249 2704 1384 2777 Mirum
1401 2732 1505 2793 vero,
1532 2715 1625 2802 quod
1651 2715 1755 2784 simul
1782 2721 1951 2809 praecipit
1970 2740 2009 2795 ut
2034 2728 2128 2796 labo-

123 2816 354 2890 maledicatur
375 2832 526 2902 serpens.
576 2808 666 2878 Nam
689 2809 729 2877 in
746 2803 925 2880 hoctextu
946 2809 1109 2880 mirabili·
1148 2829 1283 2891 remus,
1310 2809 1417 2877 simul
1440 2812 1617 2885 maledicit
1641 2831 1771 2895 terrae,
1798 2833 1837 2887 ut
1859 2821 1987 2892 frustra
2012 2828 2127 2898 videa-

122 2919 290 3016 mysterio
314 2912 470 3004 serpenti
491 2909 732 2996 maledicitur,
767 2933 845 2982 curn
873 2907 1100 2982 homininon
1148 2931 1229 2976 mur
1245 2907 1459 2994 laboraturi,
1485 2913 1659 3005 siquidem
1676 2930 1768 2986 terra
1787 2918 1878 2988 nihil
1901 2939 2040 3012 praeter
2059 2934 2126 3022 spi-

122 3021 371 3099 maledicatur,
396 3027 437 3084 ut
457 3009 596 3082 homini
617 3011 840 3105 relinquatur
856 3036 935 3111 spes
955 3036 1102 3107 recupe-
1149 3032 1213 3077 nas
1228 3023 1262 3079 et
1283 3011 1436 3080 tribulos
1452 3014 1567 3082 latura
1583 3017 1657 3084 est?
1707 3017 1941 3109 Respondeo,
1967 3027 2005 3094 in
2031 3054 2127 3101 cruce

122 3117 404 3196 randaesalutis:
430 3129 464 3185 et
480 3137 544 3185 nos
559 3115 781 3198 disceremus,
804 3128 843 3183 ut
859 3128 959 3184 antea
976 3128 1102 3205 poten·
1147 3111 1370 3202 potissimum
1399 3110 1466 3182 hoc
1490 3136 1566 3205 esse
1591 3124 1891 3206 cognoscendum,
1917 3130 2014 3218 quod
2043 3156 2127 3202 non-

68 3234 74 3305 j
122 3229 207 3297 tiam
238 3224 406 3303 Satanae,
438 3240 534 3286 nunc
560 3237 682 3285 rursus
714 3215 990 3285 imbecillitatem
1015 3217 1102 3285 eins.
1148 3214 1232 3281 dum
1248 3214 1440 3283 deseruerit
1460 3239 1526 3284 nos
1543 3214 1729 3291 Dominus.
1783 3218 1834 3292 lta
1860 3218 1936 3308 bic,
1964 3229 2127 3304 ideoter-

122 3326 303 3397 Praeterea
327 3316 394 3388 hoc
418 3317 646 3407 spectandum
671 3330 739 3399 est,
771 3317 853 3408 quia
878 3317 1102 3388 maledicitur
1148 3336 1208 3381 rae
1241 3315 1440 3397 maledicit,
1472 3331 1513 3385 ut
1543 3318 1630 3389 sciat
1652 3318 1770 3391 Adam
1793 3325 1927 3395 donum
1952 3325 2021 3399 Dei
2044 3334 2126 3418 fore,

122 3428 250 3507 Satan,
274 3445 348 3489 non
371 3432 483 3510 potest
499 3417 651 3485 vicissim
675 3440 747 3485 non
770 3416 992 3486 maledicere:
1019 3443 1100 3509 ergo
1148 3414 1323 3506 quidquid
1338 3428 1428 3484 terra
1445 3417 1583 3499 tulerit,
1610 3433 1643 3487 et
1660 3422 1809 3489 laturam
1834 3438 1992 3513 tautum,
2018 3458 2124 3525 quan.

121 3529 285 3596 voluntas
303 3521 378 3589 eius
394 3532 444 3587 est
457 3517 575 3586 omnia
592 3517 681 3585 velle
696 3516 831 3609 perdita
847 3530 881 3587 et
897 3541 1034 3610 pessum
1051 3521 1102 3590 ire
1147 3529 1223 3586 tum
1245 3540 1310 3585 nos
1333 3517 1525 3597 credimus,
1560 3513 1651 3587 nihil
1675 3520 1845 3607 laturam,
1879 3531 1946 3596 ubi·
1968 3556 2035 3602 nos
2060 3562 2124 3608 non

121 3651 210 3723 quae
227 3636 309 3694 sunt
323 3620 410 3700 Dei,
436 3620 587 3690 sednon
604 3617 795 3710 praevalet,
821 3623 951 3712 quoda
969 3623 1101 3692 semine
1148 3617 1334 3687 credimus.
1683 3652 1686 3656 »

121 3727 218 3801 Evae
240 3736 453 3798 conteratur.
1545 3794 1553 3809 .
1582 3795 1589 3810 .
1879 3806 1886 3821 ,

1357 3793 1407 3860 Et
1428 3786 1495 3858 sul>
1515 3811 1589 3861 atro
1612 3801 1803 3883 potestate
1830 3819 1916 3872 erm.

273 3901 320 3967 El
345 3900 404 3966 (til
428 3889 617 3965 Dtmlm‘t
644 3892 694 3963 “d
719 3901 941 3983 serpentem.
1251 3918 1509 3991 Observandus
1537 3936 1588 3993 est
1620 3924 1718 3996 lorus
1738 3935 1987 4019 necessarius,
2019 3940 2066 4019 in⁴
2086 3967 2123 4010 eo

213 4027 292 4099 Hoc
308 4029 384 4097 loco
402 4029 473 4096 duo
490 4041 750 4116 proponuntur,
773 4026 974 4095 maledictio
989 4038 1100 4095 aeter·
1147 4024 1242 4116 quod
1269 4025 1332 4093 ait:
1375 4019 1451 4092 Sub
1477 4038 1647 4114 potestate
1673 4029 1741 4097 viri
1764 4032 1850 4110 eris,
1884 4043 1981 4128 quod
2004 4040 2123 4111 iisdem

121 4158 167 4203 na
191 4131 342 4202 Satanae
363 4127 574 4216 etcorporis
597 4126 711 4210 illius,
745 4121 853 4194 homo
881 4142 997 4197 autem
1027 4151 1099 4195 non
1148 4124 1265 4193 verbis
1289 4125 1365 4193 viro
1390 4126 1574 4195 commissa
1600 4143 1650 4198 est
1678 4143 1829 4219 potestas
1857 4141 2024 4226 regendi,
2058 4169 2124 4213 non

118 4233 343 4304 maledicitur
366 4243 507 4298 aeterna
530 4228 797 4311 maledictione,
823 4231 917 4321 quod
941 4229 1099 4297 laturum
1147 4225 1330 4295 mulierem
1355 4240 1512 4306 tantum,
1546 4231 1605 4296 sed
1637 4246 1872 4319 praeteream
1899 4242 2032 4312 omnia.
2089 4245 2124 4316 lat

118 4336 246 4419 luerit,
270 4350 310 4406 ut
324 4332 565 4402 redimeretur.
598 4327 689 4397 Nam
706 4352 794 4421 qnae
808 4342 928 4420 postea
943 4351 1097 4421 sequun·
1147 4326 1339 4417 Apostolus
1365 4327 1479 4417 prima
1502 4326 1772 4402 Corinthiorum
1796 4339 1986 4411 undecimo
2016 4348 2125 4431 sentit,

118 4453 195 4520 tur,
222 4460 311 4529 quae
325 4435 492 4503 videntur
508 4455 580 4500 esse
600 4453 755 4521 poenae,
782 4455 856 4500 non
879 4432 1098 4501 maledictio·
1147 4454 1225 4499 cum
1244 4429 1357 4497 virum
1376 4443 1481 4517 caput
1497 4431 1656 4500 mulieris
1675 4447 1784 4503 vocat.
1833 4437 1920 4507 Item
1938 4441 2123 4536 imaginem

119 4563 181 4607 nes
197 4552 295 4618 sunt,
322 4541 381 4604 setl
398 4559 482 4603 crux
505 4548 536 4604 et
560 4533 770 4602 benedictio.
822 4530 978 4610 Deinde,
1012 4533 1096 4625 quid
1147 4544 1180 4600 et
1195 4530 1341 4618 gloriam
1359 4527 1444 4613 Dei,
1470 4530 1507 4598 id
1526 4545 1592 4616 est,
1619 4536 1874 4624 praesidentem
1891 4557 1925 4612 et
1939 4562 2122 4634 regentem.

118 4642 163 4710 sit
182 4651 322 4707 aeterna
337 4635 536 4704 maledictio
549 4636 702 4714 indicat,
730 4657 809 4702 cum
825 4634 956 4725 inquit:
984 4631 1099 4722 Super
1145 4629 1248 4700 Nunc
1267 4655 1347 4699 cnm
1364 4631 1442 4699 viro
1455 4637 1688 4706 committitur
1703 4637 1910 4727 imperium,
1938 4650 2016 4717 vult
2033 4647 2122 4720 Deus

118 4755 238 4833 pectus
251 4755 350 4808 tuum
368 4736 594 4825 ingredieris,
622 4749 656 4805 et
671 4735 851 4827 pulverem
868 4748 932 4808 etc.
983 4733 1097 4802 Porro
1145 4755 1209 4822 per
1230 4732 1331 4802 illum
1354 4755 1429 4801 non
1447 4734 1631 4803 mulierem
1654 4749 1813 4824 tantum,
1839 4745 1900 4811 sed
1917 4749 2039 4819 omnia
2057 4745 2124 4821 bu·

118 4865 225 4932 super
253 4851 371 4930 pectus
401 4838 556 4926 ingredi,
591 4849 642 4906 est
673 4859 815 4928 pavere:
849 4849 953 4928 atque
983 4837 1022 4903 ea
1044 4848 1096 4906 est
1145 4855 1248 4902 mana
1267 4833 1352 4923 regi,
1378 4846 1511 4926 apatre
1529 4836 1685 4905 sobolem
1702 4859 1737 4909 ει
1753 4841 1926 4913 familiam
1943 4861 2022 4930 etc,
2039 4847 2123 4946 quae

117 4965 229 5033 poena
250 4942 346 5010 iuxta
364 4938 445 5022 lob,
471 4939 716 5030 sempiternus
732 4933 862 5007 horror
881 4932 1096 5014 inhabitans.
1144 4936 1323 5007 ordinatio
1345 4949 1380 5006 et
1402 4937 1440 5003 in
1458 4931 1636 5025 Decalogo
1653 4941 1874 5030 continetur,
1900 4944 2050 5023 Honora
2066 4978 2124 5045 pa-

116 5041 255 5113 Deinde
271 5042 334 5111 ubi
351 5034 436 5108 haec
453 5053 595 5109 aeterna
612 5039 771 5108 confusio
789 5052 822 5109 et
838 5061 933 5108 mors
948 5050 1018 5117 est,
1044 5037 1096 5106 ibi
1144 5048 1233 5106 trem
1249 5052 1284 5108 ει
1300 5051 1465 5116 matrem,
1491 5038 1555 5107 ubi
1581 5044 1788 5129 parentibus
1804 5049 2040 5122 committitur
2061 5057 2124 5124 im-

117 5168 190 5215 esse
208 5167 281 5212 uon
304 5153 418 5233 potest
434 5141 627 5210 consolatio
643 5140 849 5231 spiritualis.
900 5139 991 5210 Nam
1014 5163 1094 5208 cum
1144 5137 1292 5228 perium.
1336 5136 1414 5207 Hoc
1429 5138 1513 5208 item
1527 5150 1577 5208 est
1594 5144 1687 5233 quod
1706 5141 1812 5220 Rom.
1830 5151 2034 5238 tredecimo,
2060 5154 2123 5228 Dei

117 5249 264 5315 verbum
287 5245 357 5314 vita
380 5244 442 5326 sit,
468 5255 501 5311 et
522 5243 598 5311 lux:
634 5241 818 5311 Maledicti
846 5255 962 5311 autem
986 5242 1094 5311 verbo
1144 5241 1404 5310 ordinationem
1420 5254 1627 5331 potestatem
1643 5259 1761 5315 vocat:
1788 5255 1871 5317 nam
1895 5247 1961 5323 hac
1980 5260 2124 5329 ordina.

115 5360 272 5432 careant,
309 5368 446 5416 necesse
476 5356 527 5414 est
550 5366 608 5414 cos
639 5357 672 5414 et
694 5342 765 5414 vita
794 5358 829 5414 et
857 5343 936 5415 luce
965 5342 1095 5419 carere.
1144 5342 1259 5422 tione,
1291 5364 1374 5411 cum
1402 5342 1480 5413 viro
1512 5344 1746 5419 committitur
1777 5351 2008 5444 gubernatio,
2044 5362 2125 5435 sacia
