4538 5754
114 211 214 299 110³
702 206 829 283 Plilb.
857 203 974 281 MEL.
1001 206 1214 283 SCRIPTA
1238 203 1538 283 EXEGETlCA.
2037 205 2127 280 1101

112 395 236 468 audias
270 386 447 462 Ecclesiae
483 399 564 457 tuae
603 379 754 470 gemitus
786 394 931 472 propter
963 378 1127 449 Filiuml
1249 377 1453 467 Praeterea,
1480 378 1586 450 luatis
1607 379 1775 450 convenit
1789 379 1878 450 bene
1894 400 1989 465 esse,
2012 372 2128 448 Eccle-

111 513 233 579 tuum,
265 493 327 587 qui
354 488 461 561 dixit:
493 482 676 576 Quicquid
706 481 879 574 petieritis
902 496 1037 575 patrem
1059 480 1099 552 in
1149 480 1200 551 sia
1223 483 1376 552 affirmat
1398 505 1434 550 se
1450 483 1577 552 iustam
1595 504 1689 567 esse,
1716 506 1779 551 cur
1794 481 1904 573 igitur
1919 494 1993 551 tam
2008 479 2130 550 atroci·

112 600 371 678 nominemeo,
397 586 496 660 dabit
515 586 628 658 vobis.
1149 595 1202 653 ter
1231 584 1424 673 affligitur?
1475 579 1522 654 Et
1552 583 1695 677 quidem
1726 584 1781 652 lex
1809 582 1940 653 divina·
1962 581 2132 675 promittit

217 698 258 769 ln
276 716 380 765 versu
395 687 639 761 decimotertio
658 696 882 778 praeceptum
898 683 1042 755 additur
1056 683 1100 755 de
1149 686 1243 755 bona
1262 684 1373 757 iustis.
1425 684 1485 757 Sic
1500 681 1596 754 enim
1613 685 1747 779 inquit:
1775 683 1847 774 Qui
1864 684 1990 756 lecerit
2004 706 2064 771 es,
2082 684 2133 753 ai·

113 800 313 894 diligenda,
344 792 525 871 ornanda,
556 788 750 870 servanda,
783 787 1005 857 defendenda
1029 783 1101 855 Ec·
1152 800 1210 858 vet
1238 787 1275 856 in
1305 787 1377 861 eis.¹
1417 785 1493 858 Cur
1517 783 1609 857 banc
1632 788 1743 877 ipsam
1768 788 2044 878 promissionem
2066 809 2132 855 non

113 906 236 993 clesia,
261 900 352 969 sicut
372 896 458 966 alias
480 891 614 985 inquit:
641 886 779 979 Rogate
800 912 890 981 quae
913 890 957 959 ad
980 910 1099 978 pacem
1151 903 1303 979 praestat
1332 888 1452 959 Deus?
1503 886 1578 961 Cur
1598 889 1712 974 Abel,
1749 888 1913 959 ieremias
1943 904 1981 962 et
2009 889 2133 958 similes

113 1020 197 1081 sunt
219 1000 428 1077 Ierusalem,
459 995 508 1064 ita
529 989 589 1062 bic
613 990 799 1084 praecipit:
832 983 1015 1061 Fideliter
1036 1010 1102 1057 ex·
1151 989 1435 1074 interficiuntur,
1461 1014 1540 1062 cum
1566 991 1708 1083 quidem
1734 1015 1806 1061 non
1831 1006 1981 1083 propter
2003 991 2135 1074 delicta,

114 1107 222 1182 truita
246 1125 370 1173 muros
396 1095 492 1177 eius,
519 1096 556 1164 id
581 1108 652 1178 est,
677 1092 814 1181 diligite
837 1105 871 1162 ct
894 1094 1009 1162 fovete
1032 1086 1100 1159 Ec·
1152 1096 1212 1163 sed
1230 1106 1375 1184 propter
1390 1107 1482 1164 recte
1496 1093 1583 1163 lacta
1602 1093 1850 1163 trucidentur?

115 1211 255 1286 clesiam
279 1202 446 1277 omnibus
461 1196 596 1269 officiis.
647 1193 817 1266 Doctores
832 1209 925 1265 recte
943 1196 1103 1277 doceant,
1253 1207 1352 1281 Haec
1381 1210 1542 1280 confugio
1572 1211 1751 1280 bonorum
1775 1224 1810 1281 01
1832 1209 2018 1280 malorum
2042 1209 2135 1279 vala,

114 1339 180 1387 nec
217 1312 395 1401 ditssepessl
419 1297 612 1373 E⁰⁶¹⁰⁵lam
652 1297 770 1389 Plavis
800 1295 1032 1385 ⁰Pi¹¹3⁰¹¹lb¹¹⁵
1063 1317 1102 1362 ³⁶
1155 1313 1285 1382 multos
1307 1326 1445 1398 movet,
1467 1325 1508 1382 ut
1530 1314 1573 1380 de
1596 1296 1820 1403 providentia
1841 1311 2023 1382 dubitent.
2073 1309 2134 1381 Nee

115 1410 324 1513 peruiciossis
352 1406 451 1479 rixis.
502 1400 729 1491 Principibus
757 1422 863 1469 cum
893 1398 939 1469 bii
966 1417 1103 1467 servm
1154 1413 1323 1503 explicari
1346 1409 1431 1482 haec
1452 1414 1611 1507 qllassssiio
1634 1426 1747 1505 polest
1765 1414 1890 1483 nisiex
1907 1413 2073 1486 docuisti
2086 1411 2134 1481 di.

115 1512 353 1590 ministerium
381 1502 568 1594 Evangelii
601 1503 645 1572 'id
676 1523 817 1570 ⁰¹⁰¹¹⁸m
852 1502 1104 1592 P⁰⁵¹²fst³l⁸¹¹¹a
1155 1515 1288 1587 vinitus
1305 1516 1457 1586 revelata
1476 1515 1679 1585 certissimis
1693 1515 1907 1586 testimoniis
1921 1514 1963 1583 in
1978 1510 2134 1585 Ecclesia.

116 1646 181 1692 nec
211 1623 395 1688 exerceant
423 1605 602 1677 saevitiam
629 1603 666 1721 in
691 1602 768 1721 pios
791 1614 883 1671 recte
901 1601 1103 1719 sentientes,
1255 1630 1462 1722 Respondet
1484 1632 1593 1721 igitur
1613 1630 1776 1702 pugnus
1797 1657 1870 1704 uno
1898 1632 2076 1703 vmffmlo
2096 1637 2133 1701 ,g

118 1724 180 1797 sed
208 1729 376 1790 tueantur
405 1733 484 1794 eos,
518 1721 552 1777 et
575 1719 732 1792 exungnr
760 1727 878 1772 veram
907 1704 1104 1773 doctrinam
1155 1757 1278 1804 omnes
1302 1734 1527 1806 obiectione&
1580 1731 1620 1803 εἰ
1644 1734 1952 1824 εδῑρῐονίἀθῃῑῑᾶ,
1982 1732 2135 1827 imm,

118 1848 191 1897 non
218 1821 348 1890 sinam·
400 1810 570 1881 iuvem
593 1819 684 1876 ‘¹¹⁸⁸‘
704 1803 818 1876 studia
838 1800 1016 1875 Redemi
1040 1825 1106 1870 '¹⁰'
1155 1837 1229 1906 bile
1251 1848 1302 1905 εει
1324 1835 1439 1905 bonos
1461 1835 1499 1902 in
1522 1857 1649 1924 genere
1672 1831 1828 1906 bumano
1850 1850 1992 1906 tanturn
2015 1837 2060 1906 ad
2077 1835 2136 1904 mi-

118 1923 277 2006 cessaria‚
301 1930 336 1989 et
351 1913 503 2008 populus
519 1923 553 1980 et
568 1908 683 1979 studia
699 1907 880 1977 doctrinae
895 1919 929 1977 et
945 1904 1106 1975 ministe-

119 2030 212 2099 rium
229 2019 413 2116 publicum
432 2025 558 2086 servet.

219 2140 317 2213 ilaec
333 2152 366 2208 et
383 2132 512 2205 similia
526 2128 645 2222 officia
665 2127 836 2219 praecipit
851 2127 888 2195 in
908 2120 975 2194 boc
991 2146 1106 2207 versu,

119 2272 191 2343 quo
223 2235 491 2316 commonefacti
521 2231 631 2321 magis
657 2243 691 2298 et
715 2227 908 2300 Ecclesiam
932 2240 966 2297 et
991 2224 1107 2296 studia

121 2348 303 2422 doctrinae
318 2360 488 2410 amemus.

253 2544 592 2642 Argumentum
624 2555 676 2605 rso
711 2530 976 2625 dispositio

439 2654 600 2742 Psalmi
630 2649 794 2735 XLIX.

174 2813 311 2890 Audite
340 2807 439 2880 bueo
471 2824 599 2877 omnes
619 2808 770 2897 pentes,
804 2795 964 2870 auribus
986 2797 1112 2889 perci·

171 2925 253 3015 pite
267 2933 393 2987 omnes
409 2910 472 3002 qui
488 2902 675 2977 habitatis
689 2898 825 2972 orbem.

225 3044 337 3119 Multi
358 3054 440 3111 sunt
454 3028 589 3106 Psalmi
614 3034 675 3128 qui
700 3027 768 3101 boc
791 3030 905 3121 ipsum
923 3049 1110 3116 argumen-

126 3171 200 3226 tum
224 3158 407 3239 repetunt‚
431 3139 564 3210 scilicet
586 3133 862 3205 consolationem
879 3124 1058 3199 Ecclesiae
1078 3141 1113 3197 et

126 3252 348 3346 singulorum
362 3248 502 3337 piorum
517 3240 684 3309 adversus
699 3233 904 3304 scandalum
920 3230 1050 3314 crucis,
1072 3243 1113 3300 ut

126 3357 287 3430 Psalmus
303 3356 468 3443 quartus,
494 3342 579 3411 item
596 3337 792 3412 tricesimus
808 3331 976 3423 septimus
991 3346 1025 3402 et
1040 3330 1113 3399 alii.

126 3458 217 3531 Cum
242 3452 336 3522 enim
361 3451 399 3516 in
417 3441 485 3513 hac
507 3440 649 3509 mortali
671 3439 743 3507 vita
759 3432 915 3505 Ecclesia
932 3446 966 3502 et
981 3431 1113 3522 singuli

127 3561 178 3653 pii
208 3550 413 3645 ingentibus
441 3542 620 3614 aerumnis
647 3550 891 3620 exerceantur,
923 3548 957 3604 et
979 3534 1113 3604 interea

126 3659 230 3752 impii
257 3656 411 3724 floreant
441 3644 619 3738 potentia,
647 3639 783 3732 'opibus
809 3653 844 3711 ct
872 3637 1047 3727 imperiis,
1079 3649 1114 3706 et

126 3768 291 3833 fruantur
316 3749 575 3842 voluptatibus,
608 3743 760 3814 maxima
782 3763 862 3832 pars
883 3739 1022 3828 generis
1046 3732 1114 3805 bu-

128 3863 226 3935 mani
250 3860 371 3950 ignara
396 3863 458 3922 cur
472 3849 569 3919 Deus
592 3843 777 3916 subiecerit
794 3840 987 3912 Ecclesiam
1005 3839 1113 3923 cruci,

128 3961 263 4058 appetit
292 3956 378 4027 haec
408 3951 593 4023 commoda
621 3945 813 4038 praesentis
841 3943 956 4026 vitae,
989 3953 1114 4033 poten-

127 4069 235 4150 tiam,
268 4083 371 4152 opes,
403 4056 613 4145 voluptates,
638 4062 672 4119 et
688 4048 778 4138 fugit
795 4066 991 4114 aerumnas.
1043 4040 1113 4112 De-

128 4172 213 4239 inde
240 4165 395 4254 disputat
418 4159 462 4227 de
484 4152 622 4226 iusticia
645 4146 731 4235 Dei,
758 4147 840 4240 quia
866 4167 1005 4215 causam
1027 4166 1114 4214 con-

129 4272 200 4342 silii
218 4265 332 4338 divini
349 4264 506 4353 ignorat,
531 4269 566 4325 et
578 4253 629 4327 sic
645 4252 887 4323 ratiocinatur.

231 4363 454 4459 impossibile
469 4374 520 4431 est
534 4378 643 4447 genus
660 4351 876 4434 burnantrm,
901 4349 930 4417 si
947 4362 998 4420 est
1012 4369 1115 4417 curae

129 4477 225 4559 Deo,
258 4482 396 4541 tanturn
429 4465 475 4532 ad
505 4459 664 4530 miserias
692 4454 874 4526 conditum
899 4473 990 4529 esse,
1026 4449 1117 4519 sicut

129 4598 238 4671 equos
265 4583 326 4640 aut
349 4569 466 4637 boves.
532 4559 607 4632 Aut
627 4559 735 4648 igitur
756 4554 832 4626 Deo
856 4552 1008 4624 cariores
1031 4562 1116 4619 sunt

130 4681 205 4762 illi,
254 4691 406 4767 qnorum
442 4666 515 4733 vita
548 4659 777 4755 tranquillior
813 4668 881 4735 cst,
929 4666 964 4724 ει
999 4652 1117 4721 minus

131 4796 358 4856 aerumnosa,
390 4779 452 4837 aut
473 4766 572 4834 nulla
594 4779 645 4833 εει
665 4757 904 4852 providentia.
955 4753 995 4824 Si
1018 4753 1116 4822 nulla

131 4897 184 4952 est
203 4871 445 4973 providentia,
472 4868 578 4937 stulte
596 4864 664 4934 sibi
680 4862 825 4933 accersit
839 4856 997 4929 Ecclesia
1016 4855 1116 4924 labo-

73 5040 80 5055 .
132 5007 188 5053 res
211 4993 244 5050 et
265 4974 434 5069 pericula.
486 4968 527 5041 si
551 4981 601 5037 est
622 4962 866 5060 providentia,
891 4983 955 5028 cnr
976 4958 1016 5027 in
1038 4970 1117 5026 tan·

131 5085 177 5154 tis
198 5076 349 5150 miseriis
372 5089 423 5145 cst
442 5069 626 5144 Ecclesia?
677 5063 718 5137 ld
739 5064 834 5134 enim
858 5062 998 5133 videtur
1022 5058 1119 5128 iniu-

133 5200 225 5257 stum
242 5191 385 5271 propter
401 5178 489 5246 duas
503 5194 635 5245 causas.

234 5280 347 5354 Nemo
369 5276 502 5349 amiens
523 5275 600 5345 vult
621 5272 743 5344 amicis
764 5267 858 5339 male
872 5288 967 5335 esse:
994 5260 1033 5334 si
1050 5260 1119 5331 Be-

135 5388 238 5460 clesia
255 5397 306 5456 est
321 5405 399 5453 cara
415 5377 510 5464 Deo,
536 5399 600 5449 cur
614 5390 687 5447 tam
701 5371 839 5443 duriter
852 5364 1111 5439 excruciatur?-

1157 1937 1264 2007 serias
1286 1936 1447 2006 conditos
1464 1958 1547 2008 esse.
1600 1932 1811 2020 Adsentior,
1837 1936 1956 2030 inquit
1972 1936 2137 2018 Psalmus,

1158 2039 1240 2133 quia
1255 2051 1362 2108 restat
1378 2037 1550 2106 iudicium
1567 2037 1606 2104 in
1621 2061 1692 2129 quo
1707 2035 1802 2106 Deus
1820 2037 1989 2108 liberabit
2004 2062 2082 2121 me,
2105 2052 2139 2107 ut

1159 2164 1261 2211 versu
1280 2139 1545 2232 quintodecimo
1562 2138 1704 2211 dicitur.
1758 2136 1896 2210 Interea
1912 2140 1950 2208 in
1968 2134 2036 2210 bac
2050 2162 2140 2209 mor·

1159 2242 1222 2313 tali
1252 2241 1323 2311 vita
1356 2263 1419 2310 cur
1448 2240 1673 2309 sustinendae
1702 2241 1773 2309 sint
1804 2264 2014 2328 aerumnae,
2054 2250 2139 2313 certa

1159 2365 1261 2414 causa
1279 2354 1331 2412 cst
1345 2341 1485 2410 consilii
1500 2342 1633 2426 divini,
1659 2355 1698 2412 ut
1714 2355 1832 2432 postea
1846 2342 1980 2419 dicam.

1260 2455 1397 2529 Eadem
1414 2458 1595 2548 responsio
1609 2460 1739 2531 refutat
1752 2458 1859 2529 illud:
1884 2458 2003 2530 Nemo
2015 2462 2140 2531 amicus

1160 2563 1239 2633 vult
1259 2560 1381 2631 amicis
1406 2560 1498 2628 male
1514 2582 1605 2645 esse,
1632 2585 1755 2631 verum
1773 2575 1842 2646 est,
1868 2575 2063 2655 perpetuo,
2088 2562 2139 2631 sed

1160 2665 1205 2734 ad
1226 2676 1365 2754 tempus
1389 2664 1489 2752 pater
1515 2661 1593 2733 vult
1614 2663 1773 2750 castigari
1794 2662 1936 2734 liberos.
1999 2658 2138 2735 Etcum

1160 2761 1257 2835 Deus
1273 2763 1318 2832 sit
1333 2762 1457 2847 iustus,
1484 2777 1517 2832 et
1533 2762 1572 2833 in
1586 2764 1690 2835 nobis
1706 2760 1848 2835 baereat
1864 2777 2061 2856 peccatum,
2085 2788 2138 2834 nc·

1162 2888 1255 2936 cesse
1278 2877 1329 2935 est
1350 2887 1419 2934 nos>
1439 2864 1618 2955 castigari,
1644 2867 1703 2935 sed
1728 2880 1845 2937 tamen
1865 2865 1950 2960 quia
1975 2889 2044 2937 nos
2061 2863 2136 2937 rcci-

1163 2968 1216 3062 pit
1230 2964 1346 3050 Deus,
1373 2966 1440 3035 erit
1454 2989 1648 3058 poenarum
1666 2966 1756 3039 linis.

1265 3080 1317 3154 lta
1339 3085 1574 3173 respondetur
1593 3085 1687 3154 etad
1706 3084 1814 3154 illud:
1839 3083 1946 3157 Iustis
1962 3082 2061 3157 Deus
2073 3084 2137 3157 sult

1163 3190 1253 3258 bene
1275 3209 1358 3255 esse.
1393 3185 1505 3268 Abel,
1529 3183 1693 3256 ieremias
1715 3200 1797 3256 sunt
1818 3186 1924 3272 iusti,
1949 3210 2033 3279 ergo
2046 3188 2137 3259 debet

1163 3289 1213 3360 eis
1236 3289 1326 3358 bene
1348 3309 1433 3361 esse.
1488 3285 1648 3357 Psalmus
1672 3289 1860 3379 respondet
1883 3289 1929 3359 ad
1952 3288 2136 3361 conclusio·

1164 3414 1261 3460 nem:
1288 3390 1387 3459 Bene
1410 3387 1476 3458 erit
1494 3387 1586 3457 Abel
1612 3402 1646 3458 et
1658 3387 1823 3458 Ieremias
1848 3389 1885 3459 in
1905 3389 1980 3463 vita
1998 3404 2137 3463 aeterna.
2180 3456 2182 3475 ,

1164 3492 1234 3565 Sed
1257 3489 1380 3562 curin
1402 3484 1469 3603 bag
1492 3489 1561 3561 vita
1584 3489 1779 3561 calamitosi
1804 3490 1875 3563 sint
1891 3487 1987 3562 Abel
2008 3506 2042 3565 et
2058 3488 2137 3563 lere·
2180 3492 2182 3513 '

1165 3595 1270 3677 mias,
1296 3605 1388 3662 certe
1409 3614 1531 3660 causae
1553 3605 1636 3661 sunt
1651 3592 1791 3662 consilii
1808 3593 1935 3663 divini.
1990 3593 2137 3665 Primum

1165 3697 1203 3764 in
1221 3691 1276 3763 bis
1292 3716 1434 3787 quoque
1449 3686 1569 3762 haeret
1585 3707 1776 3785 peccatum..
1829 3693 1916 3766 Vult
1930 3709 2050 3767 antem
2058 3690 2138 3765 Deus

1165 3795 1369 3890 praesertim
1394 3795 1431 3861 in
1446 3788 1621 3878 Ecclesia,
1646 3795 1788 3884 agnosci
1811 3811 1996 3887 peccatum
2016 3790 2139 3869 etber-

1166 3900 1309 3968 rendam
1321 3895 1429 3967 totius
1440 3895 1578 3985 generis
1589 3892 1736 3965 hnmani
1747 3897 2027 3988 corruptionem.
2047 3892 2138 3969 ,laco

1164 4012 1246 4071 totn'
1256 3993 1412 4068 Ecclesia
1429 3997 1582 4068 subiecta
1598 4011 1649 4068 est
1665 3998 1856 4074 aerumnis.
1955 3992 1958 3997 ’

1267 4114 1467 4206 Responsio
1483 4115 1590 4205 igitur
1603 4116 1646 4184 ad
1662 4116 1835 4187 minorem
1851 4112 1937 4187 baec
1950 4124 2015 4190 est.
2060 4112 2139 4191 Abel

1167 4235 1201 4291 et
1217 4218 1383 4290 ieremias
1407 4230 1491 4289 sunt
1509 4217 1612 4302 iusti,
1638 4217 1887 4308 imputatione:
1914 4222 1976 4289 sed
1993 4222 2139 4292 nondun

1167 4324 1207 4392 in
1233 4323 1305 4392 vita
1334 4319 1478 4389 mortali
1508 4333 1592 4390 sunt
1619 4319 1698 4387 sine
1721 4333 1874 4411 peccato.
1925 4316 1976 4393 Et
1999 4323 2077 4395 vult
2094 4340 2140 4391 eos

1166 4422 1263 4495 Deus
1293 4444 1479 4512 agnoscere
1503 4420 1592 4489 iram
1617 4443 1715 4491 snam
1739 4423 1907 4493 adversus
1929 4444 2140 4495 communem

1167 4525 1305 4618 generis
1323 4519 1470 4593 bomani
1487 4523 1785 4613 depravationem.

1270 4641 1408 4713 Deinde
1431 4635 1507 4711 vult
1529 4636 1594 4710 bos
1616 4664 1688 4711 esse
1706 4656 1808 4711 testes
1824 4642 2010 4719 doctrinae
2026 4666 2106 4715 suae
2118 4654 2144 4711 et

1168 4746 1281 4818 futuri
1306 4743 1449 4826 iudicii,
1474 4767 1555 4813 cum
1578 4743 1617 4811 in
1641 4738 1706 4813 bac
1727 4744 1799 4814 vita
1821 4768 1896 4814 non
1919 4747 2145 4836 conspiciatur

1170 4848 1359 4918 discrimen
1389 4843 1484 4914 inter
1507 4833 1599 4913 Abel
1632 4859 1667 4914 et
1689 4842 1798 4928 Cain,
1831 4845 1926 4915 inter
1946 4845 2144 4919 Paulumet

1169 4950 1364 5032 Neronem,
1390 4961 1425 5017 et
1447 4960 1566 5018 tamen
1584 4942 1681 5015 Deus
1704 4947 1797 5017 clare
1822 4948 2020 5020 ostenderit
2043 4973 2080 5020 sc
2100 4972 2145 5018 re·

1170 5054 1301 5145 cepisse
1326 5045 1417 5119 Abel
1449 5060 1483 5118 ct
1506 5044 1676 5131 Paulum,
1708 5063 1803 5119 certo
1833 5052 2064 5121 statuendum
2090 5048 2147 5121 erit

1169 5169 1249 5247 post
1271 5150 1362 5223 banc
1384 5151 1493 5220 vitam
1513 5148 1705 5220 discrimen
1726 5151 1820 5220 inter
1840 5151 1922 5221 illos
1944 5153 2035 5223 inte.
2084 5149 2148 5225 lte-

1170 5270 1239 5330 stat
1258 5255 1368 5346 igitur
1390 5252 1489 5322 aliud
1514 5251 1698 5323 iudicium.
1759 5250 1876 5323 Huius
1898 5253 2014 5345 ipsius
2036 5248 2149 5326 indicii

1171 5355 1372 5431 testimonia
1389 5368 1472 5427 sunt
1488 5379 1582 5426 mors
1602 5350 1693 5425 Abel
1708 5367 1741 5425 ct
1757 5352 1859 5425 Pauli
1874 5369 1909 5426 et
1925 5356 2110 5430 similium.
