4538 5754
124 253 198 329 Ml

121 425 317 497 admodum
333 423 374 493 in
394 437 557 495 mamona
587 418 735 497 honesta
759 422 861 494 fucus
892 421 1108 492 detestabilis

122 542 188 601 cst.
236 524 309 597 Sed
327 521 367 594 hi
384 526 474 595 falso
496 540 622 617 putant
646 524 842 597 oratorium
863 539 1030 595 ornatum
1053 523 1110 592 su-

123 652 204 698 cum
238 650 313 697 esse
343 619 482 719 praeter
509 639 674 698 naturam
707 626 925 698 accersitum.
984 624 1109 697 Nativa

121 729 231 799 iacies
246 741 299 812 est
317 729 511 814 orationis,
536 731 581 799 de
596 752 665 823 qua
681 724 740 799 hic
756 741 940 819 praecepta
960 728 1111 798 tradun-

122 845 192 900 tur.
228 828 331 899 Hanc
347 831 409 924 qui
424 844 678 923 corrumpunt,
702 843 939 898 monstrosam
954 828 1112 897 efficiunt

122 933 343 1016 orationem,
376 945 416 1001 ut
444 933 596 1023 pictores
622 945 840 1001 monstrosas
870 933 1004 1000 formas
1027 929 1110 1020 pin-

123 1048 231 1122 gunt,
249 1057 331 1103 curn
347 1046 512 1102 naturam
528 1057 602 1103 non
621 1048 714 1103 recte
730 1032 928 1103 imitantur.

364 1207 458 1273 Tres
481 1210 610 1294 poetes
635 1203 871 1274 elocutionis.

228 1332 399 1407 Universa
424 1336 616 1429 eloquendi
641 1335 733 1405 ratio
757 1334 917 1407 consistit
939 1334 976 1403 in
995 1334 1110 1404 tribus

120 1439 242 1509 rebus.
281 1434 442 1505 Primum
460 1437 498 1504 in
515 1458 677 1505 sunnone
691 1435 931 1526 grammatico.
969 1434 1110 1505 Deinde

121 1542 159 1609 in
173 1536 311 1628 liguris.
361 1536 485 1606 Tertio
507 1536 546 1605 in
566 1536 913 1628 amplificationibus.
964 1535 1110 1607 Crassus

119 1643 218 1730 apud
239 1634 447 1708 Ciceronem
472 1639 566 1707 libro
601 1639 704 1709 tertio
740 1638 890 1733 requirit
918 1639 956 1707 iu
989 1638 1110 1708 elocu-

119 1743 224 1811 tione
245 1751 402 1832 quatuor
426 1753 561 1830 partes,
586 1754 626 1810 ut
652 1739 781 1828 latine,
806 1753 847 1809 ut
870 1738 1045 1823 dilucide,
1071 1753 1109 1808 ut

119 1855 266 1924 ornate,
288 1852 328 1908 ut
342 1853 422 1932 apte
437 1840 586 1910 dicatur.
638 1834 716 1931 Ego
730 1838 824 1909 idem
842 1840 961 1910 verbis
976 1842 1109 1909 nonni-

119 1938 174 2013 hil
187 1941 337 2011 mutatis
356 1944 472 2027 trado,
497 1955 532 2011 et
547 1955 587 2013 ut
596 1939 780 2012 Ciceronis
794 1942 968 2035 sententia
984 1940 1108 2011 melius

120 2042 273 2130 intelligi
294 2041 424 2133 possit,
458 2056 494 2114 et
515 2055 555 2112 ut
578 2045 741 2133 cognatio
762 2043 1005 2132 grammatices
1027 2068 1106 2111 cum

119 2141 297 2217 rhetorica
322 2144 419 2212 cerni
441 2155 557 2236 queat.
610 2142 660 2214 Ut
675 2144 770 2212 enim
787 2157 970 2235 praecepta
987 2145 1031 2212 de
1049 2143 1107 2211 iu-

119 2244 290 2317 ventione
307 2244 460 2314 multum
477 2244 691 2315 adialectica
709 2249 938 2329 mutuantur,
962 2243 1012 2314 ita
1032 2245 1107 2313 elo-

119 2348 215 2420 cutio
234 2346 432 2438 plurimum
448 2345 556 2416 sumit
569 2368 588 2414 a
603 2344 841 2435 grammatica.
892 2344 983 2416 Nam
998 2347 1108 2416 latine

119 2464 157 2522 et
167 2447 328 2519 dilucide
343 2446 514 2540 loquendi
530 2446 621 2517 ratio
638 2447 677 2515 in
691 2446 918 2535 grammatica
940 2447 1105 2519 traditur.

118 2548 261 2624 Ornate
294 2571 379 2619 veru
411 2547 583 2642 loquendi
616 2550 704 2618 duas
729 2539 839 2619 habet
868 2561 984 2639 partes
1012 2550 1104 2639 apud

118 2652 352 2734 Ciceronem,
367 2647 517 2738 Figuras
530 2647 872 2741 etamplificationes.
899 2648 992 2742 Apte
1007 2650 1105 2744 loqui

119 2768 169 2825 est
183 2756 356 2823 decorum
369 2751 571 2824 observare.
727 2751 731 2757 ’

194 2850 263 2926 Est
276 2853 397 2945 itaque
411 2851 526 2945 prima
540 2851 749 2921 elocutionis
765 2875 847 2942 pars
860 2875 975 2921 sermo
989 2872 1107 2941 gram-

117 2957 290 3040 maticus,
323 2954 386 3046 qui
408 2966 545 3024 constat
567 2952 685 3022 verbis
708 2953 864 3036 usitatis,
897 2953 1050 3043 propriis
1073 2966 1108 3022 et

119 3053 420 3148 significantibus,
461 3077 552 3147 quae
576 3056 672 3123 iuxta
695 3052 943 3142 grammaticae
965 3077 1105 3146 praece-

118 3173 198 3251 pta,
232 3171 329 3228 certa
350 3155 488 3226 ratione
512 3154 680 3245 coniungi
712 3168 748 3224 et
777 3155 934 3225 construi
965 3155 1106 3227 debent.

117 3259 211 3332 Cum
229 3258 341 3348 igitur
359 3280 416 3327 res
437 3256 625 3346 elegimus,
652 3269 686 3325 et
711 3255 951 3348 disposuimus
972 3257 1011 3326 in
1028 3257 1105 3326 ani-

117 3388 199 3442 mo,
224 3360 338 3452 prima
355 3360 423 3429 erit
437 3381 540 3438 cura,
567 3369 608 3427 ut
621 3381 678 3426 eas
692 3358 919 3445 grammatico
943 3381 1105 3429 sermone

117 3464 323 3534 efferamus.
379 3458 461 3529 Non
482 3458 577 3529 enim
601 3471 714 3551 potest
734 3459 884 3550 intelligi
910 3461 1042 3545 oratio,
1076 3461 1104 3529 si

117 3574 258 3636 coenet
283 3562 400 3631 verbis
433 3561 563 3651 ignotis
596 3574 631 3630 et
658 3560 784 3630 alienis
807 3584 826 3629 a
850 3562 1106 3631 consuetudine

116 3670 210 3738 benc
242 3662 485 3756 loquentium,
517 3675 577 3732 aut
605 3662 635 3730 si
658 3662 873 3732 constructio
896 3662 1027 3732 viriosa
1049 3663 1104 3734 sit.

116 3766 281 3839 Primum
302 3764 413 3855 igitur
432 3764 670 3833 adolescentes
686 3777 866 3855 praestare
887 3765 1035 3846 debent,
1065 3780 1107 3837 ut

115 3890 283 3960 magnam
299 3867 438 3958 copiam
454 3864 673 3955 grammatici
694 3867 868 3936 sermonis
892 3861 1045 3936 habeant
1067 3866 1104 3936 in

115 3983 306 4063 promptu,
338 3967 572 4060 nequeenim
597 3964 721 4056 exigua
745 3967 823 4036 laus
846 3980 918 4051 est,
952 3970 1105 4062 propriis

116 4071 255 4156 serbis,
277 4071 383 4141 etiam
405 4068 483 4138 sine
504 4067 575 4136 alio
595 4078 744 4150 ornatu,
776 4071 892 4137 nudas
913 4092 970 4138 res
991 4071 1105 4161 expli-

115 4194 198 4245 care
212 4192 327 4263 posse.
376 4168 688 4257 Quemadmodum
706 4168 747 4237 fis
761 4170 971 4262 plerumque
986 4171 1025 4239 in
1033 4168 1104 4242 Co-

113 4262 269 4345 moediis
290 4287 324 4343 et
348 4269 531 4362 Epistolis.
581 4266 631 4338 Et
650 4268 756 4338 multi
782 4284 940 4341 oratores
963 4273 1003 4341 in
1026 4274 1105 4343 foro

116 4377 300 4473 qnondam
316 4371 386 4443 boc
399 4396 473 4442 unu
488 4394 614 4460 genere
628 4371 771 4441 dicendi
781 4372 938 4442 contenti
951 4374 1107 4460 fuerunt,

117 4478 421 4573 quemadmodum
443 4472 587 4567 Lysias,
612 4472 747 4557 etalii,
773 4474 835 4567 qui
856 4488 962 4544 tenue
989 4478 1105 4569 quod·

118 4583 202 4651 dam
215 4580 320 4649 filum
328 4575 501 4646 orationis
510 4588 728 4645 amaverunt.
758 4575 948 4645 Atnustris
965 4589 1103 4670 tempo-

114 4682 219 4753 ribus
234 4680 318 4751 satis
334 4699 460 4767 magns
476 4677 554 4745 laus
570 4688 638 4763 est,
662 4672 755 4745 banc
770 4676 972 4746 facultatem
987 4699 1104 4767 gram-

114 4783 247 4856 matice
261 4779 434 4874 loquendi
448 4777 629 4870 consequi.
678 4775 771 4847 Nam
792 4776 831 4846 in
854 4773 911 4848 his
934 4781 1105 4866 moribus,

113 4898 153 4958 et
167 4884 209 4955 in
223 4884 294 4955 elia
317 4882 457 4969 lingue,
480 4879 584 4971 pauci
599 4877 755 4972 reliquas
770 4879 1103 4953 virtuteselocutio-

113 4988 176 5058 nis
197 4989 328 5056 addere
350 4994 511 5074 possum.
562 4977 612 5050 Ut
636 4982 799 5050 videlicet
819 4982 943 5069 figuris
958 4997 1104 5054 utantur

113 5112 193 5159 non
208 5085 341 5179 ineptis
356 5097 418 5154 aut
431 5081 667 5172 tempestivis,
691 5097 751 5153 aut
770 5104 896 5172 magna
921 5108 1001 5154 eum
1023 5108 1104 5174 gra.

114 5192 247 5274 vitate,
272 5201 309 5257 et
330 5206 458 5275 magua
479 5185 517 5252 vi
538 5184 675 5277 aliquid
701 5184 928 5274 amplificent.
986 5183 1106 5256 Facile

113 5307 171 5365 est
190 5291 286 5362 euim
312 5288 487 5371 iudicare,
519 5299 695 5380 quamuis
717 5286 920 5378 eloquentia
943 5286 1106 5374 istorum,

113 5394 183 5493 qni
193 5390 327 5465 nostris
339 5386 564 5481 senpodbm
576 5387 730 5463 maxime
745 5386 832 5458 clari
848 5401 951 5472 sunt,
976 5389 1017 5460 in
1032 5388 1106 5460 illis

753 250 819 325 lii.
872 246 1145 323 studuere
1172 242 1508 322 Rflurofflcus

2073 250 2149 324 ⁴62

1161 419 1383 511 gravioribus
1404 414 1597 486 virtutibus
1623 416 1808 491 claudicet.
1868 417 1988 508 Quare
2016 418 2148 489 contir-

1162 525 1286 592 mandi
1303 533 1386 592 sunt
1402 519 1647 604 adolescentes,
1662 532 1702 589 ut
1717 524 1832 590 sciant
1844 542 1881 589 se
1895 521 2048 590 multum
2063 544 2147 612 pro-

1161 626 1299 709 fecisse,
1325 646 1404 691 cum
1429 617 1497 690 hoc
1519 622 1668 689 assecuti
1690 636 1791 707 sunt,
1816 636 1857 693 ut
1881 645 1956 691 non
1979 622 2146 694 destituat

1162 750 1221 797 eos
1234 727 1333 816 copia
1350 721 1569 812 grammatici
1587 725 1777 813 sermonis,
1804 724 1940 794 etiarnsi
1958 723 2147 817 perfectius

1162 829 1305 921 quidem
1324 826 1460 895 efficere
1476 847 1550 892 non
1566 840 1723 914 possunt.
1777 822 1874 895 Voco
1888 840 2006 897 autem
2028 848 2145 916 gram-

1163 930 1330 1000 maticum
1346 948 1563 1009 sennonem,
1590 926 1652 1018 qui
1669 950 1743 997 non
1760 927 1876 998 solum
1892 929 2009 998 verbis
2025 927 2146 999 latinis

1162 1045 1315 1111 constat,
1335 1045 1369 1100 et
1387 1026 1560 1121 Syntaxin
1576 1024 1682 1099 babet
1696 1028 1975 1100 consentientem
1993 1028 2145 1121 puerili-

1163 1137 1229 1203 bus
1250 1133 1390 1222 regulis.
1425 1129 1494 1199 Sed
1518 1129 1623 1199 etiam
1645 1131 1776 1224 inquo
1800 1126 1937 1221 phrasis
1958 1145 1995 1202 et
2016 1152 2144 1201 vocum

1162 1234 1367 1304 coniunctio
1392 1232 1553 1300 imitatur
1583 1232 1878 1303 cousuetudinem
1904 1254 2048 1326 eorum,
2082 1230 2145 1322 qui

1162 1337 1339 1425 eleganter
1362 1347 1396 1403 et
1422 1355 1504 1401 vere
1525 1332 1649 1417 latine,
1684 1346 1718 1404 et
1747 1358 1822 1403 non
1853 1337 1998 1405 moleste
2031 1332 2144 1402 locuti
2245 1368 2252 1378 ·

1162 1450 1257 1511 sunt.
1308 1434 1405 1504 llaec
1432 1435 1476 1502 de
1502 1456 1539 1502 re
1563 1434 1656 1504 inira
1679 1437 1782 1527 plura
1797 1436 1975 1520 dicemus,
2001 1458 2080 1505 cum
2099 1434 2145 1504 de

1161 1538 1360 1609 imitatione
1381 1535 1651 1627 disputabimus.
1721 1536 1843 1631 ltaque
1866 1562 1945 1608 cum
1968 1558 2144 1606 summam

1161 1640 1302 1709 laudem
1317 1640 1356 1707 in
1371 1638 1522 1707 dicendo
1543 1632 1669 1709 babeat
1689 1639 1937 1730 perspicuitas,
1963 1635 2144 1729 inprimis

1160 1743 1252 1810 adsit
1274 1741 1373 1830 copia
1398 1737 1535 1829 proprii
1559 1741 1751 1824 menonis,
1773 1740 1836 1833 qui
1860 1763 1914 1809 res
1936 1740 2012 1809 sine
2026 1738 2143 1809 ambi·

1160 1843 1313 1932 guitate,
1336 1841 1469 1929 signate
1492 1840 1674 1928 exprimat.
1725 1838 1908 1930 Fugienda
1928 1854 1979 1912 est
2007 1841 2045 1909 in
2070 1862 2144 1910 ser-

1160 1966 1266 2012 mone
1297 1941 1546 2033 peregrinitas,
1586 1953 1620 2009 et
1651 1941 1749 2010 illam
1773 1944 1952 2012 licentiam
1971 1941 2144 2031 gignendi

1159 2068 1293 2115 norum
1313 2064 1530 2120 sermonem,
1556 2043 1657 2113 nullo
1678 2045 1785 2114 modo
1807 2045 2051 2134 permittamus
2074 2066 2143 2111 no-

1160 2146 1233 2231 bis,
1259 2168 1328 2237 qua
1353 2143 1391 2211 in
1411 2138 1541 2211 scholis
1565 2144 1932 2239 isnmodiceutuntur.
1984 2142 2142 2213 Tametsi

1159 2247 1289 2317 alicubi
1319 2243 1514 2337 peregrinis
1544 2245 1725 2314 vocabulis
1752 2250 1924 2316 utendum
1957 2258 2027 2331 est,
2058 2244 2143 2313 Alia

1159 2349 1270 2418 forma
1285 2370 1382 2416 nunc
1399 2357 1450 2414 est
1468 2344 1622 2436 imperii,
1645 2344 1788 2437 Religio
1806 2348 1874 2418 alia
1892 2360 1944 2417 est
1961 2369 2067 2440 quam
2082 2343 2143 2418 Ci-

1159 2448 1295 2518 ceronis
1310 2445 1541 2538 temporibus.
1595 2445 1715 2536 Quare
1730 2464 1874 2541 propter
1896 2470 2014 2519 rerum
2038 2447 2144 2516 nori·

1159 2562 1265 2621 tatem
1291 2549 1471 2618 interdum
1493 2548 1612 2618 verbis
1635 2550 1738 2619 novis
1766 2564 1808 2621 ut
1835 2550 2019 2634 convenit,
2051 2569 2143 2640 quae

1159 2665 1275 2720 tamen
1300 2673 1385 2720 usus
1407 2648 1582 2736 mollivit,
1614 2674 1718 2744 quem
1740 2676 1847 2745 penes
1868 2651 2056 2722 arbitrium
2079 2663 2143 2734 est,

1159 2767 1193 2822 et
1208 2752 1262 2822 vis
1279 2765 1314 2822 et
1328 2774 1454 2820 norma
1469 2751 1651 2843 loquendi.
1675 2753 1823 2824 Interim
1838 2768 1955 2824 tamen
1971 2765 2042 2823 tota
2061 2773 2143 2821 ura·

1158 2853 1266 2924 tionis
1281 2865 1456 2921 stnrctura
1470 2865 1505 2921 et
1520 2847 1677 2942 phrasis,
1704 2879 1777 2925 non
1793 2850 1982 2926 abhorreat
1995 2877 2015 2922 a
2029 2852 2142 2921 latina

1159 2954 1433 3037 consuetudine,
1458 2952 1595 3046 alioqui
1612 2955 1706 3023 enim
1728 2979 1802 3025 non
1828 2956 1960 3047 poterit
1979 2952 2144 3042 intelligi.

1158 3050 1363 3148 Plerunque
1380 3054 1484 3123 etiam
1502 3054 1579 3134 isti,
1605 3056 1816 3148 quinorum
1839 3056 2013 3125 sermonis
2031 3075 2142 3143 genus

1159 3158 1310 3247 lingunt,
1335 3179 1391 3226 res
1406 3155 1588 3228 amittunt.
1616 3154 1664 3228 Ut
1678 3158 1773 3227 enim
1790 3182 1923 3228 novum
1941 3176 2141 3226 sermonem

1158 3260 1375 3349 excogitant,
1407 3256 1454 3327 ita
1479 3280 1590 3327 novas
1611 3281 1667 3327 res
1689 3261 1887 3344 somniant,
1912 3258 1998 3329 dum
2021 3254 2142 3346 inepte

1157 3358 1324 3431 affectant
1345 3360 1486 3429 laudem
1509 3358 1725 3435 subtilitatis.
1757 3352 1825 3432 'Et
1846 3374 1963 3430 tamen
1984 3379 2041 3427 res
2059 3357 2143 3427 illae

1159 3461 1354 3552 inspectae,
1378 3455 1471 3530 nihil
1489 3483 1563 3529 esse
1586 3458 1903 3556 deprehenduntur
1926 3459 1997 3531 nisi
2021 3459 2144 3529 inania

1158 3562 1308 3633 somnia.
1354 3560 1448 3652 Quia
1465 3574 1571 3632 notae
1586 3587 1643 3633 res
1657 3588 1780 3634 omnes
1797 3564 1915 3634 verbis
1929 3560 2058 3654 exponi
2074 3584 2142 3630 no·

1158 3664 1203 3734 tis
1220 3681 1254 3733 et
1269 3664 1548 3752 significantibus
1562 3679 1720 3757 possunt.
1759 3661 1931 3758 Exempla
1948 3675 2066 3760 extant
2084 3661 2142 3730 iu-

1156 3764 1256 3834 finita
1272 3765 1311 3834 in
1327 3765 1653 3851 omnibusartibus,
1666 3767 1730 3837 ubi
1745 3790 1847 3858 saepe
1864 3769 1982 3857 inepte
1998 3765 2142 3853 fingun-

1158 3882 1217 3939 tur
1239 3891 1332 3937 nuva
1357 3867 1549 3952 vocabula,
1571 3881 1611 3940 ut
1634 3868 1776 3940 realitas
1797 3869 1989 3951 obiectiva,
2021 3864 2142 3936 subie-

1158 3969 1269 4054 ctiva,
1295 3970 1388 4062 apud
1411 3966 1592 4042 Scotistas.
1645 3965 1745 4040 Olim
1767 3969 1961 4054 Platonici,
1988 3990 2062 4038 non
2084 3966 2142 4034 in·

1158 4069 1355 4160 telligentes
1371 4067 1577 4153 Platonem,
1604 4095 1718 4143 meras
1732 4096 1843 4163 nugas
1859 4074 1902 4141 de
1922 4070 2009 4139 ideis
2030 4062 2140 4136 linxe-

1158 4186 1261 4256 runt,
1286 4173 1465 4242 tinxerunt
1485 4186 1520 4243 et
1543 4173 1692 4245 virtutes
1717 4174 1937 4266 purgativas,
1964 4183 1998 4239 et
2020 4168 2139 4237 nescio

1158 4297 1246 4367 quas
1272 4287 1463 4364 praeterea.
1521 4274 1601 4344 Hos
1632 4275 1791 4348 imitatus
1818 4270 2032 4366 Dionysius,
2065 4293 2139 4339 non

1159 4376 1277 4444 minus
1291 4374 1362 4444 fuit
1376 4374 1536 4466 ineptus,
1559 4401 1639 4447 cum
1662 4379 1707 4446 de
1729 4375 1827 4445 nrrlla
1849 4398 1887 4442 re
1909 4372 2007 4460 gravi
2028 4371 2139 4442 lecto·

1158 4499 1232 4545 rem
1250 4478 1391 4562 doceat,
1413 4491 1532 4547 tamen
1549 4477 1613 4546 illo
1628 4477 1797 4547 inusitato
1817 4498 1944 4565 genere
1966 4472 2139 4544 orationis

1156 4577 1341 4648 mirificam
1358 4580 1632 4670 expectationem
1649 4580 1693 4647 de
1718 4600 1755 4647 se
1778 4577 1931 4648 concitat
1952 4576 2045 4667 apud
2069 4575 2140 4644 im-

1156 4678 1300 4772 peritos.
1357 4677 1481 4771 Inepta
1509 4694 1592 4750 sunt
1622 4692 1656 4749 et
1692 4678 1755 4749 illa
1789 4677 1965 4750 aStoicis
1992 4677 2139 4747 conficta
2220 4762 2223 4765 Α

1156 4777 1373 4878 προηγμένα
1395 4777 1469 4853 ἀπὸ
1491 4777 1694 4876 aspondius.
1746 4778 1968 4852 Amaverunt
1991 4777 2060 4849 tale
2083 4777 2140 4847 di·

1157 4885 1258 4953 cendi
1285 4905 1397 4973 genus
1420 4897 1454 4953 et
1478 4879 1665 4966 haeretici,
1691 4896 1731 4954 ut
1744 4881 2021 4953 Valentinianus
2037 4901 2139 4948 esco-

1155 4984 1280 5073 gitarit
1299 4985 1487 5077 quadrigas
1503 4976 1664 5058 atdans.
1700 4984 1774 5056 Nec
1788 4985 1908 5053 minus
1925 4995 2010 5052 sunt
2025 4980 2139 5070 inepti

1155 5084 1370 5155 ludaeorum
1387 5084 1605 5172 Cabalistae,
1626 5109 1717 5179 quae
1730 5087 1833 5157 noris
1848 5084 1966 5154 verbis
1978 5083 2139 5175 repertis,

1155 5185 1247 5255 mira
1262 5189 1425 5280 mysteria
1445 5187 1676 5280 promittunt,
1701 5213 1780 5259 cum
1805 5208 1918 5256 meras
1940 5206 2052 5275 nugas
2073 5185 2139 5252 du·

1154 5299 1274 5374 ceant,
1306 5300 1343 5358 et
1371 5302 1495 5360 nostro
1520 5305 1680 5383 tempore
1703 5286 1976 5382 Anabaptistae,
2014 5284 2139 5376 prodi·

1155 5389 1265 5480 giosis
1278 5389 1401 5480 barris
1415 5405 1578 5468 utuntur.
1630 5389 1713 5464 Tali
1738 5391 1894 5463 orationi
1907 5387 2148 5476 visuuquum
2186 5440 2188 5444 .
