4538 5754
96 254 122 327 a
212 233 215 237 ’
422 253 507 336 xv.
555 253 608 328 ru
630 245 895 333 nsumnu
919 234 1237 327 rnoruurau
1258 198 1682 331 oouuuuranrus.
1771 200 1775 206 ’
1911 250 1918 254 ·
1996 261 2080 338 ors

96 425 303 500 'cruciatus
326 424 576 525 sempiternos.
627 421 709 497 flue
731 425 912 496 addantur
930 423 1031 495 simi·
1083 423 1217 497 dictum
1243 418 1347 495 Elias
1373 446 1413 495 ac
1436 416 1573 494 Christi
1602 423 1697 507 dicta
1727 413 1925 514 significant
1954 441 2072 504 tamen

111 530 313 603 testimonia
335 533 380 598 de
403 530 475 599 vita
492 543 646 603 aeterna.
697 525 853 598 Facilius
868 526 964 596 enim
978 528 1032 597 fe-
1082 527 1341 597 decurtandnm
1361 549 1436 596 esse
1459 520 1530 595 hoc
1553 539 1710 617 tempus,
1745 527 1836 597 siout
1856 541 1890 603 et
1910 533 2069 606 curricu-

96 656 156 702 nus
184 628 293 702 huius
325 630 418 700 vitae
446 630 625 709 miserias,
659 651 740 698 cum
771 626 873 719 quasi
902 641 1030 699 metam
1079 626 1220 717 lumed
1244 628 1421 698 diluvium
1444 628 1713 719 decurtabatu'r,
1736 642 1777 699 ut
1796 628 1900 702 citius
1922 635 2068 711 ebrum.

96 734 297 824 aspicimus,
329 745 365 802 et
392 731 522 802 scimus
550 731 744 826 aliquando
770 725 965 803 Ecclesiam
989 754 1047 799 ex,
1080 742 1211 821 pantur
1229 729 1375 818 flagitia.

96 836 150 908 ¹15⁸
166 833 270 904 ¹⁰³1ss
285 834 517 904 ‘luculum
533 846 619 904 ⁶⁸⁸⁶·
1183 879 1382 974 interrogat
1411 896 1445 953 et
1467 880 1597 953 Daniel
1624 877 1684 952 hic
1714 883 1759 952 de
1788 897 1947 975 tempore
1972 888 2065 959 linis.

144 985 229 1058 ldeo
253 988 302 1081 pii
318 986 674 1058 omnibus'aetatibus
689 986 733 1054 de
750 998 908 1074 tempore
925 983 1028 1054 etiam
1066 976 1127 1054 Et
1155 1007 1325 1054 uumerus
1353 984 1526 1076 ponitur,
1553 984 1615 1077 qui
1647 984 1711 1054 etsi
1736 984 1877 1058 videtur
1896 988 1948 1085 de¹
1962 990 2067 1061 bellis

96 1078 310 1175 aesiverunt,
337 1087 493 1177 Quando
509 1084 667 1159 Ecclesia
690 1099 877 1176 regnatura
898 1085 943 1157 sit
964 1110 1029 1178 op-
1078 1082 1354 1156 Macabaeorum
1376 1086 1582 1167 vaticinari,
1607 1098 1726 1155 tamen
1749 1081 1845 1157 haud
1866 1089 1975 1171 dubie
1995 1092 2064 1174 ali-

96 1193 170 1262 assis
185 1194 353 1262 omnibus
369 1190 514 1282 impiis?
551 1186 667 1278 Quam
682 1189 744 1258 diu
758 1187 919 1258 confusio
934 1182 1031 1273 haec,
1078 1176 1166 1281 quid
1189 1187 1363 1279 significat
1383 1190 1427 1258 de
1450 1189 1519 1258 fine
1543 1182 1650 1256 huius
1673 1188 1811 1263 muudi.
1876 1187 1931 1277 Ac
1951 1193 2064 1276 facilis

107 1318 180 1388 qua
208 1294 443 1362 dominantur
470 1291 593 1379 impii,
633 1293 802 1360 duratura
832 1289 902 1361 sit?
959 1286 1028 1359 Hic
1078 1300 1128 1357 est
1143 1290 1440 1376 accommodatio,
1465 1290 1494 1358 si
1510 1289 1586 1358 dies
1603 1289 1641 1357 in
1658 1312 1771 1360 annos
1786 1296 2066 1379 commutaveris.

96 1418 178 1486 spus
207 1393 397 1467 indicatur.
457 1389 614 1476 Statim,
654 1391 790 1485 inquit,
825 1384 1029 1487 posthaec
1077 1392 1330 1460 Eruntoutem
1349 1385 1573 1465 annisum.
1839 1397 1842 1404 '

96 1493 263 1578 lamina,
287 1503 370 1590 post
386 1489 648 1588 dispersionem
659 1486 1027 1591 populisoncts',·fiet
1179 1492 1251 1562 Nec
1281 1516 1364 1562 vero
1393 1494 1598 1586 ,quaerimus
1623 1490 1811 1562 articulum
1833 1493 1969 1587 ipsum,
2002 1519 2063 1571 seu
2088 1486 2094 1495 ’

97 1596 527 1670 oscitatiomortuurum.
582 1594 753 1665 Videmus
767 1618 865 1665 nuuc
882 1595 1025 1690 quidem
1077 1608 1317 1679 momentum,
1350 1618 1422 1687 quo
1453 1595 1637 1684 illucescet
1661 1594 1809 1665 ultimus
1834 1597 1929 1682 dies,
1964 1602 2061 1692 quod
2108 1649 2110 1654 -

96 1723 167 1769 sere
189 1692 398 1793 dissipatum
423 1721 496 1768 esse
519 1697 692 1789 populum
711 1695 795 1768 Dei:
822 1719 931 1790 quare
952 1719 1027 1766 uon
1076 1710 1215 1766 nonest
1231 1697 1472 1767 scrutandum.
1513 1695 1582 1768 Sed
1599 1695 1682 1789 quia
1697 1689 1756 1764 hle
1771 1721 1938 1768 uumerus
1952 1702 2062 1791 aptis·
2135 1700 2138 1708 ‘

96 1801 164 1873 seul
182 1803 280 1871 abest
294 1801 514 1871 resuscitatio
529 1812 764 1871 mortuorum.
1076 1792 1163 1866 sime
1177 1799 1341 1888 congruit
1354 1821 1435 1868 cum
1450 1798 1545 1868 dicto
1557 1795 1676 1880 Eliae,
1701 1799 1857 1870 arbitror
1870 1801 2061 1888 significari

139 1899 391 1988 Evangelistae
407 1915 535 1972 vocant
550 1900 779 1970 novissimam
795 1894 934 1980 horam,
959 1893 1026 1970 hoc
1075 1922 1188 1969 anuos
1207 1899 1332 1970 mundi
1357 1898 1543 1970 aDaniele
1566 1898 1732 1991 reliquos.
1784 1900 1883 1971 Anni
1907 1906 2061 1977 sexcenti

96 2026 199 2097 opus,
224 2009 320 2098 qnod
340 2005 384 2073 ad
409 2004 515 2073 fierem
536 1998 642 2072 huius
664 1999 789 2072 mundi
811 2001 897 2071 inde
913 2023 1026 2095 usque
1074 2012 1159 2078 sunt
1184 2014 1245 2070 aut
1272 2001 1413 2071 circiter
1439 2027 1459 2073 a
1480 1997 1629 2072 Daniele
1649 2003 1694 2090 ad
1718 2014 1840 2072 natum
1864 1997 2060 2081 Christum.

96 2105 337 2176 raedicatione
352 2103 607 2198 Apostolorum
622 2104 791 2174 restabat:
818 2125 958 2174 neeesse
973 2116 1027 2174 est
1074 2097 1221 2194 Reliqui
1256 2116 1341 2174 sunt
1375 2104 1448 2175 duo
1482 2101 1696 2188 millenarii,
1742 2116 1917 2195 postrema
1953 2100 2087 2178 huius·

96 2229 149 2278 :ur
176 2207 319 2277 brevius
343 2230 435 2292 esse,
470 2230 576 2301 quam
600 2205 669 2276 fuit
691 2218 786 2275 aetas
807 2228 898 2299 quae
923 2227 1024 2297 prse-
1073 2203 1199 2273 muudi
1216 2217 1321 2276 aetas.

96 2307 153 2379 sit.
1175 2301 1350 2396 Congruit
1370 2318 1405 2377 et
1427 2305 1569 2378 divisio.
1637 2302 1723 2376 ldeo
1746 2305 1841 2376 enim
1866 2305 1965 2399 prior
1987 2333 2056 2384 nu-

140 2405 260 2479 Melae
280 2422 363 2479 sunt
386 2422 586 2500 temporum
611 2406 770 2477 mirabili
792 2405 941 2478 consilio
957 2402 1024 2477 Dei
1075 2430 1192 2478 merus
1225 2431 1245 2476 a
1277 2410 1470 2498 posteriore
1500 2408 1732 2493 discernitur,
1774 2421 1815 2478 ut
1841 2409 2058 2501 significetur

96 2509 262 2585 sstitutae.
319 2509 369 2580 Et
391 2533 595 2603 quanquam
614 2504 779 2580 Christus
800 2508 895 2578 diem
920 2509 1024 2578 illum
1073 2533 1154 2579 mox
1186 2523 1265 2600 pust
1296 2509 1450 2599 primum
1474 2532 1663 2581 numerum
1686 2523 1834 2580 ventura
1858 2534 1930 2582 esse
1954 2512 2056 2584 initia

96 2613 104 2681 i
128 2612 221 2704 patri
237 2625 362 2681 notum
379 2635 453 2681 esse
469 2612 605 2705 inquit,
631 2634 697 2681 nec
712 2610 790 2681 vult
803 2633 869 2680 nos
886 2611 1024 2680 cnuose
1073 2610 1242 2700 postremi
1270 2612 1372 2700 regni
1394 2612 1495 2704 impii
1520 2605 1752 2687 Mahometici
1778 2625 1812 2682 et
1832 2604 2055 2709 hypocritici.
2161 2696 2164 2701 ¹

96 2736 206 2783 serere
235 2726 369 2783 certum
401 2713 495 2782 diem
526 2727 588 2783 aut
617 2736 771 2797 annum,
803 2715 862 2782 sed
886 2734 1025 2804 semper
1072 2709 1162 2781 Nam
1193 2705 1421 2784 Mahometns
1451 2736 1597 2802 regnare
1625 2712 1740 2803 coepit
1770 2728 1849 2804 post
1872 2711 2054 2788 Christum
2150 2807 2151 2810 Ἴ

96 2826 136 2886 ut
162 2815 203 2883 in
225 2815 377 2884 statione
400 2829 540 2904 paratos
561 2826 741 2906 expectare
755 2813 857 2883 illum
874 2813 1024 2883 laetissi·
1072 2824 1196 2883 natum
1214 2836 1319 2884 anno
1343 2815 1593 2883 sexcentesimo
1616 2828 1650 2883 et
1671 2814 1859 2889 tricesimo.
1927 2815 2054 2890 iamsi
2175 2900 2182 2913 ο

96 2939 136 2985 ,ιιι
153 2915 268 2997 diem,
294 2940 365 3008 quo
382 2939 418 2984 se
432 2918 593 2987 ostendet
610 2914 775 2985 universo
791 2909 949 2985 humano
962 2936 1022 3005 ge·
1073 2939 1092 2985 a
1114 2912 1275 2986 Danielis
1302 2928 1415 2987 aetate
1441 2928 1624 3005 computes
1652 2928 1807 3005 tempus,
1840 2932 1980 2990 exactus
2002 2935 2055 2996 est

96 3016 138 3106 i,
170 3030 206 3088 et
238 3041 319 3087 cum
350 3040 413 3087 sua
436 3014 594 3088 Ecclesia
619 3010 869 3108 triumphabit:
903 3027 1023 3086 tamen
1072 3016 1403 3109 primusnnmerns.
1444 3012 1579 3086 Eadem
1595 3017 1667 3085 sere
1681 3016 1783 3086 initia
1796 3017 1941 3091 luerunt
1956 3045 2053 3092 erro-

96 3116 192 3189 nitas
231 3131 430 3212 temporum
464 3114 571 3189 huius
603 3118 731 3189 mundi
762 3119 859 3188 varie
888 3117 1023 3209 siguifi-
1072 3140 1152 3187 mm
1175 3117 1499 3190 ecclesiastieorum.
1557 3117 1663 3188 Tunc
1677 3118 1781 3186 ‘enim
1802 3120 1970 3209 paulatim
1993 3146 2054 3193 su·
2132 3140 2136 3147 “

96 3233 197 3296 sest.
1073 3218 1297 3311 perstitiones
1318 3218 1470 3304 Missae,
1502 3220 1743 3290 invocationes
1774 3235 1994 3295 mortuorum
2021 3239 2056 3296 et

138 3317 280 3392 Danieli
297 3319 395 3392 Deus
418 3321 629 3397 monstravit
649 3320 775 3393 seriem
797 3313 1023 3390 monarchia·
1072 3335 1154 3390 vota
1178 3335 1376 3392 creverunt.
1427 3321 1586 3414 Sequens
1602 3321 1710 3411 igitur
1723 3345 1893 3394 numerus
1910 3339 1961 3396 est
1975 3350 2057 3397 cur·

96 3436 175 3494 net
199 3445 409 3512 regnorum,
442 3445 549 3517 quam
572 3437 706 3494 certum
731 3435 782 3493 est
802 3421 873 3491 iam
896 3423 1023 3492 decun-
1065 3422 1337 3514 riculumregni
1356 3420 1476 3516 impii,
1501 3424 1671 3519 usquead
1687 3423 1793 3494 linem
1809 3427 1948 3516 mundi.

96 3547 114 3594 e
143 3526 189 3594 ad
217 3524 336 3599 linem.
395 3521 561 3613 Quatuor
584 3519 811 3595 monarchiae
834 3523 1023 3614 praeterie-
1175 3519 1274 3593 Nihil
1299 3525 1437 3595 affirmo
1461 3525 1499 3593 in
1523 3520 1589 3596 har
1616 3525 1824 3612 collatione,
1848 3531 1908 3597 sed
1935 3530 2057 3600 conie-

96 3638 140 3697 ιιι
183 3639 289 3695 restat
326 3648 473 3714 regnum
506 3649 648 3700 saevum
680 3639 799 3696 ortum
829 3625 867 3693 in
898 3637 1021 3718 quarta
1072 3638 1189 3694 cturas
1203 3625 1322 3697 recito.
1373 3624 1587 3719 Quanquam
1604 3629 1697 3697 enim
1713 3630 1974 3704 commouelieri
1990 3655 2057 3703 nos

95 3720 263 3812 narchia,
289 3727 454 3797 videlicet
476 3725 682 3804 Turcieum.
734 3725 842 3816 Quod
865 3750 939 3798 non
963 3749 1021 3796 ae-
1072 3727 1169 3797 Deus
1188 3722 1254 3796 hac
1271 3728 1513 3819 praedictione
1530 3729 1661 3814 voluit,
1686 3744 1804 3800 tamen
1819 3754 1893 3800 uon
1908 3734 1984 3804 vult
1998 3724 2058 3804 ar·

96 3827 160 3901 shit
190 3828 383 3919 potentiam
413 3826 598 3899 Romanae
627 3824 867 3899 monarchiae.
929 3824 1020 3900 Cum
1072 3828 1200 3898 ticulos
1229 3830 1631 3918 temporum'constitui.
1698 3828 1818 3901 Simus
1840 3831 1948 3921 igitur
1970 3860 2056 3921 con-

96 3928 235 4000 uriam
260 3953 349 4017 pene
371 3930 415 3998 ad
439 3929 619 4020 fastigium
641 3954 745 4002 suum
770 3928 924 4020 uenerit,
956 3952 1020 4000 ne-
1053 3929 1161 3999 ·'tenti
1184 3932 1335 4023 quadam
1359 3931 1538 4002 communi
1562 3931 1817 4006 admonitione.
1867 3930 1916 4004 Et
1939 3934 2054 4009 Deum

96 4054 127 4101 se
152 4044 204 4101 est
226 4030 327 4099 brevi
349 4030 527 4101 ruiturum
552 4055 659 4115 esse,
675 4055 715 4101 ac
735 4045 820 4101 tuuc
843 4030 1021 4103 illucescet
1072 4054 1232 4116 oremus,
1263 4044 1302 4102 ut
1331 4045 1428 4122 regat
1452 4057 1491 4102 ac
1513 4046 1627 4103 servet
1648 4030 1843 4129 Ecclesiam
1869 4058 1986 4127 suam,
2019 4053 2054 4108 et

96 4132 209 4218 sille,
233 4156 304 4226 quo
323 4133 452 4202 mortui
468 4135 731 4205 revocabuntur
745 4131 784 4202 in
801 4133 922 4207 vitam.
1071 4157 1178 4226 quam
1207 4133 1361 4224 primum
1384 4136 1572 4227 abrumpat
1594 4129 1691 4206 hunc
1714 4150 1860 4205 naturae
1880 4132 2055 4209 humanae
2146 4144 2151 4155 “

135 4281 345 4356 Celebratur
366 4297 401 4354 et
420 4285 552 4357 dictum
568 4280 669 4355 Eliae
684 4280 898 4378 Prophetae,
923 4267 1018 4379 quod
1072 4257 1236 4353 ‚curlum’
1269 4234 1377 4326 ΨΜ
1400 4236 1562 4307 ²⁰¹¹0bffl⁸
1589 4232 1695 4307 h⁰l¹¹⁸
1719 4237 1832 4317 Vim>
1859 4257 2054 4328 compescat

95 4388 203 4458 nibus
232 4385 455 4457 notissimum
481 4409 555 4456 esse
577 4389 701 4474 debet,
735 4387 827 4458 etin
853 4386 1020 4457 omnibus
1071 4359 1199 4424 '¹⁰9¹oe
1222 4359 1343 4454 ⁰¹a¹¹¹¹⁰⁸
1366 4338 1716 4457 s⁰r⁰m⁹⁸⁰⁰⁰¹⁰mlu
1732 4335 1817 4423 Μ’
1843 4345 2054 4458 mimda
2105 4346 2111 4362 Ι

96 4489 249 4569 sephu„
274 4487 314 4557 5„
328 4488 496 4557 omnibus
512 4486 695 4559 vestibulis
709 4486 815 4560 mibi
834 4490 1019 4579 proderat:
1070 4461 1107 4506 se
1123 4433 1301 4507 Ecclesrae
1321 4461 1404 4508 suae
1418 4464 1555 4526 coram,
1577 4454 1617 4511 ut
1632 4442 1796 4531 deinceps
1810 4454 1961 4530 aeternis
1975 4443 2053 4515 lau-

96 4597 105 4617 .
197 4600 240 4617 ,,
910 4599 918 4617 .
1070 4538 1177 4611 dibus
1192 4538 1399 4612 celebretur.
1473 4614 1481 4622 ,

96 4619 148 4662 >ex
163 4601 261 4659 rnrllra
273 4617 420 4658 annorum
436 4595 583 4672 mundus,
608 4594 649 4659 Et
663 4611 766 4681 postea
779 4598 952 4675 destruouo,
1111 4675 1114 4683 .
1423 4628 1438 4662 s

292 4696 363 4760 Duo
382 4703 476 4759 mittin
494 4694 597 4776 Inane,
749 4700 755 4707 '
1059 4708 1062 4715 '
1173 4689 1348 4764 Recensui
1378 4693 1655 4777 consolationes,
1688 4717 1774 4787 quas
1802 4690 1961 4786 Angelus
1984 4694 2053 4770 hoe

289 4798 362 4862 Duo
379 4804 474 4862 mittis
490 4784 586 4877 Lex,
730 4784 738 4799 '
817 4871 821 4878 ,
1070 4794 1148 4864 loco
1170 4795 1336 4880 tradidit,
1360 4819 1446 4888 quas
1469 4795 1612 4888 quidem
1630 4809 1663 4867 et
1680 4790 1842 4868 Christus
1857 4786 1894 4867 in
1911 4800 2053 4872 concio·

291 4899 363 4963 Duo
379 4908 476 4963 mittis
490 4902 625 4965 Messias.
1070 4897 1178 4964 nibus
1217 4897 1289 4966 suis
1326 4897 1511 4989 postremis
1546 4898 1720 4990 repetivit.
1791 4897 1860 4970 Sed
1901 4904 2052 4973 addatur

96 5001 123 5067 it
145 5008 174 5066 si
194 5004 326 5087 quidex
347 5006 392 5067 his
414 5009 500 5074 aunis
521 5006 633 5084 deerit,
660 5003 753 5067 deerit
775 5017 898 5087 propter
918 5017 1019 5066 nostra
1070 4997 1230 5066 doctrina
1263 5021 1323 5066 seu
1355 5015 1577 5089 praeceptum
1607 4995 1693 5080 hoc,
1740 5001 1921 5088 videlicet,
1969 5028 2050 5074 cum

239 5120 367 5186 posnan.
1071 5099 1108 5167 in
1137 5093 1203 5168 hac
1232 5113 1367 5169 senecta
1401 5100 1525 5170 mundi
1556 5101 1666 5171 multa
1695 5115 1728 5171 et
1756 5103 1888 5173 scierint
1914 5117 1949 5175 et
1978 5107 2051 5177 sint

135 5196 282 5272 Constat
313 5216 429 5272 autem
459 5194 644 5271 Christum
674 5214 796 5271 natum
825 5224 898 5271 esse
927 5199 1018 5270 circa
1069 5201 1187 5298 lutura
1213 5201 1392 5271 doctrinae
1415 5201 1558 5284 deliria,
1584 5205 1695 5274 simus
1714 5202 2051 5292 vigilantesetcon‘·

96 5325 140 5368 eru
164 5302 281 5395 quarti
305 5302 508 5372 millenarii.
560 5297 608 5371 Et
623 5302 693 5371 iam
710 5302 820 5373 exacti
834 5315 918 5373 sunt
932 5303 1019 5372 anni
1069 5314 1205 5371 stantes·
1221 5303 1258 5370 in
1280 5303 1465 5373 retinenda
1485 5303 1636 5395 puritate
1654 5299 1852 5395 Evangelii.
1904 5305 1983 5379 Una
2000 5323 2052 5379 est

96 5401 147 5476 lss.
205 5400 288 5474 Non
318 5404 427 5493 igitur
450 5403 575 5495 procul
598 5426 618 5473 a
639 5401 710 5473 line
733 5405 912 5476 absumus.
969 5399 1019 5474 Et
1069 5403 1231 5475 doctrina
1251 5403 1375 5495 prima
1404 5406 1566 5476 omnium
1595 5406 1723 5476 tradita
1755 5430 1818 5498 per
1846 5404 2068 5506 Prophetas,

96 5509 263 5574 llrsaaru.
291 5508 394 5575 Oeen.
423 5509 506 5573 Vos..
525 5507 622 5576 XIII.
1388 5514 1394 5519 ”
1528 5505 1586 5591 (32
1983 5539 1986 5543 ·
