4538 5754
114 242 194 335 ιιι
351 239 562 318 scaram
588 241 666 320 en.
690 237 809 339 um
834 237 908 318 sn
927 237 1060 324 ntsr.
1083 233 1231 317 eaor.
1256 233 1325 337 nr
1346 235 1545 321 runos
1570 236 1898 323 sanciturus
2066 253 2144 331 soc

145 471 150 489 ι
219 416 361 488 Lumen
380 414 418 482 in
435 413 612 484 oculisest
635 434 691 482 res
704 413 895 499 naturalis,
919 413 1106 483 nonenim
1131 453 1135 556 J
1156 435 1204 480 ne
1218 411 1316 480 calor
1333 411 1459 482 excitat
1482 414 1719 512 ventriculum
1746 431 1781 488 et
1809 442 1912 509 epar,
1938 432 1979 491 ut
1996 435 2143 513 cognata

146 532 265 596 tarte.
380 520 386 531 '
746 526 756 548 ⁴
1132 507 1354 597 .attrabant,
1379 526 1414 583 et
1429 514 1601 605 dissipent
1616 539 1689 586 non
1705 534 1862 607 cognata.
2146 514 2154 521 ’

226 619 269 689 ln
288 615 455 733 losquino
474 612 659 732 inclinatio
677 617 721 684 ad
731 614 891 685 Musicen
908 629 959 684 est
974 617 1108 703 res‘na·
1132 587 1136 713 J
1258 628 1413 716 seducor
1428 631 1565 723 inquit,
1586 647 1662 703 arte
1685 640 1913 725 progrediens
1934 641 1978 710 ad
1997 662 2145 730 genera-

121 722 257 800 turalis.
305 715 396 786 Nam
413 715 598 786 inclinatio
615 716 675 784 illa
692 741 766 784 non
789 716 1108 807 perterrefaciatis,
1133 720 1136 783 3
1158 731 1316 800 tionem?
1349 731 1432 820 quia
1448 733 1654 820 significata
1671 752 1788 806 mente
1803 741 1921 833 aliqua
1936 739 2145 812 architecta·

122 845 238 920 neque
252 821 290 890 5¹¹
307 817 495 911 ¹⁰⁵q¹¹3¹¹⁰s
515 841 630 910 mque
645 818 682 884 5¹1
698 818 789 888 ²155&
1158 832 1246 900 trice
1266 832 1399 920 species
1424 855 1547 901 omnes
1569 835 1618 903 ita
1638 839 1819 907 ordinatas
1840 864 1933 925 esse,
1958 857 1998 912 ut
2013 843 2147 915 similia

193 1018 196 1025 ¹
225 935 279 1008 lta
293 932 570 1003 meminerisres
591 933 769 1002 naturales
789 931 860 1000 dici
885 931 1110 1013 substantias,
1159 931 1371 1001 asimilibus
1391 947 1636 1021 procreentur.
1687 935 1851 1030 Denique
1873 943 1966 1012 utin
1984 945 2149 1036 quolibet

124 1041 331 1138 qualitates,
354 1047 386 1105 et
410 1047 544 1118 motus,
579 1034 640 1126 qui
672 1035 986 1102 non-extrinsecus
1012 1055 1111 1100 assu·
1160 1045 1275 1101 certus
1289 1032 1334 1100 sit
1349 1034 1475 1100 modus
1497 1035 1753 1122 generationis,
1775 1041 1879 1109 aliter
1897 1044 2010 1130 gignit
2027 1039 2148 1131 bomo,

124 1157 283 1218 muntur,
304 1137 365 1205 sed
380 1159 459 1203 cum
477 1135 550 1222 ipsa
566 1135 761 1203 substantia
779 1148 983 1203 nascuntur.
1015 1131 1111 1201 Haec
1159 1133 1263 1201 aliter
1283 1132 1423 1223 planta,
1447 1146 1482 1203 et
1505 1148 1624 1205 tamen
1650 1138 1687 1204 in
1711 1153 1861 1232 utroque
1879 1144 1976 1211 calor
1997 1161 2049 1215 est
2066 1148 2148 1215 lons

126 1248 174 1316 ita
191 1244 297 1334 plana
312 1249 346 1305 et
363 1236 513 1326 puerilia
529 1249 632 1318 sunt,
658 1249 698 1306 ut
716 1258 789 1303 non
806 1235 989 1322 indigeant
1005 1234 1110 1322 lorrga
1161 1234 1408 1321 generationis,
1431 1232 1566 1305 sedhic
1583 1239 1662 1306 lons
1677 1239 1783 1308 simul
1797 1243 2014 1329 gobernatur
2029 1267 2048 1313 a
2062 1269 2153 1315 cau-

124 1340 372 1418 declaratione.
431 1333 577 1407 Constat
614 1336 707 1404 enim
743 1337 841 1405 nasci
879 1335 1112 1417 substantias,
1162 1358 1200 1403 sa
1223 1333 1434 1418 universali,
1459 1359 1550 1426 qnae
1574 1339 1623 1405 sic
1639 1340 1821 1411 ordinavit
1837 1356 2021 1430 naturam,
2045 1347 2150 1438 quasi

22 1470 30 1477 ·
125 1469 216 1542 quae
236 1457 271 1513 et
284 1439 471 1532 qualitates
491 1459 609 1506 secum
627 1439 793 1506 adferunt
814 1437 957 1519 insitas,
983 1449 1021 1505 et
1038 1436 1110 1501 vim
1162 1447 1259 1518 arte,
1284 1447 1326 1504 ut
1339 1435 1518 1526 quaelibet
1534 1440 1666 1528 speeies
1678 1440 1806 1508 sinilia
1822 1458 1994 1532 procreet.

126 1554 170 1618 ad
186 1556 298 1616 certos
314 1553 431 1609 motus
447 1536 659 1611 efficiendos.
711 1536 771 1608 Sic
790 1537 886 1606 enim
902 1537 1045 1606 condita
1061 1547 1112 1605 est
1265 1549 1470 1622 monstram
1487 1552 1594 1640 igin„-
1608 1554 1720 1625 stoici
1744 1583 1818 1626 „pm
1837 1561 2014 1652 anquam,
2039 1587 2149 1656 qum

126 1662 271 1728 natura,
294 1664 340 1710 ¹¹0
357 1638 403 1709 ‘ii
417 1639 544 1708 ⁰⁰3⁰&
1162 1652 1280 1720 vocari
1304 1666 1467 1721 naturam
1490 1654 1635 1740 volunt,
1663 1659 1814 1743 scilicet,
1844 1662 2000 1729 illumin
2020 1687 2149 1756 corpo-

228 1760 313 1833 ldeo
328 1755 489 1826 definitio
505 1768 652 1824 naturae
668 1756 761 1845 apud
780 1751 1007 1825 Aristotelem
1025 1744 1113 1820 haec
1163 1753 1261 1822 ribus
1286 1753 1455 1836 calorem,
1481 1757 1541 1823 sed
1565 1770 1659 1824 certo
1682 1762 1788 1827 modo
1811 1763 1854 1830 ab
1871 1776 2013 1831 aeterna
2029 1780 2150 1835 mente

127 1881 196 1940 est:
221 1863 355 1934 Natura
373 1857 966 1951 estcausamotusetqnietiseius,
988 1854 1113 1945 inquo
1163 1855 1386 1939 ordinatum,
1419 1854 1482 1945 qui
1506 1857 1633 1932 modus
1662 1862 1762 1949 quasi
1789 1885 1847 1930 ars
1876 1878 1928 1932 est
1958 1865 2152 1936 cuiuslibet

127 1982 180 2040 est
196 1959 457 2058 principaliter,
481 1970 516 2026 et
530 1980 603 2024 non
623 1980 688 2047 per
700 1957 878 2027 accidens.
1163 1952 1300 2046 speciei.

229 2080 299 2153 Sed
315 2097 436 2146 recens
451 2072 612 2157 auditor,
636 2087 909 2145 commemorata
925 2068 991 2142 hac
1011 2069 1111 2140 brevi
1266 2068 1344 2141 Etsi
1360 2085 1478 2143 autem
1496 2075 1540 2141 ad
1559 2073 1718 2143 omnium
1736 2075 1808 2145 lere
1829 2079 2026 2150 mixtorum
2041 2097 2151 2172 gene-

29 2218 32 2224 ’
129 2181 383 2274 descriptione,
408 2199 498 2268 quae
520 2176 663 2245 videtur
690 2198 822 2242 nomen
852 2189 1032 2266 utcunque
1055 2196 1114 2239 ex·
1164 2173 1318 2243 rationes
1333 2175 1507 2242 concinne
1522 2178 1778 2245 accommodari
1796 2173 1880 2247 haec
1895 2183 2006 2250 stoica
2021 2185 2152 2253 delini-

128 2289 282 2383 plicare,
311 2303 385 2348 non
411 2275 595 2346 intendere
616 2275 766 2363 digitum
791 2277 834 2342 ad
861 2298 934 2344 rem
957 2275 1113 2365 aliquam
1166 2276 1215 2344 tio
1233 2287 1357 2365 potest,
1380 2287 1498 2343 tamen
1514 2298 1587 2343 non
1604 2277 1791 2366 suscipiam
1808 2280 1883 2347 eius
1899 2283 2160 2368 patrocinium,

129 2382 408 2458 monstrandam,
436 2399 525 2468 quae
540 2376 609 2444 ciet
625 2399 789 2464 corpora,
815 2374 989 2464 flagitabit
1003 2374 1114 2463 expli·
1166 2373 1343 2446 Recensui
1358 2387 1484 2458 autem,
1506 2388 1547 2444 ut
1561 2376 1702 2447 collatio
1718 2379 1889 2464 ostendat,
1911 2383 1997 2472 quid
2014 2384 2050 2450 in
2066 2387 2153 2455 Ari-

130 2490 303 2561 cationem
336 2479 446 2565 magis
482 2476 715 2565 perspicuam.
776 2475 874 2563 Quid
905 2476 1000 2543 enim
1030 2468 1116 2543 haec
1166 2476 1322 2545 stotelica
1345 2475 1581 2559 desideretur,
1606 2501 1696 2569 quae
1725 2493 1776 2548 est
1798 2481 1909 2548 multo
1941 2487 2153 2572 generalior,

130 2582 354 2661 Aristotelica
371 2578 469 2647 aliud
485 2577 584 2660 dicit,
611 2600 715 2668 quam
734 2591 896 2648 naturam
915 2575 1032 2644 vocari
1050 2575 1116 2641 ali·
1167 2591 1201 2645 et
1214 2577 1286 2644 fere
1302 2589 1439 2646 tantum
1455 2577 1610 2646 nominis
1623 2580 1809 2664 etiamalio,
1825 2593 1866 2650 ut
1880 2581 1910 2648 si
1927 2584 2059 2653 dicam:
2082 2587 2152 2657 So·

130 2684 218 2787 quid
243 2687 283 2754 fn
309 2702 474 2771 corpore,
509 2701 579 2769 qno
610 2701 673 2766 per
702 2700 775 2745 sese
810 2691 845 2748 et
873 2675 1117 2768 principaliter
1168 2678 1211 2745 lis
1226 2677 1324 2745 orbis
1340 2688 1503 2744 movetur
1522 2692 1646 2747 natura
1664 2681 1709 2747 ab
1729 2703 1851 2749 occasu
1877 2706 1997 2753 versus
2020 2701 2151 2772 ortum,

132 2795 244 2864 cietur
258 2805 396 2873 corpus,
420 2793 460 2849 ιιι
474 2803 511 2850 ιιι
528 2801 600 2868 igni
617 2779 750 2870 aliquid
770 2771 832 2863 est,
850 2781 944 2871 quod
964 2799 1027 2867 per
1043 2798 1117 2848 sese
1168 2779 1250 2869 quia
1266 2778 1303 2844 in
1322 2777 1398 2868 ipso
1415 2777 1467 2844 vis
1483 2790 1534 2846 est
1547 2779 1696 2848 interior
1710 2781 1760 2849 sic
1775 2783 1882 2850 ciens.
1933 2785 1982 2852 At
1996 2787 2041 2853 ab
2064 2803 2147 2856 ortu

132 2883 424 2983 e,principaliter
440 2904 520 2950 eum
537 2880 645 2968 agitat
663 2901 813 2953 sursum.
865 2880 937 2951 Sed
952 2899 1041 2970 quae
1063 2897 1118 2944 res
1168 2880 1206 2946 in
1233 2902 1394 2947 occasum
1418 2892 1579 2947 movetur
1603 2905 1675 2947 non
1696 2896 1839 2966 natura,
1864 2886 1924 2953 sed
1946 2886 2082 2974 rapitur
2103 2891 2149 2956 ab

131 2996 193 3066 5113
223 3002 294 3070 ert,
324 2984 374 3053 sic
408 2981 570 3071 agitans?
612 2978 740 3050 Forma
777 3004 822 3049 ne
856 3000 902 3049 an
933 2977 1118 3072 qualitates
1168 2980 1239 3048 alio
1255 2980 1426 3048 exteriore
1442 2979 1539 3053 orbe.
1583 2978 1650 3049 Hic
1668 3006 1765 3049 mens
1782 2982 1928 3071 cupiens
1944 2984 2039 3054 intus
2055 2989 2151 3078 aspi-

131 3097 209 3168 eins
233 3085 407 3177 corporis,
440 3084 537 3152 calor
565 3095 598 3151 et
625 3080 786 3150 siccitas?
837 3079 879 3150 ld
910 3077 1119 3149 Aristoteles
1169 3105 1246 3150 cere
1269 3093 1450 3161 naturam,
1477 3081 1615 3172 quaerit
1631 3105 1720 3173 qnae
1743 3107 1798 3150 res
1816 3084 1874 3152 illa
1897 3084 1962 3167 sit,
1987 3110 2075 3178 quae
2090 3113 2150 3156 or·

129 3220 206 3270 non
221 3190 329 3263 addit·
1168 3184 1248 3251 bem
1264 3180 1358 3250 Solis
1373 3183 1459 3250 cieat
1469 3234 1479 3265 ,
1502 3194 1540 3250 ut
1554 3198 1679 3271 sponte
1695 3185 1739 3252 ab
1755 3209 1878 3254 occasu
1895 3209 2015 3255 versus
2032 3202 2149 3257 ortum

233 3307 303 3378 Sed
327 3300 439 3375 Stoici
466 3314 508 3370 ut
537 3295 621 3368 huic
653 3297 851 3389 quaestioni
884 3308 1119 3382 occurrerent,
1168 3284 1312 3354 teratur.

133 3410 360 3486 tradiderunt
380 3402 485 3472 aliam
503 3399 769 3481 definitionem,
795 3396 894 3466 cuius
915 3398 980 3467 etsi
1003 3420 1118 3466 sermo
1271 3393 1324 3466 lta
1349 3395 1515 3488 dicimus:
1558 3396 1724 3468 Zinziber
1745 3418 1869 3473 natura
1890 3399 2088 3495 humectat,
2116 3411 2152 3478 id

106 3537 208 3584 ·non
233 3504 397 3595 congruit
425 3526 506 3570 cum
528 3497 775 3582 Aristotelico‚
804 3511 922 3568 tamen
947 3496 1118 3569 sententia
1169 3510 1236 3582 est,
1267 3521 1342 3565 non
1373 3522 1436 3588 per
1466 3498 1564 3566 alind
1598 3514 1800 3588 externum,
1829 3507 1890 3573 sed
1920 3530 2017 3576 mens
2049 3510 2152 3578 avida

135 3617 256 3685 dextre
270 3606 459 3685 intellecta,
484 3601 595 3671 multa
614 3612 746 3669 monet.
789 3597 905 3667 Verba
919 3595 1006 3669 haec
1021 3611 1118 3669 sunt:
1169 3601 1430 3686 cognoscendae
1454 3622 1596 3683 causae,
1630 3603 1785 3694 quaerit,
1818 3627 1984 3697 quaeres
2008 3610 2054 3679 sit
2080 3610 2153 3694 illa,

133 3713 267 3786 Natura
283 3721 335 3777 est
347 3704 439 3795 ignis
453 3717 527 3773 arte
541 3701 771 3793 progrediens
785 3701 828 3768 ad
844 3701 1120 3788 generationem.
1169 3724 1237 3790 qua
1256 3697 1423 3767 Zinziber
1445 3694 1642 3786 humectat,
1664 3729 1743 3771 cum
1769 3720 1885 3775 tamen
1904 3710 2005 3778 valde
2026 3711 2153 3782 calcia.

234 3824 360 3915 Quam
376 3821 597 3912 peregrinam
623 3817 739 3886 adfers
763 3816 900 3908 inquiet
919 3816 1064 3908 aliquis,
1086 3829 1121 3886 et
1169 3801 1257 3884 ⁶5³1,
1283 3814 1316 3868 ‘1
1332 3800 1377 3869 ⁵ii
1394 3815 1472 3868 *πω
1491 3801 1634 3877 fimum·

135 3928 287 4005 ,lienam
321 3925 366 3993 ab
401 3920 624 3989 Aristotelica
658 3918 915 3986 consuetudine
942 3917 1120 3986 definitio·
1262 3910 1317 3980 Ex
1335 3907 1389 3978 bis
1405 3913 1654 3986 collationibus
1671 3933 1848 4011 iutrimque
1864 3923 2012 4012 intelligi
2031 3940 2155 4013 potest,

134 4031 241 4106 nem?
274 4024 351 4116 Ego
369 4045 450 4112 vero
467 4044 542 4089 eam
558 4041 741 4102 recenseo,
766 4030 807 4087 ut
823 4018 949 4087 melius
965 4016 1119 4107 conspici
1171 4014 1256 4105 quid
1285 4014 1408 4080 avidus
1437 4017 1578 4083 ariditor
1608 4020 1644 4086 in
1674 4021 1896 4091 Aristotelicas
1919 4025 2154 4116 descriptione

136 4132 265 4228 possit,
297 4149 402 4221 qnam
433 4123 479 4193 sit
511 4120 636 4210 exigna
669 4131 703 4188 et
733 4119 905 4206 generalis
933 4118 1119 4208 descriptio
1172 4115 1356 4182 desideret·

106 4229 379 4311 ''Aristotelicm
406 4223 535 4294 deinde
552 4221 670 4288 addita
694 4218 870 4288 concinna
886 4220 1122 4301 enarratione,
1274 4229 1405 4301 Medici
1424 4233 1562 4323 planius
1584 4238 1799 4329 loquuntur,
1827 4243 1926 4333 quasi
1948 4244 2059 4328 digito
2081 4270 2154 4312 rem

136 4359 210 4408 non
224 4329 383 4423 insuavis
399 4319 567 4395 erithace
583 4320 691 4390 stoica
709 4320 881 4391 delinitio.
932 4338 935 4343 ’
1174 4334 1284 4423 ipsam
1305 4348 1552 4414 monstrantes,
1577 4363 1681 4426 quiam
1700 4341 1827 4408 volunt
1841 4343 2077 4431 adpellatione
2092 4371 2155 4412 na-

248 4444 547 4532 Aitesseiguem,
574 4441 688 4517 idest,
708 4438 836 4508 caloris
852 4439 1037 4527 originem,
1060 4460 1121 4506 seu
1171 4448 1269 4506 turae
1285 4434 1485 4522 significari.
1538 4434 1626 4505 Nam
1644 4433 1803 4508 Galenus
1829 4442 1865 4508 ἰιι
1884 4445 1987 4512 ιριιῐο
2005 4446 2097 4514 libro
2113 4449 2156 4513 ,1e

43 4600 45 4607 ·
136 4559 290 4633 latitem,
315 4547 518 4641 quicunque
535 4543 582 4611 ita
598 4541 774 4609 nominari
793 4555 915 4628 potest,
942 4563 1001 4607 seu
1021 4539 1123 4632 iguis,
1172 4535 1475 4624 Temperamemis
1494 4537 1559 4603 ait:
1588 4539 1755 4607 nauum
1772 4567 1851 4609 cum
1868 4544 1967 4617 dico.
1992 4549 2156 4614 sumun-

138 4639 469 4726 se‘uvisaetherea.'
507 4643 576 4734 ipsi
593 4643 709 4730 ignem
741 4655 911 4709 vocarunt
940 4640 1122 4708 coelestem
1145 4638 1149 4684 ¹
1172 4638 1256 4706 tiam
1274 4650 1382 4704 totam
1406 4650 1439 4705 et
1456 4651 1768 4727 temperamentum
1791 4642 1949 4729 significo
1970 4670 2011 4714 ex
2034 4648 2157 4733 primis

125 4774 172 4829 ‚et
195 4750 461 4826 elementarem,
488 4771 528 4815 ac
550 4745 680 4833 deinde
705 4767 784 4810 cnm
811 4768 829 4808 a
861 4740 1022 4822 coelesti,
1049 4754 1122 4809 tum
1145 4688 1150 4825 J
1172 4736 1372 4818 elementis,
1399 4737 1531 4819 calido,
1556 4741 1705 4828 frigido,
1731 4743 1822 4811 sicco
1845 4760 1879 4813 et
1905 4741 2050 4815 lturnido
2070 4772 2159 4814 con-

126 4863 184 4929 'ab
209 4851 414 4926 elementari
439 4859 626 4918 senserunt
651 4843 738 4911 oriri
763 4844 896 4911 formas
921 4856 955 4909 et
976 4840 1125 4923 animas,
1146 4828 1150 4911 i
1172 4838 1305 4908 flatum.
1362 4837 1476 4906 Verba
1503 4835 1587 4907 haec
1610 4855 1710 4908 snm:
1745 4841 1862 4935 φύσιν
1887 4840 1920 4915 δ’
1935 4842 2026 4917 ὅταν
2053 4847 2155 4930 einos,

32 4948 38 4956 ’
139 4982 226 5055 quan
241 4961 333 5046 ipsas
358 4951 462 5021 etiam
478 4948 594 5035 ignem
612 4966 685 5013 esse
701 4943 879 5011 dixerunt.
921 4938 1025 5010 Hanc
1041 4941 1124 5024 vim,
1146 4918 1150 4988 l
1172 4934 1242 5032 τὴν
1257 4935 1347 5040 ὅλην
1363 4932 1536 5011 adalam
1556 4936 1620 5011 καὶ
1642 4945 1778 5033 κρᾶσιν
1794 4940 1906 5042 λέγω,
1927 4942 1997 5037 τὴν
2021 4946 2061 5017 ἐκ
2079 4953 2159 5019 τῶν

139 5086 199 5131 seu
220 5057 314 5127 laune
331 5056 465 5123 fontem
482 5047 629 5130 caloris,
654 5060 747 5115 recte
763 5043 888 5113 dicant
903 5041 993 5110 illud
1008 5041 1124 5132 ipsum
1147 5099 1150 5129 ,
1173 5034 1334 5134 πρώτων
1348 5034 1539 5131 στοιχείων
1552 5041 1701 5134 θερμοῦ
1715 5038 1779 5113 καὶ
1793 5051 1944 5139 ψυχροῦ
1966 5042 2030 5117 καὶ
2044 5048 2159 5141 ξηροῦ

139 5187 233 5242 esse,
264 5156 358 5252 quod
378 5148 529 5242 impellit
550 5147 759 5236 corporaad
780 5143 934 5213 actiones
960 5155 995 5212 et
1017 5165 1124 5232 geue·
1148 5135 1150 5176 ³
1172 5138 1237 5214 καὶ
1259 5135 1393 5236 ὑγροῦ.
1444 5139 1621 5232 Loquitur
1644 5144 1801 5212 enimde
1827 5147 1955 5217 mgni,
1997 5146 2160 5241 Cumque

139 5264 304 5337 rationes.
338 5252 446 5324 Calor
459 5250 554 5318 enim
573 5261 625 5318 est
638 5244 778 5331 efficax„
794 5255 982 5334 congregat
995 5267 1125 5332 cogna·
1148 5280 1151 5293 ·
1175 5239 1242 5312 boc
1265 5243 1373 5343 modo
1395 5242 1440 5310 ad
1461 5243 1693 5313 substantiam
1712 5257 1748 5315 et
1768 5258 2080 5334 temperamentum
2097 5251 2160 5318 de.

137 5384 193 5449 ra,
220 5379 254 5433 et
269 5355 417 5445 dissipat
431 5373 505 5423 non
522 5359 687 5440 cognata,
713 5361 755 5418 ut
771 5345 810 5414 in
823 5341 981 5443 hominis¹
995 5345 1126 5446 coctio-
1149 5353 1152 5437 i
1176 5341 1355 5422 ducimur,
1380 5362 1541 5434 quaeres
1557 5344 1621 5442 sit,
1646 5367 1737 5438 quae
1752 5360 1899 5418 vocatur
1913 5351 2057 5437 natura„
2083 5374 2159 5421 ma.
