4538 5754
596 248 1347 362 3·nmfflmmm

416 428 420 439 ’
442 427 675 507 θιιιειιιιιιιι.’

54 572 60 579 “
147 560 322 636 vetustas
345 561 435 638 dixit
457 566 679 655 obmentare‚
713 575 753 635 ut
774 561 924 653 legimus
946 559 1041 652 apud

47 666 199 740 Sextum
223 665 447 756 Pompeium.
500 665 590 736 lude
614 678 667 737 cst
687 674 905 736 ommentum
929 662 1041 752 gemi-

48 782 132 839 nata
152 769 280 854 litera,
301 791 357 852 m,
383 768 505 851 idest,
525 779 787 856 tegumentum,
813 768 888 835 sive
910 767 956 833 ab
972 764 1039 831 ob·

48 871 253 952 manendo,
277 867 353 937 sive
379 892 399 937 a
423 868 590 940 mantica.
649 865 727 936 Hac
750 867 860 955 igitur
883 864 1040 957 adpella-

50 973 149 1038 tionc
162 983 371 1060 nuncupata
385 981 438 1040 εει
452 967 572 1039 tunica
582 991 642 1037 seu
653 968 865 1059 panniculus
880 964 1040 1058 proxime

51 1085 173 1158 tegens
196 1069 438 1140 ventriculum
460 1081 495 1140 et
515 1068 702 1154 intestina,
726 1068 789 1160 qui
812 1063 1041 1136 cumsimilis

51 1171 94 1241 sit
107 1172 314 1261 marsupio,
339 1192 420 1260 pars
438 1170 613 1240 substrata
629 1168 826 1238 ventriculo
841 1168 961 1237 iuncta
976 1186 1041 1233 an-

54 1271 178 1340 teriori
202 1271 297 1362 parti
315 1271 401 1360 tegit
425 1269 613 1355 intestina,
638 1282 672 1340 ει
688 1268 951 1363 porrigitur-ad
974 1288 1041 1356 pu-

54 1373 132 1452 bem
157 1395 284 1465 usquc.

153 1467 225 1542 Est
248 1483 365 1543 autem
388 1470 584 1544 substantia
613 1493 781 1550 nervosa,
816 1469 921 1560 plena
941 1465 1043 1534 venis

53 1586 83 1643 ct
96 1572 265 1655 arteriis,
289 1597 378 1665 quas
392 1567 490 1643 vehit
507 1574 546 1642 iu
561 1571 798 1642 ventriculum
820 1584 855 1642 ει
871 1569 1042 1661 splenem.

52 1669 97 1744 Ει
113 1673 333 1744 circumfusa
351 1688 403 1746 est
419 1675 451 1743 ei
467 1672 645 1765 pinguedo
662 1672 815 1763 copiosa.

154 1770 305 1845 Utilitas
321 1788 391 1859 est,
417 1787 458 1844 ει
473 1774 637 1844 innatum
652 1772 840 1842 ventriculi
855 1783 889 1841 ει
905 1766 1044 1838 ἱειεειί-

55 1897 186 1944 uorum
218 1875 374 1944 calorem
405 1875 611 1945 conclusum
639 1883 779 1963 teneat,
814 1885 849 1943 ει
871 1894 936 1940 suo
962 1891 1045 1938 cum

54 1977 172 2045 calore
186 1987 324 2064 augeat
361 1974 520 2045 Galenus
537 1973 776 2063 experimento
793 1973 940 2063 probat,
966 1992 1044 2037 om-

54 2088 218 2145 meutum
236 2075 424 2146 conditum
438 2097 530 2158 esse,
553 2088 596 2143 ut
620 2072 811 2147 calefaciat.
861 2068 927 2143 Ait
948 2069 1043 2138 enim

56 2174 249 2265 gladiatori
265 2188 404 2266 partem
422 2174 616 2268 praecisam
634 2195 720 2258 csse,
734 2173 796 2266 qui
814 2171 879 2241 etsi
892 2170 1045 2253 vivebat,

56 2292 175 2346 tamen
193 2288 317 2365 postea
340 2276 462 2346 minus
486 2296 707 2367 concoquere
730 2272 866 2363 potuit,
891 2284 926 2342 et
949 2270 1046 2340 adsi-

56 2378 122 2445 due
139 2375 250 2463 gessit
265 2375 431 2466 imposita
444 2375 560 2444 ventri
575 2387 776 2463 tegumenta
796 2397 837 2443 ex
851 2373 931 2443 lana
944 2371 1045 2442 lacta.

58 2475 187 2546 Gmeci
205 2489 427 2545 ommentum
442 2475 631 2544 nominant
646 2468 838 2556 ἐπίπλοον,
862 2473 945 2566 quia
962 2495 1045 2562 pro·

56 2590 131 2665 pter
153 2575 413 2666 pinguedinem
435 2575 536 2671 quasi
559 2575 699 2646 innatat
720 2574 850 2645 ventri.
907 2570 1046 2642 Arabes

57 2675 210 2748 Zirburn
228 2678 518 2750 nominaverunt.

428 2873 687 2976 Περιτόναιον.

161 3013 336 3105 Undique
356 3011 542 3085 circundat
564 3028 726 3084 ventrem
748 3010 953 3081 interiorem
978 3007 1048 3077 alia

60 3111 201 3200 tonica,
227 3115 655 3199 videlicetvcntriculum,
681 3113 861 3195 intestina,
886 3131 1048 3181 ommen-

59 3231 152 3295 tum,
195 3238 301 3305 epar,
338 3215 517 3306 splenem,
563 3238 684 3297 renes,
727 3213 915 3282 involvens
960 3205 1048 3280 haee

60 3318 224 3385 membra
245 3317 331 3383 inde
346 3338 457 3408 usque
472 3341 491 3386 a
507 3310 775 3407 diaphragmate
798 3315 842 3382 ad
857 3335 907 3381 os
932 3311 1049 3403 pubis,

61 3429 138 3488 orta
160 3440 183 3487 a
208 3416 409 3505 ligamentis
426 3415 731 3498 consumentibus,
757 3413 937 3483 vertebras
953 3413 1049 3480 lum-

60 3519 203 3598 borum,
217 3530 253 3585 et
270 3518 315 3585 ad
329 3518 527 3592 easadlixa.
553 3515 690 3586 Arabes
705 3508 1049 3607 ‘nominantSiplrao

162 3615 313 3688 Utilitas
340 3615 416 3686 eius
439 3630 492 3688 εει
514 3631 556 3688 ει
583 3617 704 3705 alliget
733 3630 764 3687 et
788 3615 979 3705 suspendat
1004 3614 1049 3681 ad

61 3722 209 3789 dorsum
224 3717 384 3786 membra
400 3718 535 3788 ventris
550 3717 743 3790 inferioris.
791 3711 841 3786 Et
855 3715 900 3784 ab
918 3736 957 3784 ea
976 3712 1050 3782 ori-

61 3835 118 3891 tur
134 3819 346 3889 membrana
361 3817 512 3887 inferior
534 3812 825 3907 diaphragmatis.

160 3918 350 3988 Praeterea
365 3918 405 3985 in
426 3918 591 3989 exteriori
613 3918 796 4008 superficie
818 3917 1050 4007 peritonaeon

64 4020 213 4092 sustinet
233 4019 413 4089 musculos
439 4032 557 4090 motus
578 4041 680 4088 causa
703 4020 832 4101 factos,
866 4032 901 4088 et
920 4040 980 4086 eos
1005 4017 1052 4085 ab

64 4120 245 4191 intestinis
267 4132 420 4211 separat,
451 4143 497 4187 ne
522 4120 688 4189 intestina
715 4119 773 4185 vel
802 4119 1052 4208 impediantur,

64 4223 120 4290 vel
134 4234 278 4289 motum
292 4221 510 4310 impediant,
537 4234 570 4291 ει
585 4219 761 4288 cruciatus
778 4219 940 4291 efficiant.
982 4217 1053 4288 Su·

64 4345 125 4411 pra
168 4321 353 4389 musculos
394 4343 541 4390 carnosa
581 4321 788 4389 membrana
820 4332 891 4401 est,
923 4318 1053 4385 deinde

63 4425 191 4512 adeps,
216 4433 338 4512 postea
353 4422 443 4492 cutis
470 4416 611 4516 δέρμα,
641 4421 770 4490 deinde
792 4415 988 4513 ἐπίδερμις.

374 4629 582 4720 intestino,
616 4617 757 4719 ἔντερα.

166 4755 337 4828 Proxima
358 4757 555 4827 ventriculo
582 4769 721 4828 suntet
744 4755 932 4841 intestina,
964 4779 1055 4848 quo-

66 4876 144 4930 rum
163 4858 311 4929 tunicae
328 4858 528 4929 ventriculo
543 4859 734 4929 continuae
749 4869 844 4927 sunt.
878 4854 926 4926 Et
939 4880 1056 4948 quan·

68 4983 174 5052 quam
197 4961 274 5049 ipsa
300 4981 442 5052 qnoque
465 4958 634 5028 continua
659 4969 759 5038 sunt,
793 4972 910 5027 tamen
931 4954 1065 5046 figura,

65 5063 134 5130 situ
161 5073 199 5130 ει
218 5059 346 5129 officiis
375 5059 560 5128 differunt.
611 5054 665 5128 Ac
689 5061 757 5129 tria
779 5058 959 5147 superiora
977 5079 1056 5145 gra-

70 5163 148 5231 cilia
170 5175 274 5245 snnt‚
300 5160 385 5254 quia
401 5182 481 5230 curn
495 5160 587 5230 lacta
605 5161 694 5245 sint,
720 5173 760 5230 ut
775 5160 814 5228 in
831 5159 880 5227 eis
895 5169 1057 5227 transve-

71 5258 176 5334 lutor
190 5257 339 5356 chylus,
364 5273 400 5332 et
414 5274 454 5331 ει
469 5256 629 5330 Galenus
644 5248 816 5344 nominat,
842 5251 1059 5339 ἄνεὸύσεως

70 5385 190 5449 causa,
224 5376 267 5435 ut
294 5363 438 5432 facilior
464 5362 509 5431 sit
541 5361 728 5448 transitus,
767 5361 952 5453 graciliora
983 5381 1057 5430 csse

1894 263 2078 341 ‚dd

1090 430 1270 521 proderat.
1303 426 1488 498 Praeterea
1505 423 1584 499 cuin
1600 416 1634 499 ει
1649 427 1686 499 in
1703 421 1778 523 ipso
1797 431 1948 504 transitu
1965 435 2077 505 coctio

1091 531 1210 626 aliqua
1226 531 1305 614 liat,
1329 529 1468 600 facilius
1482 531 1647 602 calefiunt
1664 546 1815 632 propter
1833 535 2076 622 gracilitatem.

1191 645 1346 740 Reliqua
1365 647 1534 716 interiora
1552 662 1635 720 sunt
1650 649 1761 740 magis
1777 672 1925 722 carnosa
1941 667 1975 724 ει
1984 675 2077 726 cras-

1092 748 1206 833 siora,
1230 748 1312 841 quia
1335 744 1491 819 evehunt
1515 763 1745 825 excrementa.

1193 865 1373 947 Primum,
1398 863 1616 936 Duodenum
1632 867 1677 937 ab
1694 863 1893 959 Herophilo
1912 871 2078 943 nomina-

1091 981 1169 1039 tum
1183 990 1256 1036 csse
1272 966 1452 1052 scribunt,
1479 968 1561 1060 quia
1581 967 1769 1057 longitudo
1786 971 1861 1042 eius
1878 971 1923 1044 sit
1945 972 2079 1062 digito·
2137 1038 2139 1043 .

1085 1074 1172 1140 ‘rum
1188 1067 1393 1139 duodecim.
1423 1066 1583 1137 Galenus
1598 1069 1761 1140 nominat
1776 1068 1951 1167 ἔκφυσιν,
1977 1075 2079 1168 quasi

1093 1171 1188 1240 dicas
1202 1182 1362 1239 exortum
1377 1192 1437 1240 seu
1458 1191 1674 1261 processum.
1726 1170 1760 1238 A
1778 1173 1926 1266 pyloro,
1952 1174 1987 1241 id
2016 1190 2080 1259 cst,

1094 1271 1227 1341 orificio
1269 1268 1458 1339 ventriculi
1497 1270 1608 1339 altero
1643 1270 1779 1357 oritur,
1820 1285 1855 1343 et
1876 1296 2014 1345 sursum
2039 1275 2079 1344 in

1095 1374 1214 1440 dextra
1231 1383 1329 1461 parte
1343 1392 1464 1439 versus
1480 1370 1624 1440 dorsum
1644 1371 1859 1461 porrigitur,
1883 1387 1924 1443 ut
1940 1375 2080 1466 alligari

1094 1473 1229 1541 firmius
1252 1469 1373 1561 possit.
1423 1468 1608 1540 Praeterea
1629 1483 1670 1541 ut
1692 1474 1736 1542 ad
1759 1472 1841 1543 bilis
1863 1488 2018 1545 meatum
2041 1477 2081 1544 in

1097 1573 1208 1662 epatis
1236 1571 1379 1658 regione
1397 1584 1476 1661 apte
1501 1571 1656 1644 locatum
1678 1572 1736 1645 sit.
1785 1571 1876 1644 Nam
1899 1575 1963 1644 ubi
1987 1577 2081 1645 desi-

1096 1673 1151 1742 nit
1167 1672 1397 1755 duodenum,
1423 1671 1461 1739 in
1485 1672 1561 1762 ipso
1585 1670 1697 1740 ieiuni
1721 1672 1847 1758 initio,
1872 1689 2007 1746 meatus
2029 1691 2082 1748 est

1096 1796 1137 1841 ex
1155 1771 1305 1843 vesicula
1321 1772 1434 1857 tellis,
1459 1787 1500 1845 ut
1514 1771 1597 1843 bilis
1612 1771 1730 1844 cibum
1747 1774 1867 1865 pellat,
1893 1788 1927 1847 ει
1943 1776 2081 1850 ἱειεειί-

1097 1897 1184 1943 num
1205 1871 1425 1946 mundificet.

1492 2079 1679 2151 ieiunum.

1199 2200 1374 2275 Duodeno
1405 2205 1616 2277 continuum
1644 2219 1696 2278 est
1717 2207 1902 2294 Ieiunum,
1941 2213 2079 2302 νῆστις,

1098 2306 1196 2398 quod
1218 2307 1284 2375 sub
1301 2319 1400 2394 epate
1425 2301 1532 2376 babet
1547 2308 1658 2398 spiras
1681 2309 1839 2402 aliquas,
1862 2309 1992 2380 deinde
2015 2314 2082 2381 ali-

1098 2419 1230 2499 quanto
1262 2407 1392 2477 rectius
1419 2407 1614 2498 porrigitur
1644 2409 1688 2479 ad
1721 2433 1814 2501 epar.
1866 2409 2082 2482 Nominatur

1098 2521 1215 2576 autem
1235 2506 1414 2591 ieiunum,
1439 2531 1513 2576 non
1529 2512 1625 2600 quod
1642 2533 1788 2600 prorsus
1805 2510 1914 2580 inane
1928 2512 1993 2592 sit,
2021 2516 2083 2602 sed

1098 2609 1180 2701 quia
1196 2607 1299 2676 citius
1315 2607 1399 2676 inde
1415 2609 1553 2697 rapitur
1567 2605 1692 2703 chylus
1714 2635 1732 2678 a
1750 2611 1850 2679 venis
1872 2615 2083 2700 mesaraicis,

1099 2731 1249 2800 quarum
1266 2708 1379 2776 maior
1393 2731 1562 2779 numerus
1580 2710 1618 2778 in
1640 2705 1707 2781 hoc
1722 2710 1929 2781 intestinum
1953 2713 2082 2782 inseri·

1099 2823 1174 2893 tur,
1199 2821 1232 2877 et
1248 2807 1425 2900 reliquum
1443 2832 1461 2877 a
1478 2808 1551 2879 bile
1566 2811 1733 2900 pellitur,
1759 2836 1848 2903 quae
1865 2834 1938 2881 non
1956 2814 2082 2883 misee-

1099 2923 1158 2979 tur
1172 2903 1297 3000 chylo,
1324 2909 1384 2976 sed
1399 2908 1478 2979 lluit
1494 2908 1533 2977 in
1547 2909 1716 2981 lateribus
1731 2910 1889 2981 intestini
1913 2913 1951 2980 in
1976 2917 2082 2984 colon

1099 3032 1224 3102 usque,
1240 3021 1280 3077 ut
1294 3007 1402 3099 pellat
1416 3024 1649 3095 excrementa,
1663 3024 1698 3082 et
1713 3012 1888 3100 abstergat
1903 3012 2083 3086 intestina.

1524 3209 1659 3292 Εἵλεος.

1202 3344 1364 3417 Tertium
1388 3344 1596 3416 intestinum
1620 3346 1828 3419 nominatur
1851 3351 1977 3435 εἵλεες,
2009 3376 2085 3423 non

1102 3448 1216 3518 solum
1241 3448 1324 3539 quia
1347 3448 1386 3516 iu
1410 3472 1451 3516 eo
1476 3446 1554 3539 gyri
1576 3459 1661 3517 sunt
1685 3449 1852 3539 plurimi,
1885 3454 1943 3520 sed
1979 3456 2085 3522 ctiam

1102 3549 1184 3644 quia
1205 3549 1301 3617 varic
1323 3547 1489 3637 impliciti
1506 3559 1590 3617 sunt
1607 3545 1847 3635 Meseuterio,
1873 3554 1969 3622 unde
1991 3555 2086 3623 mul·

1104 3665 1159 3719 tac
1191 3672 1300 3719 venae
1331 3647 1369 3716 in
1400 3649 1514 3720 εἴλεον
1543 3648 1762 3724 inseruntur.
1829 3649 1947 3723 Habet
1968 3667 2087 3724 autem

1103 3774 1205 3821 usum
1222 3750 1387 3828 eundem,
1414 3773 1518 3841 quem
1535 3742 1642 3818 babet
1658 3751 1831 3836 ieiunum,
1846 3768 1888 3825 ut
1902 3756 2086 3824 transmit-

1104 3865 1154 3922 tat
1184 3845 1340 3944 chylum.
1392 3849 1461 3920 Sed
1485 3843 1554 3917 hoe
1577 3852 1731 3922 interest.
1791 3849 1955 3922 leiuuum
1981 3853 2087 3925 citius

1103 3952 1279 4040 exugitur.
1332 3947 1465 4020 Verum
1485 3949 1595 4029 εἴλεος
1616 3951 1750 4022 diutius
1778 3953 1907 4023 retinet
1931 3949 2089 4047 chylum,

1104 4076 1208 4147 quarn
1222 4053 1269 4121 ob
1285 4074 1423 4120 causam
1437 4048 1620 4136 etlongius
1636 4067 1698 4132 cst,
1722 4065 1756 4123 ct
1771 4054 1892 4145 plures
1910 4055 2089 4125 anfractus

1107 4151 1231 4234 habet,
1256 4166 1297 4222 ut
1315 4147 1460 4245 chylum
1477 4150 1588 4238 magis
1613 4166 1758 4246 coquat,
1786 4167 1821 4224 et
1843 4155 1976 4226 diutius
2000 4177 2089 4247 sup-

1105 4254 1239 4345 peditet
1257 4252 1476 4334 alimentum,
1502 4274 1548 4319 ne
1564 4275 1652 4341 opus
1666 4255 1711 4322 sit
1727 4279 1805 4323 mox
1821 4255 1980 4342 ingerere
1998 4255 2090 4325 alios

1106 4354 1214 4426 cibos.
1264 4350 1367 4422 Plato
1391 4351 1508 4443 inquit
1532 4346 1601 4420 hoc
1627 4354 1775 4422 consilio
1799 4353 1987 4425 fabricatos
2015 4367 2090 4426 csse

1106 4450 1171 4523 hos
1187 4475 1311 4546 gyros,
1336 4475 1381 4521 ne
1396 4451 1427 4522 si
1440 4452 1559 4522 etatim
1576 4454 1637 4521 alii
1664 4454 1734 4521 cibi
1758 4452 1944 4542 ingerendi
1962 4471 2091 4540 essent,

1108 4556 1216 4624 vitam
1233 4575 1413 4643 ageremus
1425 4545 1658 4647 ἀφιλόσοφον
1673 4549 1737 4623 καὶ
1750 4550 1932 4645 ἄμουσον.
1980 4559 2093 4648 Apud

1107 4654 1360 4747 Hippocratem
1375 4667 1408 4722 et
1424 4651 1601 4723 Galcuum
1618 4653 1728 4733 εἴλεος
1743 4666 1794 4725 εει
1809 4656 1927 4726 morbi
1945 4680 2093 4737 nomeu,

1108 4781 1182 4825 non
1198 4755 1369 4831 intestini.
1396 4752 1497 4825 Sicut
1514 4752 1661 4821 enimin
1681 4754 1751 4825 alio
1767 4778 1885 4828 crasso
1904 4758 2093 4836 intestino.

1108 4859 1204 4951 quod
1233 4848 1346 4928 κόλον
1381 4854 1606 4937 nominatur,
1651 4855 1742 4927 liunt
1772 4857 1912 4932 dolores
1940 4856 2095 4932 κολικοὶ.

1109 4958 1161 5028 lta
1178 4959 1216 5025 in
1232 4952 1300 5028 boc
1323 4955 1446 5046 gracili
1462 4953 1631 5026 intestino
1654 4956 1779 5027 similis
1801 4959 1948 5030 morbus
1975 4962 2097 5032 existit

1109 5060 1301 5127 admodum
1333 5055 1570 5150 periculosus,
1603 5080 1683 5126 cum
1712 5059 1803 5130 liunt
1824 5059 2098 5144 obstructiones‚

1109 5159 1253 5252 nequid
1271 5158 1397 5250 expelli
1415 5155 1536 5251 possit,
1563 5169 1623 5227 aut
1638 5174 1721 5230 sunt
1738 5160 1788 5230 ibi
1802 5161 1929 5233 viscosi
1944 5186 1984 5234 ac
1997 5186 2099 5232 mor·

1109 5262 1212 5330 daces
1233 5255 1412 5334 humores.
1476 5255 1593 5348 Vulgo
1616 5261 1804 5332 nominant
1826 5259 1974 5336 Iliacum
1997 5286 2099 5335 mor·
2141 5292 2145 5300 ·

1109 5364 1216 5441 bom,
1242 5361 1303 5454 qui
1319 5360 1411 5434 circa
1426 5360 1637 5531 umbilicursn
1652 5363 1817 5436 sentitur.

1648 5467 1667 5510 t
