<?xml version="1.0" encoding="UTF-8"?>
<!DOCTYPE html PUBLIC "-//W3C//DTD XHTML 1.0 Transitional//EN"
    "http://www.w3.org/TR/xhtml1/DTD/xhtml1-transitional.dtd">
<html xmlns="http://www.w3.org/1999/xhtml" xml:lang="en" lang="en">
 <head>
  <title>
</title>
<meta http-equiv="Content-Type" content="text/html;charset=utf-8" />
  <meta name='ocr-system' content='tesseract 3.04.00' />
  <meta name='ocr-capabilities' content='ocr_page ocr_carea ocr_par ocr_line ocrx_word'/>
</head>
<body>
  <div class='ocr_page' id='page_1' title='image "./corpusreformato11melagoog_0226.png"; bbox 0 0 4538 5754; ppageno 0'>
   <div class='ocr_carea' id='block_1_1' title="bbox 92 163 2143 312">
    <p class='ocr_par' dir='ltr' id='par_1_1' title="bbox 92 163 2143 312">
     <span class='ocr_line' id='line_1_1' title="bbox 92 163 2143 312; baseline 0.014 -33"><span class='ocrx_word' id='word_1_1' title='bbox 92 229 164 306; x_wconf 79' lang='lat' dir='ltr'>su</span> <span class='ocrx_word' id='word_1_2' title='bbox 575 231 669 301; x_wconf 58' lang='grc' dir='ltr'>με,</span> <span class='ocrx_word' id='word_1_3' title='bbox 720 221 787 296; x_wconf 90' lang='lat' dir='ltr'>1v.</span> <span class='ocrx_word' id='word_1_4' title='bbox 837 215 1117 295; x_wconf 71' lang='lat' dir='ltr'>urrunnun</span> <span class='ocrx_word' id='word_1_5' title='bbox 1142 209 1480 307; x_wconf 79' lang='lat' dir='ltr'>nnuronmas.</span> <span class='ocrx_word' id='word_1_6' title='bbox 1876 224 1880 232; x_wconf 80' lang='lat'>·</span> <span class='ocrx_word' id='word_1_7' title='bbox 1921 163 1928 182; x_wconf 45' lang='lat'>‘</span> <span class='ocrx_word' id='word_1_8' title='bbox 1969 294 1975 312; x_wconf 46' lang='lat'>,</span> <span class='ocrx_word' id='word_1_9' title='bbox 2040 190 2143 306; x_wconf 79' lang='lat' dir='ltr'>sss</span> 
     </span>
    </p>
   </div>
   <div class='ocr_carea' id='block_1_2' title="bbox 89 383 2116 480">
    <p class='ocr_par' dir='ltr' id='par_1_2' title="bbox 89 383 2116 480">
     <span class='ocr_line' id='line_1_2' title="bbox 89 383 2116 480; baseline 0.006 -19"><span class='ocrx_word' id='word_1_10' title='bbox 89 394 220 468; x_wconf 76' lang='lat' dir='ltr'>toricae</span> <span class='ocrx_word' id='word_1_11' title='bbox 237 409 375 468; x_wconf 85' lang='lat' dir='ltr'>tautum</span> <span class='ocrx_word' id='word_1_12' title='bbox 399 395 555 465; x_wconf 73' lang='lat' dir='ltr'>forenses</span> <span class='ocrx_word' id='word_1_13' title='bbox 579 408 615 466; x_wconf 91' lang='lat' dir='ltr'>et</span> <span class='ocrx_word' id='word_1_14' title='bbox 635 393 814 465; x_wconf 71' lang='lat' dir='ltr'>suasoriae</span> <span class='ocrx_word' id='word_1_15' title='bbox 834 391 1020 474; x_wconf 88' lang='lat' dir='ltr'>materiae,</span> <span class='ocrx_word' id='word_1_16' title='bbox 1045 403 1080 460; x_wconf 96' lang='lat' dir='ltr'>et</span> <span class='ocrx_word' id='word_1_17' title='bbox 1133 383 1175 455; x_wconf 87' lang='lat' dir='ltr'>lu</span> <span class='ocrx_word' id='word_1_18' title='bbox 1192 386 1262 454; x_wconf 88' lang='lat' dir='ltr'>line</span> <span class='ocrx_word' id='word_1_19' title='bbox 1276 385 1479 455; x_wconf 76' lang='lat' dir='ltr'><strong>subindicat</strong></span> <span class='ocrx_word' id='word_1_20' title='bbox 1494 385 1599 456; x_wconf 89' lang='lat' dir='ltr'>etism</span> <span class='ocrx_word' id='word_1_21' title='bbox 1615 386 1730 480; x_wconf 85' lang='lat' dir='ltr'>ipsum</span> <span class='ocrx_word' id='word_1_22' title='bbox 1743 386 1941 465; x_wconf 90' lang='lat' dir='ltr'>Dominum</span> <span class='ocrx_word' id='word_1_23' title='bbox 1955 420 2116 474; x_wconf 86' lang='lat' dir='ltr'>commu-</span> 
     </span>
    </p>
   </div>
   <div class='ocr_carea' id='block_1_3' title="bbox 87 486 2115 680">
    <p class='ocr_par' dir='ltr' id='par_1_3' title="bbox 87 486 2115 680">
     <span class='ocr_line' id='line_1_3' title="bbox 87 486 2115 589; baseline 0.003 -21"><span class='ocrx_word' id='word_1_24' title='bbox 87 500 316 571; x_wconf 86' lang='lat' dir='ltr'>laudationes</span> <span class='ocrx_word' id='word_1_25' title='bbox 331 499 552 570; x_wconf 87' lang='lat' dir='ltr'>tribuuntur.</span> <span class='ocrx_word' id='word_1_26' title='bbox 912 547 915 551; x_wconf 84' lang='lat'>.</span> <span class='ocrx_word' id='word_1_27' title='bbox 1131 509 1193 556; x_wconf 91' lang='lat' dir='ltr'>nes</span> <span class='ocrx_word' id='word_1_28' title='bbox 1208 486 1417 557; x_wconf 88' lang='lat' dir='ltr'>afflictiones</span> <span class='ocrx_word' id='word_1_29' title='bbox 1437 486 1639 558; x_wconf 90' lang='lat' dir='ltr'>subiturum</span> <span class='ocrx_word' id='word_1_30' title='bbox 1662 514 1754 574; x_wconf 88' lang='lat' dir='ltr'>esse,</span> <span class='ocrx_word' id='word_1_31' title='bbox 1778 517 1820 564; x_wconf 84' lang='lat' dir='ltr'>ex</span> <span class='ocrx_word' id='word_1_32' title='bbox 1843 497 1974 589; x_wconf 87' lang='lat' dir='ltr'>quibus</span> <span class='ocrx_word' id='word_1_33' title='bbox 1996 513 2115 574; x_wconf 88' lang='lat' dir='ltr'>tamen</span> 
     </span>
     <span class='ocr_line' id='line_1_4' title="bbox 1053 583 2115 680; baseline 0.019 -23"><span class='ocrx_word' id='word_1_34' title='bbox 1053 621 1059 633; x_wconf 89' lang='lat'><strong>·</strong></span> <span class='ocrx_word' id='word_1_35' title='bbox 1130 587 1328 660; x_wconf 69' lang='lat' dir='ltr'>reviviscet.</span> <span class='ocrx_word' id='word_1_36' title='bbox 1360 587 1498 680; x_wconf 76' lang='lat' dir='ltr'>siquis</span> <span class='ocrx_word' id='word_1_37' title='bbox 1516 583 1582 659; x_wconf 93' lang='lat' dir='ltr'>hoc</span> <span class='ocrx_word' id='word_1_38' title='bbox 1597 595 1704 662; x_wconf 91' lang='lat' dir='ltr'>modo</span> <span class='ocrx_word' id='word_1_39' title='bbox 1718 592 2115 677; x_wconf 77' lang='lat' dir='ltr'>animadverteritPssl·</span> 
     </span>
    </p>
   </div>
   <div class='ocr_carea' id='block_1_4' title="bbox 86 661 2158 1501">
    <p class='ocr_par' dir='ltr' id='par_1_4' title="bbox 249 661 2115 795">
     <span class='ocr_line' id='line_1_5' title="bbox 249 661 2115 795; baseline 0.019 -54"><span class='ocrx_word' id='word_1_40' title='bbox 249 670 311 742; x_wconf 77' lang='lat' dir='ltr'>De</span> <span class='ocrx_word' id='word_1_41' title='bbox 336 664 455 740; x_wconf 81' lang='lat' dir='ltr'>trihus</span> <span class='ocrx_word' id='word_1_42' title='bbox 477 661 678 775; x_wconf 73' lang='lat' dir='ltr'>generibus</span> <span class='ocrx_word' id='word_1_43' title='bbox 706 685 925 736; x_wconf 77' lang='lat' dir='ltr'>causarum·</span> <span class='ocrx_word' id='word_1_44' title='bbox 1130 713 1228 760; x_wconf 91' lang='lat' dir='ltr'>mum</span> <span class='ocrx_word' id='word_1_45' title='bbox 1243 710 1318 757; x_wconf 87' lang='lat' dir='ltr'>esse</span> <span class='ocrx_word' id='word_1_46' title='bbox 1334 689 1607 780; x_wconf 74' lang='lat' dir='ltr'>descriptionem</span> <span class='ocrx_word' id='word_1_47' title='bbox 1623 687 1773 779; x_wconf 76' lang='lat' dir='ltr'>Christi,</span> <span class='ocrx_word' id='word_1_48' title='bbox 1797 712 1832 768; x_wconf 91' lang='lat' dir='ltr'>et</span> <span class='ocrx_word' id='word_1_49' title='bbox 1854 699 2012 790; x_wconf 86' lang='lat' dir='ltr'>singulas</span> <span class='ocrx_word' id='word_1_50' title='bbox 2032 727 2115 795; x_wconf 83' lang='lat' dir='ltr'>per·</span> 
     </span>
    </p>

    <p class='ocr_par' dir='ltr' id='par_1_5' title="bbox 193 790 2115 892">
     <span class='ocr_line' id='line_1_6' title="bbox 193 790 2115 892; baseline 0.002 -18"><span class='ocrx_word' id='word_1_51' title='bbox 193 802 236 874; x_wconf 93' lang='lat' dir='ltr'>ln</span> <span class='ocrx_word' id='word_1_52' title='bbox 257 803 345 875; x_wconf 89' lang='lat' dir='ltr'>locis</span> <span class='ocrx_word' id='word_1_53' title='bbox 367 800 587 874; x_wconf 90' lang='lat' dir='ltr'>inventionis</span> <span class='ocrx_word' id='word_1_54' title='bbox 609 799 765 892; x_wconf 90' lang='lat' dir='ltr'>primum</span> <span class='ocrx_word' id='word_1_55' title='bbox 795 821 925 891; x_wconf 83' lang='lat' dir='ltr'>genera</span> <span class='ocrx_word' id='word_1_56' title='bbox 955 819 1077 867; x_wconf 86' lang='lat' dir='ltr'>eausa·</span> <span class='ocrx_word' id='word_1_57' title='bbox 1131 802 1184 860; x_wconf 87' lang='lat' dir='ltr'>tes</span> <span class='ocrx_word' id='word_1_58' title='bbox 1201 793 1245 859; x_wconf 87' lang='lat' dir='ltr'>ad</span> <span class='ocrx_word' id='word_1_59' title='bbox 1264 790 1698 865; x_wconf 82' lang='lat' dir='ltr'>definitionesdialecticas</span> <span class='ocrx_word' id='word_1_60' title='bbox 1712 797 1799 868; x_wconf 89' lang='lat' dir='ltr'>sciat</span> <span class='ocrx_word' id='word_1_61' title='bbox 1812 801 2018 874; x_wconf 88' lang='lat' dir='ltr'>referendas</span> <span class='ocrx_word' id='word_1_62' title='bbox 2031 828 2115 891; x_wconf 86' lang='lat' dir='ltr'>esse,</span> 
     </span>
    </p>

    <p class='ocr_par' dir='ltr' id='par_1_6' title="bbox 86 889 2158 1501">
     <span class='ocr_line' id='line_1_7' title="bbox 88 889 2115 994; baseline 0.008 -16"><span class='ocrx_word' id='word_1_63' title='bbox 88 931 168 978; x_wconf 88' lang='lat' dir='ltr'>rum</span> <span class='ocrx_word' id='word_1_64' title='bbox 184 906 471 993; x_wconf 81' lang='lat' dir='ltr'>distribuuntur,</span> <span class='ocrx_word' id='word_1_65' title='bbox 498 904 536 973; x_wconf 92' lang='lat' dir='ltr'>id</span> <span class='ocrx_word' id='word_1_66' title='bbox 552 897 621 971; x_wconf 93' lang='lat' dir='ltr'>hoc</span> <span class='ocrx_word' id='word_1_67' title='bbox 635 900 785 971; x_wconf 89' lang='lat' dir='ltr'>consilio</span> <span class='ocrx_word' id='word_1_68' title='bbox 810 901 862 973; x_wconf 87' lang='lat' dir='ltr'>lit.</span> <span class='ocrx_word' id='word_1_69' title='bbox 913 897 957 969; x_wconf 92' lang='lat' dir='ltr'>ln</span> <span class='ocrx_word' id='word_1_70' title='bbox 980 910 1077 969; x_wconf 90' lang='lat' dir='ltr'>tanta</span> <span class='ocrx_word' id='word_1_71' title='bbox 1128 891 1159 960; x_wconf 59' lang='grc' dir='ltr'>ἱ*</span> <span class='ocrx_word' id='word_1_72' title='bbox 1172 890 1278 983; x_wconf 59' lang='lat' dir='ltr'>Plane</span> <span class='ocrx_word' id='word_1_73' title='bbox 1291 891 1466 981; x_wconf 62' lang='lat' dir='ltr'>imeffissfl</span> <span class='ocrx_word' id='word_1_74' title='bbox 1481 889 1679 982; x_wconf 60' lang='lat' dir='ltr'>Pffllfflums</span> <span class='ocrx_word' id='word_1_75' title='bbox 1700 909 1736 967; x_wconf 70' lang='lat'>⁰²</span> <span class='ocrx_word' id='word_1_76' title='bbox 1751 903 1918 975; x_wconf 57' lang='lat' dir='ltr'>fumuit</span> <span class='ocrx_word' id='word_1_77' title='bbox 1939 928 2048 994; x_wconf 68' lang='lat'><strong>09⁰⁸,</strong></span> <span class='ocrx_word' id='word_1_78' title='bbox 2073 930 2115 979; x_wconf 71' lang='lat'>⁸¹</span> 
     </span>
     <span class='ocr_line' id='line_1_8' title="bbox 88 992 2115 1095; baseline 0.009 -34"><span class='ocrx_word' id='word_1_79' title='bbox 88 1009 257 1078; x_wconf 58' lang='lat' dir='ltr'>varietate</span> <span class='ocrx_word' id='word_1_80' title='bbox 274 1006 523 1095; x_wconf 66' lang='lat' dir='ltr'>negociorum,</span> <span class='ocrx_word' id='word_1_81' title='bbox 549 1003 710 1074; x_wconf 90' lang='lat' dir='ltr'>diversae</span> <span class='ocrx_word' id='word_1_82' title='bbox 725 1001 826 1095; x_wconf 91' lang='lat' dir='ltr'>quasi</span> <span class='ocrx_word' id='word_1_83' title='bbox 841 999 1077 1072; x_wconf 83' lang='lat' dir='ltr'>classesloco.</span> <span class='ocrx_word' id='word_1_84' title='bbox 1128 992 1398 1063; x_wconf 82' lang='lat' dir='ltr'>definitionibus</span> <span class='ocrx_word' id='word_1_85' title='bbox 1413 992 1570 1085; x_wconf 90' lang='lat' dir='ltr'>partium</span> <span class='ocrx_word' id='word_1_86' title='bbox 1583 997 1687 1067; x_wconf 89' lang='lat' dir='ltr'>facile</span> <span class='ocrx_word' id='word_1_87' title='bbox 1701 999 1895 1074; x_wconf 89' lang='lat' dir='ltr'>illustrabit</span> <span class='ocrx_word' id='word_1_88' title='bbox 1915 1009 2055 1090; x_wconf 85' lang='lat' dir='ltr'>omnia,</span> <span class='ocrx_word' id='word_1_89' title='bbox 2078 1025 2115 1080; x_wconf 90' lang='lat' dir='ltr'>et</span> 
     </span>
     <span class='ocr_line' id='line_1_9' title="bbox 88 1093 2158 1197; baseline 0.012 -19"><span class='ocrx_word' id='word_1_90' title='bbox 88 1133 167 1179; x_wconf 91' lang='lat' dir='ltr'>rum</span> <span class='ocrx_word' id='word_1_91' title='bbox 180 1110 368 1179; x_wconf 79' lang='lat' dir='ltr'>faciendae</span> <span class='ocrx_word' id='word_1_92' title='bbox 383 1107 541 1179; x_wconf 86' lang='lat' dir='ltr'>luerunt.</span> <span class='ocrx_word' id='word_1_93' title='bbox 574 1103 664 1173; x_wconf 89' lang='lat' dir='ltr'>Nam</span> <span class='ocrx_word' id='word_1_94' title='bbox 683 1104 772 1172; x_wconf 89' lang='lat' dir='ltr'>aliae</span> <span class='ocrx_word' id='word_1_95' title='bbox 786 1103 971 1183; x_wconf 84' lang='lat' dir='ltr'>materiae,</span> <span class='ocrx_word' id='word_1_96' title='bbox 988 1101 1076 1171; x_wconf 59' lang='lat'><strong>&amp;15⁰⁸</strong></span> <span class='ocrx_word' id='word_1_97' title='bbox 1127 1093 1367 1185; x_wconf 50' lang='grc' dir='ltr'>8ηΨῙῙῘῙΝῌῙ·</span> <span class='ocrx_word' id='word_1_98' title='bbox 1411 1094 2114 1197; x_wconf 51' lang='lat' dir='ltr'>summm³¹l³⁸¹¹¹¹¹¹¹³f⁸pffif⁸hffi</span> <span class='ocrx_word' id='word_1_99' title='bbox 2156 1155 2158 1160; x_wconf 85' lang='lat'>·</span> 
     </span>
     <span class='ocr_line' id='line_1_10' title="bbox 86 1202 2113 1303; baseline 0.003 -26"><span class='ocrx_word' id='word_1_100' title='bbox 86 1210 278 1303; x_wconf 87' lang='lat' dir='ltr'>requirunt</span> <span class='ocrx_word' id='word_1_101' title='bbox 298 1210 407 1280; x_wconf 92' lang='lat' dir='ltr'>locos.</span> <span class='ocrx_word' id='word_1_102' title='bbox 461 1207 644 1297; x_wconf 79' lang='lat' dir='ltr'>ldeoque,</span> <span class='ocrx_word' id='word_1_103' title='bbox 659 1228 724 1290; x_wconf 89' lang='lat' dir='ltr'>ne,</span> <span class='ocrx_word' id='word_1_104' title='bbox 749 1205 779 1274; x_wconf 92' lang='lat' dir='ltr'>si</span> <span class='ocrx_word' id='word_1_105' title='bbox 802 1226 926 1274; x_wconf 88' lang='lat' dir='ltr'>omnes</span> <span class='ocrx_word' id='word_1_106' title='bbox 948 1204 1018 1272; x_wconf 91' lang='lat' dir='ltr'>loci</span> <span class='ocrx_word' id='word_1_107' title='bbox 1035 1202 1075 1272; x_wconf 90' lang='lat' dir='ltr'>iu</span> <span class='ocrx_word' id='word_1_108' title='bbox 1127 1219 1206 1265; x_wconf 92' lang='lat' dir='ltr'>rum</span> <span class='ocrx_word' id='word_1_109' title='bbox 1222 1217 1403 1283; x_wconf 75' lang='lat' dir='ltr'>generum,</span> <span class='ocrx_word' id='word_1_110' title='bbox 1429 1219 1516 1287; x_wconf 91' lang='lat' dir='ltr'>quas</span> <span class='ocrx_word' id='word_1_111' title='bbox 1531 1221 1738 1271; x_wconf 90' lang='lat' dir='ltr'>enumerare</span> <span class='ocrx_word' id='word_1_112' title='bbox 1751 1226 1825 1273; x_wconf 94' lang='lat' dir='ltr'>non</span> <span class='ocrx_word' id='word_1_113' title='bbox 1844 1218 1896 1279; x_wconf 86' lang='grc' dir='ltr'>εει</span> <span class='ocrx_word' id='word_1_114' title='bbox 1910 1231 2011 1297; x_wconf 89' lang='lat' dir='ltr'>opus.</span> <span class='ocrx_word' id='word_1_115' title='bbox 2044 1208 2113 1283; x_wconf 83' lang='lat' dir='ltr'>Fe-</span> 
     </span>
     <span class='ocr_line' id='line_1_11' title="bbox 87 1296 2113 1400; baseline -0 -18"><span class='ocrx_word' id='word_1_116' title='bbox 87 1335 202 1382; x_wconf 91' lang='lat' dir='ltr'>unum</span> <span class='ocrx_word' id='word_1_117' title='bbox 218 1335 382 1380; x_wconf 87' lang='lat' dir='ltr'>acervum</span> <span class='ocrx_word' id='word_1_118' title='bbox 399 1309 555 1398; x_wconf 88' lang='lat' dir='ltr'>congesti</span> <span class='ocrx_word' id='word_1_119' title='bbox 568 1318 703 1386; x_wconf 91' lang='lat' dir='ltr'>essent,</span> <span class='ocrx_word' id='word_1_120' title='bbox 727 1305 881 1374; x_wconf 85' lang='lat' dir='ltr'>difficilis</span> <span class='ocrx_word' id='word_1_121' title='bbox 896 1317 984 1375; x_wconf 80' lang='lat' dir='ltr'>esset</span> <span class='ocrx_word' id='word_1_122' title='bbox 1001 1304 1072 1374; x_wconf 83' lang='lat' dir='ltr'>ele.</span> <span class='ocrx_word' id='word_1_123' title='bbox 1125 1297 1193 1365; x_wconf 89' lang='lat' dir='ltr'>cile</span> <span class='ocrx_word' id='word_1_124' title='bbox 1208 1296 1310 1372; x_wconf 65' lang='lat' dir='ltr'>enim,</span> <span class='ocrx_word' id='word_1_125' title='bbox 1321 1309 1372 1367; x_wconf 91' lang='lat' dir='ltr'>est</span> <span class='ocrx_word' id='word_1_126' title='bbox 1387 1298 1555 1385; x_wconf 90' lang='lat' dir='ltr'>iudicare,</span> <span class='ocrx_word' id='word_1_127' title='bbox 1571 1324 1661 1392; x_wconf 91' lang='lat' dir='ltr'>quae</span> <span class='ocrx_word' id='word_1_128' title='bbox 1676 1306 1807 1395; x_wconf 90' lang='lat' dir='ltr'>species</span> <span class='ocrx_word' id='word_1_129' title='bbox 1823 1307 1868 1376; x_wconf 91' lang='lat' dir='ltr'>ad</span> <span class='ocrx_word' id='word_1_130' title='bbox 1886 1312 1984 1400; x_wconf 92' lang='lat' dir='ltr'>quod</span> <span class='ocrx_word' id='word_1_131' title='bbox 2001 1332 2113 1399; x_wconf 88' lang='lat' dir='ltr'>genus</span> 
     </span>
     <span class='ocr_line' id='line_1_12' title="bbox 86 1398 2113 1501; baseline 0.004 -24"><span class='ocrx_word' id='word_1_132' title='bbox 86 1412 177 1497; x_wconf 90' lang='lat' dir='ltr'>ctio,</span> <span class='ocrx_word' id='word_1_133' title='bbox 210 1411 379 1481; x_wconf 88' lang='lat' dir='ltr'>materiae</span> <span class='ocrx_word' id='word_1_134' title='bbox 409 1410 679 1491; x_wconf 81' lang='lat' dir='ltr'>discernuntur,</span> <span class='ocrx_word' id='word_1_135' title='bbox 713 1421 753 1478; x_wconf 88' lang='lat' dir='ltr'>ut</span> <span class='ocrx_word' id='word_1_136' title='bbox 785 1406 931 1477; x_wconf 84' lang='lat' dir='ltr'>cuilibet</span> <span class='ocrx_word' id='word_1_137' title='bbox 952 1405 1073 1494; x_wconf 85' lang='lat' dir='ltr'>generi</span> <span class='ocrx_word' id='word_1_138' title='bbox 1128 1398 1339 1488; x_wconf 82' lang='lat' dir='ltr'>pertineant.</span> <span class='ocrx_word' id='word_1_139' title='bbox 1390 1399 1449 1467; x_wconf 87' lang='lat' dir='ltr'>Ad</span> <span class='ocrx_word' id='word_1_140' title='bbox 1462 1402 1783 1475; x_wconf 66' lang='lat' dir='ltr'>,demonstrativum</span> <span class='ocrx_word' id='word_1_141' title='bbox 1807 1409 1961 1497; x_wconf 77' lang='lat' dir='ltr'>pertinet</span> <span class='ocrx_word' id='word_1_142' title='bbox 1981 1412 2113 1501; x_wconf 83' lang='lat' dir='ltr'>gratiu-</span> 
     </span>
    </p>
   </div>
   <div class='ocr_carea' id='block_1_5' title="bbox 86 1500 2242 1603">
    <p class='ocr_par' dir='ltr' id='par_1_7' title="bbox 86 1500 2242 1603">
     <span class='ocr_line' id='line_1_13' title="bbox 86 1500 2242 1603; baseline 0.003 -21"><span class='ocrx_word' id='word_1_143' title='bbox 86 1514 143 1582; x_wconf 88' lang='lat' dir='ltr'>sui</span> <span class='ocrx_word' id='word_1_144' title='bbox 158 1513 228 1582; x_wconf 86' lang='lat' dir='ltr'>loci</span> <span class='ocrx_word' id='word_1_145' title='bbox 245 1512 373 1580; x_wconf 88' lang='lat' dir='ltr'>subiici</span> <span class='ocrx_word' id='word_1_146' title='bbox 388 1511 536 1603; x_wconf 88' lang='lat' dir='ltr'>possint,</span> <span class='ocrx_word' id='word_1_147' title='bbox 564 1522 598 1578; x_wconf 89' lang='lat' dir='ltr'>et</span> <span class='ocrx_word' id='word_1_148' title='bbox 611 1503 831 1597; x_wconf 87' lang='lat' dir='ltr'>deprehenso</span> <span class='ocrx_word' id='word_1_149' title='bbox 848 1530 974 1596; x_wconf 86' lang='lat' dir='ltr'>genere</span> <span class='ocrx_word' id='word_1_150' title='bbox 989 1530 1073 1576; x_wconf 85' lang='lat' dir='ltr'>eau-</span> <span class='ocrx_word' id='word_1_151' title='bbox 1127 1522 1206 1568; x_wconf 87' lang='lat' dir='ltr'>rum</span> <span class='ocrx_word' id='word_1_152' title='bbox 1237 1500 1348 1585; x_wconf 88' lang='lat' dir='ltr'>actio,</span> <span class='ocrx_word' id='word_1_153' title='bbox 1389 1500 1576 1571; x_wconf 85' lang='lat' dir='ltr'>laudamus</span> <span class='ocrx_word' id='word_1_154' title='bbox 1610 1504 1721 1574; x_wconf 90' lang='lat' dir='ltr'>euim·</span> <span class='ocrx_word' id='word_1_155' title='bbox 1737 1508 1959 1582; x_wconf 87' lang='lat' dir='ltr'>beneficium.</span> <span class='ocrx_word' id='word_1_156' title='bbox 2012 1513 2112 1586; x_wconf 88' lang='lat' dir='ltr'>Talis</span> <span class='ocrx_word' id='word_1_157' title='bbox 2234 1524 2242 1553; x_wconf 62' lang='lat'>&#39;⁸</span> 
     </span>
    </p>
   </div>
   <div class='ocr_carea' id='block_1_6' title="bbox 84 1600 2111 2509">
    <p class='ocr_par' dir='ltr' id='par_1_8' title="bbox 84 1600 2111 2509">
     <span class='ocr_line' id='line_1_14' title="bbox 86 1600 2111 1706; baseline 0 -23"><span class='ocrx_word' id='word_1_158' title='bbox 86 1637 156 1698; x_wconf 91' lang='lat' dir='ltr'>sae,</span> <span class='ocrx_word' id='word_1_159' title='bbox 181 1614 282 1706; x_wconf 87' lang='lat' dir='ltr'>quasi</span> <span class='ocrx_word' id='word_1_160' title='bbox 297 1613 452 1702; x_wconf 88' lang='lat' dir='ltr'>regione,</span> <span class='ocrx_word' id='word_1_161' title='bbox 474 1611 591 1681; x_wconf 89' lang='lat' dir='ltr'>statim</span> <span class='ocrx_word' id='word_1_162' title='bbox 606 1609 692 1679; x_wconf 89' lang='lat' dir='ltr'>sciat</span> <span class='ocrx_word' id='word_1_163' title='bbox 705 1608 969 1702; x_wconf 89' lang='lat' dir='ltr'>unusquisque,</span> <span class='ocrx_word' id='word_1_164' title='bbox 992 1607 1073 1700; x_wconf 80' lang='lat' dir='ltr'>qni.</span> <span class='ocrx_word' id='word_1_165' title='bbox 1126 1614 1176 1669; x_wconf 88' lang='lat' dir='ltr'>est</span> <span class='ocrx_word' id='word_1_166' title='bbox 1190 1601 1304 1671; x_wconf 88' lang='lat' dir='ltr'>oratio</span> <span class='ocrx_word' id='word_1_167' title='bbox 1320 1624 1386 1692; x_wconf 89' lang='lat' dir='ltr'>pro</span> <span class='ocrx_word' id='word_1_168' title='bbox 1402 1601 1454 1677; x_wconf 88' lang='lat' dir='ltr'>M.</span> <span class='ocrx_word' id='word_1_169' title='bbox 1469 1600 1653 1679; x_wconf 82' lang='lat' dir='ltr'>Marcello.</span> <span class='ocrx_word' id='word_1_170' title='bbox 1705 1605 1781 1678; x_wconf 89' lang='lat' dir='ltr'>Sub</span> <span class='ocrx_word' id='word_1_171' title='bbox 1797 1611 2028 1683; x_wconf 87' lang='lat' dir='ltr'>deliberativo</span> <span class='ocrx_word' id='word_1_172' title='bbox 2046 1640 2111 1705; x_wconf 88' lang='lat' dir='ltr'>po·</span> 
     </span>
     <span class='ocr_line' id='line_1_15' title="bbox 84 1701 2111 1807; baseline 0.001 -23"><span class='ocrx_word' id='word_1_173' title='bbox 84 1701 153 1784; x_wconf 83' lang='lat' dir='ltr'>bus</span> <span class='ocrx_word' id='word_1_174' title='bbox 170 1715 257 1784; x_wconf 90' lang='lat' dir='ltr'>locis</span> <span class='ocrx_word' id='word_1_175' title='bbox 272 1728 345 1785; x_wconf 92' lang='lat' dir='ltr'>tota</span> <span class='ocrx_word' id='word_1_176' title='bbox 361 1736 416 1783; x_wconf 89' lang='lat' dir='ltr'>res</span> <span class='ocrx_word' id='word_1_177' title='bbox 432 1711 568 1782; x_wconf 90' lang='lat' dir='ltr'>includi</span> <span class='ocrx_word' id='word_1_178' title='bbox 582 1712 719 1784; x_wconf 90' lang='lat' dir='ltr'>debeat.</span> <span class='ocrx_word' id='word_1_179' title='bbox 756 1707 855 1797; x_wconf 86' lang='lat' dir='ltr'>Quas</span> <span class='ocrx_word' id='word_1_180' title='bbox 868 1723 986 1780; x_wconf 92' lang='lat' dir='ltr'>autem</span> <span class='ocrx_word' id='word_1_181' title='bbox 1001 1709 1073 1778; x_wconf 87' lang='lat' dir='ltr'>uti·</span> <span class='ocrx_word' id='word_1_182' title='bbox 1125 1704 1262 1770; x_wconf 86' lang='lat' dir='ltr'>nendae</span> <span class='ocrx_word' id='word_1_183' title='bbox 1282 1716 1366 1771; x_wconf 88' lang='lat' dir='ltr'>suut</span> <span class='ocrx_word' id='word_1_184' title='bbox 1382 1704 1588 1794; x_wconf 90' lang='lat' dir='ltr'>petitiones,</span> <span class='ocrx_word' id='word_1_185' title='bbox 1614 1709 1960 1798; x_wconf 84' lang='lat' dir='ltr'>commendationes,</span> <span class='ocrx_word' id='word_1_186' title='bbox 1985 1702 2111 1807; x_wconf 87' lang='lat' dir='ltr'>deprc-</span> 
     </span>
     <span class='ocr_line' id='line_1_16' title="bbox 84 1804 2111 1906; baseline -0 -20"><span class='ocrx_word' id='word_1_187' title='bbox 84 1817 203 1886; x_wconf 90' lang='lat' dir='ltr'>litates</span> <span class='ocrx_word' id='word_1_188' title='bbox 221 1829 397 1906; x_wconf 87' lang='lat' dir='ltr'>praeterea</span> <span class='ocrx_word' id='word_1_189' title='bbox 412 1809 537 1883; x_wconf 88' lang='lat' dir='ltr'>habeat</span> <span class='ocrx_word' id='word_1_190' title='bbox 555 1807 641 1881; x_wconf 91' lang='lat' dir='ltr'>haec</span> <span class='ocrx_word' id='word_1_191' title='bbox 664 1812 893 1899; x_wconf 76' lang='lat' dir='ltr'>negociorum</span> <span class='ocrx_word' id='word_1_192' title='bbox 916 1811 1072 1899; x_wconf 90' lang='lat' dir='ltr'>partitio,</span> <span class='ocrx_word' id='word_1_193' title='bbox 1124 1804 1301 1883; x_wconf 70' lang='lat' dir='ltr'>cationes,</span> <span class='ocrx_word' id='word_1_194' title='bbox 1329 1804 1616 1892; x_wconf 83' lang='lat' dir='ltr'>cumulationes,</span> <span class='ocrx_word' id='word_1_195' title='bbox 1650 1809 1933 1900; x_wconf 89' lang='lat' dir='ltr'>obiurgationes,</span> <span class='ocrx_word' id='word_1_196' title='bbox 1949 1830 1998 1887; x_wconf 78' lang='lat' dir='ltr'>,et</span> <span class='ocrx_word' id='word_1_197' title='bbox 2021 1818 2111 1891; x_wconf 84' lang='lat' dir='ltr'>aliae</span> 
     </span>
     <span class='ocr_line' id='line_1_17' title="bbox 85 1904 2109 2008; baseline 0 -22"><span class='ocrx_word' id='word_1_198' title='bbox 85 1919 191 2008; x_wconf 83' lang='lat' dir='ltr'>paulo</span> <span class='ocrx_word' id='word_1_199' title='bbox 210 1932 288 2006; x_wconf 89' lang='lat' dir='ltr'>post</span> <span class='ocrx_word' id='word_1_200' title='bbox 304 1917 548 1999; x_wconf 84' lang='lat' dir='ltr'>ostendemus,</span> <span class='ocrx_word' id='word_1_201' title='bbox 573 1912 761 2003; x_wconf 90' lang='lat' dir='ltr'>propositis</span> <span class='ocrx_word' id='word_1_202' title='bbox 778 1913 956 2002; x_wconf 86' lang='lat' dir='ltr'>exemplis.</span> <span class='ocrx_word' id='word_1_203' title='bbox 1124 1905 1255 1973; x_wconf 89' lang='lat' dir='ltr'>multae</span> <span class='ocrx_word' id='word_1_204' title='bbox 1271 1904 1421 1994; x_wconf 90' lang='lat' dir='ltr'>species,</span> <span class='ocrx_word' id='word_1_205' title='bbox 1445 1930 1532 1998; x_wconf 90' lang='lat' dir='ltr'>quas</span> <span class='ocrx_word' id='word_1_206' title='bbox 1549 1926 1705 1981; x_wconf 85' lang='lat' dir='ltr'>recenset</span> <span class='ocrx_word' id='word_1_207' title='bbox 1718 1908 1888 1985; x_wconf 77' lang='lat' dir='ltr'>Erasmus</span> <span class='ocrx_word' id='word_1_208' title='bbox 1910 1917 1949 1984; x_wconf 91' lang='lat' dir='ltr'>in</span> <span class='ocrx_word' id='word_1_209' title='bbox 1971 1919 2109 1989; x_wconf 89' lang='lat' dir='ltr'>ratione</span> 
     </span>
     <span class='ocr_line' id='line_1_18' title="bbox 187 2004 1661 2106; baseline 0.003 -21"><span class='ocrx_word' id='word_1_210' title='bbox 187 2016 305 2106; x_wconf 78' lang='lat' dir='ltr'>Vulgo</span> <span class='ocrx_word' id='word_1_211' title='bbox 322 2017 390 2085; x_wconf 90' lang='lat' dir='ltr'>tria</span> <span class='ocrx_word' id='word_1_212' title='bbox 411 2022 601 2087; x_wconf 87' lang='lat' dir='ltr'>&#39;numerant</span> <span class='ocrx_word' id='word_1_213' title='bbox 616 2036 742 2103; x_wconf 88' lang='lat' dir='ltr'>genera</span> <span class='ocrx_word' id='word_1_214' title='bbox 766 2036 961 2095; x_wconf 87' lang='lat' dir='ltr'>causarum.</span> <span class='ocrx_word' id='word_1_215' title='bbox 997 2008 1070 2081; x_wconf 90' lang='lat' dir='ltr'>De·</span> <span class='ocrx_word' id='word_1_216' title='bbox 1124 2005 1389 2076; x_wconf 67' lang='lat' dir='ltr'>scribendarum</span> <span class='ocrx_word' id='word_1_217' title='bbox 1405 2004 1661 2096; x_wconf 84' lang='lat' dir='ltr'>Epistularum.</span> 
     </span>
     <span class='ocr_line' id='line_1_19' title="bbox 84 2113 1068 2209; baseline -0.005 -22"><span class='ocrx_word' id='word_1_218' title='bbox 84 2119 377 2200; x_wconf 80' lang='lat' dir='ltr'>monstrativum,</span> <span class='ocrx_word' id='word_1_219' title='bbox 411 2141 482 2209; x_wconf 91' lang='lat' dir='ltr'>quo</span> <span class='ocrx_word' id='word_1_220' title='bbox 506 2116 709 2184; x_wconf 89' lang='lat' dir='ltr'>continetur</span> <span class='ocrx_word' id='word_1_221' title='bbox 731 2114 809 2183; x_wconf 90' lang='lat' dir='ltr'>laus</span> <span class='ocrx_word' id='word_1_222' title='bbox 831 2126 865 2184; x_wconf 90' lang='lat' dir='ltr'>et</span> <span class='ocrx_word' id='word_1_223' title='bbox 890 2113 1068 2201; x_wconf 81' lang='lat' dir='ltr'>vitupera·</span> 
     </span>
     <span class='ocr_line' id='line_1_20' title="bbox 84 2215 1068 2308; baseline -0.008 -18"><span class='ocrx_word' id='word_1_224' title='bbox 84 2220 146 2292; x_wconf 90' lang='lat' dir='ltr'>tio.</span> <span class='ocrx_word' id='word_1_225' title='bbox 197 2217 498 2300; x_wconf 87' lang='lat' dir='ltr'>Deliberativum‚</span> <span class='ocrx_word' id='word_1_226' title='bbox 526 2216 621 2308; x_wconf 91' lang='lat' dir='ltr'>quod</span> <span class='ocrx_word' id='word_1_227' title='bbox 644 2227 803 2284; x_wconf 88' lang='lat' dir='ltr'>versatur</span> <span class='ocrx_word' id='word_1_228' title='bbox 824 2215 864 2282; x_wconf 93' lang='lat' dir='ltr'>in</span> <span class='ocrx_word' id='word_1_229' title='bbox 887 2215 1068 2282; x_wconf 89' lang='lat' dir='ltr'>suadendo</span> 
     </span>
     <span class='ocr_line' id='line_1_21' title="bbox 84 2309 2106 2411; baseline 0.004 -22"><span class='ocrx_word' id='word_1_230' title='bbox 84 2335 116 2390; x_wconf 89' lang='lat' dir='ltr'>et</span> <span class='ocrx_word' id='word_1_231' title='bbox 132 2320 385 2389; x_wconf 88' lang='lat' dir='ltr'>dissuadendo.</span> <span class='ocrx_word' id='word_1_232' title='bbox 438 2315 632 2404; x_wconf 85' lang='lat' dir='ltr'>ludiciale,</span> <span class='ocrx_word' id='word_1_233' title='bbox 658 2316 755 2407; x_wconf 92' lang='lat' dir='ltr'>quod</span> <span class='ocrx_word' id='word_1_234' title='bbox 773 2327 904 2401; x_wconf 88' lang='lat' dir='ltr'>tractat</span> <span class='ocrx_word' id='word_1_235' title='bbox 926 2328 1067 2408; x_wconf 85' lang='lat' dir='ltr'>contro·</span> <span class='ocrx_word' id='word_1_236' title='bbox 1223 2309 1272 2381; x_wconf 94' lang='lat' dir='ltr'>Ut</span> <span class='ocrx_word' id='word_1_237' title='bbox 1286 2310 1400 2381; x_wconf 89' lang='lat' dir='ltr'>sciant</span> <span class='ocrx_word' id='word_1_238' title='bbox 1414 2313 1670 2401; x_wconf 87' lang='lat' dir='ltr'>adolescentes,</span> <span class='ocrx_word' id='word_1_239' title='bbox 1695 2322 1840 2411; x_wconf 90' lang='lat' dir='ltr'>quando</span> <span class='ocrx_word' id='word_1_240' title='bbox 1853 2322 2005 2396; x_wconf 88' lang='lat' dir='ltr'>debeant</span> <span class='ocrx_word' id='word_1_241' title='bbox 2019 2349 2106 2397; x_wconf 86' lang='lat' dir='ltr'>eou-</span> 
     </span>
     <span class='ocr_line' id='line_1_22' title="bbox 84 2410 2105 2509; baseline 0.005 -21"><span class='ocrx_word' id='word_1_242' title='bbox 84 2420 215 2490; x_wconf 90' lang='lat' dir='ltr'>versias</span> <span class='ocrx_word' id='word_1_243' title='bbox 237 2422 407 2490; x_wconf 87' lang='lat' dir='ltr'>forenses.</span> <span class='ocrx_word' id='word_1_244' title='bbox 471 2413 548 2505; x_wconf 83' lang='lat' dir='ltr'>Ego</span> <span class='ocrx_word' id='word_1_245' title='bbox 576 2416 780 2485; x_wconf 88' lang='lat' dir='ltr'>addendum</span> <span class='ocrx_word' id='word_1_246' title='bbox 806 2438 932 2485; x_wconf 90' lang='lat' dir='ltr'>censeo</span> <span class='ocrx_word' id='word_1_247' title='bbox 961 2410 1069 2486; x_wconf 77' lang='lat' dir='ltr'>deda-</span> <span class='ocrx_word' id='word_1_248' title='bbox 1120 2412 1236 2480; x_wconf 89' lang='lat' dir='ltr'>sulere</span> <span class='ocrx_word' id='word_1_249' title='bbox 1250 2413 1348 2482; x_wconf 90' lang='lat' dir='ltr'>locos</span> <span class='ocrx_word' id='word_1_250' title='bbox 1365 2412 1596 2495; x_wconf 90' lang='lat' dir='ltr'>inventionis,</span> <span class='ocrx_word' id='word_1_251' title='bbox 1615 2417 1771 2509; x_wconf 78' lang='lat' dir='ltr'>primum</span> <span class='ocrx_word' id='word_1_252' title='bbox 1785 2416 1853 2491; x_wconf 90' lang='lat' dir='ltr'>hoc</span> <span class='ocrx_word' id='word_1_253' title='bbox 1867 2427 2105 2509; x_wconf 89' lang='lat' dir='ltr'>meminerint,</span> 
     </span>
    </p>
   </div>
   <div class='ocr_carea' id='block_1_7' title="bbox 1214 2172 2003 2280">
    <p class='ocr_par' dir='ltr' id='par_1_9' title="bbox 1214 2172 2003 2280">
     <span class='ocr_line' id='line_1_23' title="bbox 1214 2172 2003 2280; baseline 0.022 -35"><span class='ocrx_word' id='word_1_254' title='bbox 1214 2173 1276 2247; x_wconf 86' lang='lat' dir='ltr'>Ad</span> <span class='ocrx_word' id='word_1_255' title='bbox 1291 2172 1383 2270; x_wconf 80' lang='lat' dir='ltr'>quid</span> <span class='ocrx_word' id='word_1_256' title='bbox 1399 2174 1587 2248; x_wconf 83' lang='lat' dir='ltr'>conducat</span> <span class='ocrx_word' id='word_1_257' title='bbox 1603 2200 1710 2251; x_wconf 82' lang='lat' dir='ltr'>nosse</span> <span class='ocrx_word' id='word_1_258' title='bbox 1720 2204 1843 2280; x_wconf 74' lang='lat' dir='ltr'>genus</span> <span class='ocrx_word' id='word_1_259' title='bbox 1855 2208 2003 2262; x_wconf 74' lang='lat' dir='ltr'>emesae.</span> 
     </span>
    </p>
   </div>
   <div class='ocr_carea' id='block_1_8' title="bbox 83 2513 2236 2614">
    <p class='ocr_par' dir='ltr' id='par_1_10' title="bbox 83 2513 2236 2614">
     <span class='ocr_line' id='line_1_24' title="bbox 83 2513 2236 2614; baseline 0.012 -36"><span class='ocrx_word' id='word_1_260' title='bbox 83 2517 392 2610; x_wconf 61' lang='grc' dir='ltr'><strong>σχαλιχὸγςεηηε,</strong></span> <span class='ocrx_word' id='word_1_261' title='bbox 418 2521 514 2612; x_wconf 89' lang='lat' dir='ltr'>quod</span> <span class='ocrx_word' id='word_1_262' title='bbox 529 2517 593 2587; x_wconf 91' lang='lat' dir='ltr'>etsi</span> <span class='ocrx_word' id='word_1_263' title='bbox 608 2518 653 2585; x_wconf 89' lang='lat' dir='ltr'>ad</span> <span class='ocrx_word' id='word_1_264' title='bbox 669 2515 888 2586; x_wconf 86' lang='lat' dir='ltr'>dialecticam</span> <span class='ocrx_word' id='word_1_265' title='bbox 899 2516 1065 2607; x_wconf 91' lang='lat' dir='ltr'>pertinet,</span> <span class='ocrx_word' id='word_1_266' title='bbox 1120 2513 1216 2581; x_wconf 89' lang='lat' dir='ltr'>locos</span> <span class='ocrx_word' id='word_1_267' title='bbox 1231 2536 1305 2583; x_wconf 93' lang='lat' dir='ltr'>non</span> <span class='ocrx_word' id='word_1_268' title='bbox 1322 2513 1484 2582; x_wconf 86' lang='lat' dir='ltr'>conferre</span> <span class='ocrx_word' id='word_1_269' title='bbox 1499 2518 1542 2585; x_wconf 92' lang='lat' dir='ltr'>ad</span> <span class='ocrx_word' id='word_1_270' title='bbox 1558 2517 1813 2590; x_wconf 88' lang='lat' dir='ltr'>inveniendum</span> <span class='ocrx_word' id='word_1_271' title='bbox 1831 2526 2029 2612; x_wconf 85' lang='lat' dir='ltr'>negocium,</span> <span class='ocrx_word' id='word_1_272' title='bbox 2044 2553 2106 2600; x_wconf 90' lang='lat' dir='ltr'>seu</span> <span class='ocrx_word' id='word_1_273' title='bbox 2232 2609 2236 2614; x_wconf 60' lang='grc'><strong>,</strong></span> 
     </span>
    </p>
   </div>
   <div class='ocr_carea' id='block_1_9' title="bbox 80 2613 2141 3017">
    <p class='ocr_par' dir='ltr' id='par_1_11' title="bbox 80 2613 2107 2712">
     <span class='ocr_line' id='line_1_25' title="bbox 80 2613 2107 2712; baseline 0.006 -21"><span class='ocrx_word' id='word_1_274' title='bbox 80 2639 221 2706; x_wconf 86' lang='lat' dir='ltr'>tamen,</span> <span class='ocrx_word' id='word_1_275' title='bbox 245 2622 309 2692; x_wconf 92' lang='lat' dir='ltr'>ubi</span> <span class='ocrx_word' id='word_1_276' title='bbox 323 2621 550 2711; x_wconf 87' lang='lat' dir='ltr'>negociorum</span> <span class='ocrx_word' id='word_1_277' title='bbox 570 2640 697 2707; x_wconf 86' lang='lat' dir='ltr'>genera</span> <span class='ocrx_word' id='word_1_278' title='bbox 723 2631 967 2702; x_wconf 88' lang='lat' dir='ltr'>recensentur,</span> <span class='ocrx_word' id='word_1_279' title='bbox 992 2641 1066 2686; x_wconf 92' lang='lat' dir='ltr'>non</span> <span class='ocrx_word' id='word_1_280' title='bbox 1119 2613 1271 2705; x_wconf 88' lang='lat' dir='ltr'>primam</span> <span class='ocrx_word' id='word_1_281' title='bbox 1301 2615 1556 2707; x_wconf 89' lang='lat' dir='ltr'>quaestionem.</span> <span class='ocrx_word' id='word_1_282' title='bbox 1615 2618 1794 2712; x_wconf 83' lang='lat' dir='ltr'>Tempora</span> <span class='ocrx_word' id='word_1_283' title='bbox 1826 2626 1923 2696; x_wconf 91' lang='lat' dir='ltr'>enim</span> <span class='ocrx_word' id='word_1_284' title='bbox 1949 2628 2107 2702; x_wconf 87' lang='lat' dir='ltr'>offerunt</span> 
     </span>
    </p>

    <p class='ocr_par' dir='ltr' id='par_1_12' title="bbox 80 2713 2141 3017">
     <span class='ocr_line' id='line_1_26' title="bbox 81 2713 2141 2816; baseline 0.006 -26"><span class='ocrx_word' id='word_1_285' title='bbox 81 2739 134 2795; x_wconf 86' lang='lat' dir='ltr'>est</span> <span class='ocrx_word' id='word_1_286' title='bbox 149 2724 523 2816; x_wconf 88' lang='lat' dir='ltr'>praetermittendum,</span> <span class='ocrx_word' id='word_1_287' title='bbox 544 2718 768 2810; x_wconf 86' lang='lat' dir='ltr'>praesertim,</span> <span class='ocrx_word' id='word_1_288' title='bbox 794 2742 874 2788; x_wconf 92' lang='lat' dir='ltr'>cum</span> <span class='ocrx_word' id='word_1_289' title='bbox 891 2713 959 2788; x_wconf 89' lang='lat' dir='ltr'>hoc</span> <span class='ocrx_word' id='word_1_290' title='bbox 978 2733 1078 2788; x_wconf 68' lang='lat' dir='ltr'>tem-1</span> <span class='ocrx_word' id='word_1_291' title='bbox 1120 2716 1328 2813; x_wconf 86' lang='lat' dir='ltr'>negocium,</span> <span class='ocrx_word' id='word_1_292' title='bbox 1353 2729 1394 2785; x_wconf 91' lang='lat' dir='ltr'>ut</span> <span class='ocrx_word' id='word_1_293' title='bbox 1410 2716 1693 2806; x_wconf 86' lang='lat' dir='ltr'>litigatordefert</span> <span class='ocrx_word' id='word_1_294' title='bbox 1714 2725 1900 2814; x_wconf 86' lang='lat' dir='ltr'>negocium</span> <span class='ocrx_word' id='word_1_295' title='bbox 1923 2730 1969 2799; x_wconf 93' lang='lat' dir='ltr'>ad</span> <span class='ocrx_word' id='word_1_296' title='bbox 1989 2733 2105 2803; x_wconf 86' lang='lat' dir='ltr'>causi-</span> <span class='ocrx_word' id='word_1_297' title='bbox 2137 2714 2141 2719; x_wconf 36' lang='lat'>⁵</span> 
     </span>
     <span class='ocr_line' id='line_1_27' title="bbox 81 2812 2104 2917; baseline 0.007 -27"><span class='ocrx_word' id='word_1_298' title='bbox 81 2850 168 2917; x_wconf 89' lang='lat' dir='ltr'>pore</span> <span class='ocrx_word' id='word_1_299' title='bbox 182 2825 240 2894; x_wconf 88' lang='lat' dir='ltr'>vel</span> <span class='ocrx_word' id='word_1_300' title='bbox 257 2826 447 2895; x_wconf 83' lang='lat' dir='ltr'>maximum</span> <span class='ocrx_word' id='word_1_301' title='bbox 463 2842 566 2892; x_wconf 91' lang='lat' dir='ltr'>usum</span> <span class='ocrx_word' id='word_1_302' title='bbox 585 2821 625 2888; x_wconf 92' lang='lat' dir='ltr'>in</span> <span class='ocrx_word' id='word_1_303' title='bbox 641 2815 808 2890; x_wconf 82' lang='lat' dir='ltr'>Ecclesiis</span> <span class='ocrx_word' id='word_1_304' title='bbox 831 2815 978 2903; x_wconf 86' lang='lat' dir='ltr'>habeat,</span> <span class='ocrx_word' id='word_1_305' title='bbox 1003 2820 1067 2890; x_wconf 90' lang='lat' dir='ltr'>ubi</span> <span class='ocrx_word' id='word_1_306' title='bbox 1119 2818 1250 2888; x_wconf 92' lang='lat' dir='ltr'>dicum.</span> <span class='ocrx_word' id='word_1_307' title='bbox 1297 2812 1446 2887; x_wconf 87' lang='lat' dir='ltr'>Ducenti</span> <span class='ocrx_word' id='word_1_308' title='bbox 1465 2818 1504 2886; x_wconf 91' lang='lat' dir='ltr'>in</span> <span class='ocrx_word' id='word_1_309' title='bbox 1519 2815 1698 2907; x_wconf 85' lang='lat' dir='ltr'>Ecclesia,</span> <span class='ocrx_word' id='word_1_310' title='bbox 1724 2839 1817 2896; x_wconf 91' lang='lat' dir='ltr'>certa</span> <span class='ocrx_word' id='word_1_311' title='bbox 1835 2830 1981 2902; x_wconf 82' lang='lat' dir='ltr'>materia</span> <span class='ocrx_word' id='word_1_312' title='bbox 1996 2831 2036 2901; x_wconf 90' lang='lat' dir='ltr'>in</span> <span class='ocrx_word' id='word_1_313' title='bbox 2048 2855 2104 2904; x_wconf 87' lang='lat' dir='ltr'>se-</span> 
     </span>
     <span class='ocr_line' id='line_1_28' title="bbox 80 2915 2105 3017; baseline 0.004 -21"><span class='ocrx_word' id='word_1_314' title='bbox 80 2952 156 2997; x_wconf 90' lang='lat' dir='ltr'>non</span> <span class='ocrx_word' id='word_1_315' title='bbox 182 2939 323 2998; x_wconf 90' lang='lat' dir='ltr'>tantum</span> <span class='ocrx_word' id='word_1_316' title='bbox 354 2922 533 2996; x_wconf 87' lang='lat' dir='ltr'>suasoriae</span> <span class='ocrx_word' id='word_1_317' title='bbox 555 2919 744 2990; x_wconf 90' lang='lat' dir='ltr'>conciones</span> <span class='ocrx_word' id='word_1_318' title='bbox 766 2915 951 2990; x_wconf 89' lang='lat' dir='ltr'>habendae</span> <span class='ocrx_word' id='word_1_319' title='bbox 973 2933 1067 3005; x_wconf 88' lang='lat' dir='ltr'>sunt,</span> <span class='ocrx_word' id='word_1_320' title='bbox 1120 2917 1188 2985; x_wconf 88' lang='lat' dir='ltr'>cris</span> <span class='ocrx_word' id='word_1_321' title='bbox 1204 2916 1317 2985; x_wconf 86' lang='lat' dir='ltr'>literis</span> <span class='ocrx_word' id='word_1_322' title='bbox 1333 2920 1546 3009; x_wconf 86' lang='lat' dir='ltr'>praescripta</span> <span class='ocrx_word' id='word_1_323' title='bbox 1567 2934 1640 3006; x_wconf 90' lang='lat' dir='ltr'>est,</span> <span class='ocrx_word' id='word_1_324' title='bbox 1662 2947 1767 3015; x_wconf 80' lang='lat' dir='ltr'>quam</span> <span class='ocrx_word' id='word_1_325' title='bbox 1792 2918 1968 3017; x_wconf 79' lang='lat' dir='ltr'>explicare</span> <span class='ocrx_word' id='word_1_326' title='bbox 1989 2934 2105 3005; x_wconf 81' lang='lat' dir='ltr'>debet.</span> 
     </span>
    </p>
   </div>
   <div class='ocr_carea' id='block_1_10' title="bbox 81 3014 2224 3116">
    <p class='ocr_par' dir='ltr' id='par_1_13' title="bbox 81 3014 2224 3116">
     <span class='ocr_line' id='line_1_29' title="bbox 81 3014 2224 3116; baseline 0.004 -20"><span class='ocrx_word' id='word_1_327' title='bbox 81 3032 141 3098; x_wconf 88' lang='lat' dir='ltr'>sed</span> <span class='ocrx_word' id='word_1_328' title='bbox 163 3027 278 3097; x_wconf 91' lang='lat' dir='ltr'>multo</span> <span class='ocrx_word' id='word_1_329' title='bbox 298 3027 439 3116; x_wconf 88' lang='lat' dir='ltr'>saepius</span> <span class='ocrx_word' id='word_1_330' title='bbox 466 3019 632 3094; x_wconf 87' lang='lat' dir='ltr'>homines</span> <span class='ocrx_word' id='word_1_331' title='bbox 663 3021 928 3091; x_wconf 89' lang='lat' dir='ltr'>dialecticorum</span> <span class='ocrx_word' id='word_1_332' title='bbox 958 3045 1067 3106; x_wconf 85' lang='lat' dir='ltr'>more,</span> <span class='ocrx_word' id='word_1_333' title='bbox 1121 3015 1163 3084; x_wconf 93' lang='lat' dir='ltr'>ln</span> <span class='ocrx_word' id='word_1_334' title='bbox 1186 3014 1358 3108; x_wconf 84' lang='lat' dir='ltr'>Epistolis</span> <span class='ocrx_word' id='word_1_335' title='bbox 1383 3020 1579 3089; x_wconf 82' lang='lat' dir='ltr'>scribendis</span> <span class='ocrx_word' id='word_1_336' title='bbox 1611 3025 1726 3094; x_wconf 88' lang='lat' dir='ltr'>variae</span> <span class='ocrx_word' id='word_1_337' title='bbox 1754 3028 1971 3116; x_wconf 89' lang='lat' dir='ltr'>occasiones,</span> <span class='ocrx_word' id='word_1_338' title='bbox 2003 3036 2103 3104; x_wconf 84' lang='lat' dir='ltr'>varia</span> <span class='ocrx_word' id='word_1_339' title='bbox 2221 3081 2224 3089; x_wconf 89' lang='lat'><em>·</em></span> 
     </span>
    </p>
   </div>
   <div class='ocr_carea' id='block_1_11' title="bbox 75 3119 2157 5150">
    <p class='ocr_par' dir='ltr' id='par_1_14' title="bbox 75 3119 2157 4533">
     <span class='ocr_line' id='line_1_30' title="bbox 82 3119 2102 3218; baseline 0.006 -26"><span class='ocrx_word' id='word_1_340' title='bbox 82 3132 126 3198; x_wconf 81' lang='lat' dir='ltr'>de</span> <span class='ocrx_word' id='word_1_341' title='bbox 141 3130 367 3218; x_wconf 85' lang='lat' dir='ltr'>dogmatibus</span> <span class='ocrx_word' id='word_1_342' title='bbox 381 3125 564 3213; x_wconf 91' lang='lat' dir='ltr'>religionis</span> <span class='ocrx_word' id='word_1_343' title='bbox 580 3123 732 3191; x_wconf 90' lang='lat' dir='ltr'>docendi</span> <span class='ocrx_word' id='word_1_344' title='bbox 747 3135 850 3204; x_wconf 88' lang='lat' dir='ltr'>sunt,</span> <span class='ocrx_word' id='word_1_345' title='bbox 873 3135 913 3190; x_wconf 89' lang='lat' dir='ltr'>ut</span> <span class='ocrx_word' id='word_1_346' title='bbox 933 3146 972 3191; x_wconf 92' lang='lat' dir='ltr'>ea</span> <span class='ocrx_word' id='word_1_347' title='bbox 986 3146 1080 3213; x_wconf 91' lang='lat' dir='ltr'>per--</span> <span class='ocrx_word' id='word_1_348' title='bbox 1119 3119 1275 3188; x_wconf 86' lang='lat' dir='ltr'>offerunt</span> <span class='ocrx_word' id='word_1_349' title='bbox 1289 3134 1505 3208; x_wconf 87' lang='lat' dir='ltr'>argumenta.</span> <span class='ocrx_word' id='word_1_350' title='bbox 1540 3119 1663 3215; x_wconf 89' lang='lat' dir='ltr'>ltaque</span> <span class='ocrx_word' id='word_1_351' title='bbox 1677 3148 1751 3195; x_wconf 92' lang='lat' dir='ltr'>non</span> <span class='ocrx_word' id='word_1_352' title='bbox 1767 3129 1922 3200; x_wconf 88' lang='lat' dir='ltr'>traditur</span> <span class='ocrx_word' id='word_1_353' title='bbox 1938 3156 2005 3218; x_wconf 86' lang='lat' dir='ltr'>ars,</span> <span class='ocrx_word' id='word_1_354' title='bbox 2027 3158 2102 3204; x_wconf 89' lang='lat' dir='ltr'>non</span> 
     </span>
     <span class='ocr_line' id='line_1_31' title="bbox 79 3217 2157 3320; baseline 0.003 -18"><span class='ocrx_word' id='word_1_355' title='bbox 79 3233 168 3302; x_wconf 85' lang='lat' dir='ltr'>lecte</span> <span class='ocrx_word' id='word_1_356' title='bbox 188 3251 398 3319; x_wconf 81' lang='lat' dir='ltr'>cognoscere</span> <span class='ocrx_word' id='word_1_357' title='bbox 414 3226 562 3320; x_wconf 86' lang='lat' dir='ltr'>possint.</span> <span class='ocrx_word' id='word_1_358' title='bbox 586 3221 654 3316; x_wconf 77' lang='lat' dir='ltr'>Est</span> <span class='ocrx_word' id='word_1_359' title='bbox 668 3235 785 3293; x_wconf 89' lang='lat' dir='ltr'>autem</span> <span class='ocrx_word' id='word_1_360' title='bbox 802 3217 1067 3307; x_wconf 70' lang='grc' dir='ltr'>διδασκαλικὸν</span> <span class='ocrx_word' id='word_1_361' title='bbox 1122 3222 1313 3289; x_wconf 86' lang='lat' dir='ltr'>traduntur</span> <span class='ocrx_word' id='word_1_362' title='bbox 1327 3237 1509 3312; x_wconf 90' lang='lat' dir='ltr'>praecepta</span> <span class='ocrx_word' id='word_1_363' title='bbox 1532 3225 1576 3292; x_wconf 93' lang='lat' dir='ltr'>de</span> <span class='ocrx_word' id='word_1_364' title='bbox 1596 3227 1748 3315; x_wconf 87' lang='lat' dir='ltr'>negotiis</span> <span class='ocrx_word' id='word_1_365' title='bbox 1769 3228 2013 3319; x_wconf 85' lang='lat' dir='ltr'>inveniendis,</span> <span class='ocrx_word' id='word_1_366' title='bbox 2039 3236 2102 3307; x_wconf 89' lang='lat' dir='ltr'>illa</span> <span class='ocrx_word' id='word_1_367' title='bbox 2154 3301 2157 3308; x_wconf 16' lang='grc' dir='ltr'><strong>Α</strong></span> 
     </span>
     <span class='ocr_line' id='line_1_32' title="bbox 80 3317 2102 3427; baseline 0.008 -33"><span class='ocrx_word' id='word_1_368' title='bbox 80 3347 209 3422; x_wconf 73' lang='lat' dir='ltr'>genus,</span> <span class='ocrx_word' id='word_1_369' title='bbox 242 3326 429 3400; x_wconf 87' lang='lat' dir='ltr'>methodus</span> <span class='ocrx_word' id='word_1_370' title='bbox 448 3328 510 3397; x_wconf 91' lang='lat' dir='ltr'>illa</span> <span class='ocrx_word' id='word_1_371' title='bbox 531 3324 702 3412; x_wconf 88' lang='lat' dir='ltr'>docendi,</span> <span class='ocrx_word' id='word_1_372' title='bbox 734 3346 825 3416; x_wconf 86' lang='lat' dir='ltr'>quae</span> <span class='ocrx_word' id='word_1_373' title='bbox 848 3324 1002 3394; x_wconf 89' lang='lat' dir='ltr'>traditur</span> <span class='ocrx_word' id='word_1_374' title='bbox 1027 3325 1066 3393; x_wconf 92' lang='lat' dir='ltr'>in</span> <span class='ocrx_word' id='word_1_375' title='bbox 1120 3344 1201 3390; x_wconf 91' lang='lat' dir='ltr'>vero</span> <span class='ocrx_word' id='word_1_376' title='bbox 1218 3317 1313 3392; x_wconf 87' lang='lat' dir='ltr'>ultro</span> <span class='ocrx_word' id='word_1_377' title='bbox 1335 3345 1371 3390; x_wconf 89' lang='lat' dir='ltr'>se</span> <span class='ocrx_word' id='word_1_378' title='bbox 1395 3323 1571 3404; x_wconf 86' lang='lat' dir='ltr'>offerunt,</span> <span class='ocrx_word' id='word_1_379' title='bbox 1598 3348 1638 3395; x_wconf 87' lang='lat' dir='ltr'>ac</span> <span class='ocrx_word' id='word_1_380' title='bbox 1659 3327 1833 3418; x_wconf 77' lang='lat' dir='ltr'>fugientes</span> <span class='ocrx_word' id='word_1_381' title='bbox 1854 3333 1959 3402; x_wconf 81' lang='lat' dir='ltr'>etiam</span> <span class='ocrx_word' id='word_1_382' title='bbox 1983 3356 2102 3427; x_wconf 83' lang='lat' dir='ltr'>perse-</span> 
     </span>
     <span class='ocr_line' id='line_1_33' title="bbox 78 3420 2102 3521; baseline 0.012 -35"><span class='ocrx_word' id='word_1_383' title='bbox 78 3434 282 3520; x_wconf 58' lang='lat' dir='ltr'>diastfflu,</span> <span class='ocrx_word' id='word_1_384' title='bbox 310 3432 411 3501; x_wconf 82' lang='lat' dir='ltr'>cuius</span> <span class='ocrx_word' id='word_1_385' title='bbox 432 3425 641 3521; x_wconf 91' lang='lat' dir='ltr'>particulam</span> <span class='ocrx_word' id='word_1_386' title='bbox 663 3425 888 3496; x_wconf 89' lang='lat' dir='ltr'>retinuerunt</span> <span class='ocrx_word' id='word_1_387' title='bbox 907 3422 1066 3495; x_wconf 86' lang='lat' dir='ltr'>rhetores</span> <span class='ocrx_word' id='word_1_388' title='bbox 1119 3436 1298 3515; x_wconf 91' lang='lat' dir='ltr'>quuntur,</span> <span class='ocrx_word' id='word_1_389' title='bbox 1323 3425 1415 3492; x_wconf 89' lang='lat' dir='ltr'>etad</span> <span class='ocrx_word' id='word_1_390' title='bbox 1433 3420 1500 3508; x_wconf 87' lang='lat' dir='ltr'>hoc</span> <span class='ocrx_word' id='word_1_391' title='bbox 1516 3440 1658 3506; x_wconf 89' lang='lat' dir='ltr'>arstota</span> <span class='ocrx_word' id='word_1_392' title='bbox 1675 3430 1867 3520; x_wconf 84' lang='lat' dir='ltr'>excogitata</span> <span class='ocrx_word' id='word_1_393' title='bbox 1883 3446 1944 3519; x_wconf 90' lang='lat' dir='ltr'>est,</span> <span class='ocrx_word' id='word_1_394' title='bbox 1969 3460 2045 3507; x_wconf 87' lang='lat' dir='ltr'>nou</span> <span class='ocrx_word' id='word_1_395' title='bbox 2061 3452 2102 3510; x_wconf 87' lang='lat' dir='ltr'>ut</span> 
     </span>
     <span class='ocr_line' id='line_1_34' title="bbox 79 3523 2102 3625; baseline 0.003 -20"><span class='ocrx_word' id='word_1_396' title='bbox 79 3538 117 3605; x_wconf 92' lang='lat' dir='ltr'>in</span> <span class='ocrx_word' id='word_1_397' title='bbox 138 3548 234 3604; x_wconf 90' lang='lat' dir='ltr'>statu</span> <span class='ocrx_word' id='word_1_398' title='bbox 255 3533 408 3604; x_wconf 88' lang='lat' dir='ltr'>linitivo.</span> <span class='ocrx_word' id='word_1_399' title='bbox 459 3528 524 3600; x_wconf 85' lang='lat' dir='ltr'>Est</span> <span class='ocrx_word' id='word_1_400' title='bbox 548 3541 583 3596; x_wconf 91' lang='grc' dir='ltr'><strong>ει</strong></span> <span class='ocrx_word' id='word_1_401' title='bbox 603 3525 924 3623; x_wconf 74' lang='lat' dir='ltr'>demonstrativum</span> <span class='ocrx_word' id='word_1_402' title='bbox 944 3550 1065 3615; x_wconf 88' lang='lat' dir='ltr'>genus,</span> <span class='ocrx_word' id='word_1_403' title='bbox 1096 3547 1182 3613; x_wconf 88' lang='lat' dir='ltr'>per</span> <span class='ocrx_word' id='word_1_404' title='bbox 1203 3523 1328 3608; x_wconf 85' lang='lat' dir='ltr'>ludum</span> <span class='ocrx_word' id='word_1_405' title='bbox 1350 3524 1486 3596; x_wconf 88' lang='lat' dir='ltr'>ociosas</span> <span class='ocrx_word' id='word_1_406' title='bbox 1513 3528 1676 3599; x_wconf 90' lang='lat' dir='ltr'>materias</span> <span class='ocrx_word' id='word_1_407' title='bbox 1706 3555 1936 3625; x_wconf 88' lang='lat' dir='ltr'>quaeramus,</span> <span class='ocrx_word' id='word_1_408' title='bbox 1974 3541 2034 3609; x_wconf 89' lang='lat' dir='ltr'>sed</span> <span class='ocrx_word' id='word_1_409' title='bbox 2061 3554 2102 3612; x_wconf 90' lang='lat' dir='ltr'>ut</span> 
     </span>
     <span class='ocr_line' id='line_1_35' title="bbox 78 3625 2102 3729; baseline 0.013 -43"><span class='ocrx_word' id='word_1_410' title='bbox 78 3635 186 3709; x_wconf 57' lang='lat' dir='ltr'>affine</span> <span class='ocrx_word' id='word_1_411' title='bbox 202 3630 455 3726; x_wconf 60' lang='grc' dir='ltr'>ὦδασκαλικῷ</span> <span class='ocrx_word' id='word_1_412' title='bbox 469 3628 601 3719; x_wconf 83' lang='lat' dir='ltr'>generi.</span> <span class='ocrx_word' id='word_1_413' title='bbox 653 3625 887 3719; x_wconf 81' lang='lat' dir='ltr'>Plaerurpque</span> <span class='ocrx_word' id='word_1_414' title='bbox 902 3628 999 3696; x_wconf 89' lang='lat' dir='ltr'>enim</span> <span class='ocrx_word' id='word_1_415' title='bbox 1014 3642 1065 3698; x_wconf 92' lang='lat' dir='ltr'>est</span> <span class='ocrx_word' id='word_1_416' title='bbox 1117 3647 1257 3714; x_wconf 89' lang='lat' dir='ltr'>graves,</span> <span class='ocrx_word' id='word_1_417' title='bbox 1297 3648 1443 3714; x_wconf 86' lang='lat' dir='ltr'>magnas</span> <span class='ocrx_word' id='word_1_418' title='bbox 1464 3642 1499 3699; x_wconf 94' lang='lat' dir='ltr'>et</span> <span class='ocrx_word' id='word_1_419' title='bbox 1521 3630 1687 3701; x_wconf 86' lang='lat' dir='ltr'>obscuras</span> <span class='ocrx_word' id='word_1_420' title='bbox 1712 3656 1851 3720; x_wconf 86' lang='lat' dir='ltr'>causas,</span> <span class='ocrx_word' id='word_1_421' title='bbox 1883 3661 1971 3729; x_wconf 83' lang='lat' dir='ltr'>quas</span> <span class='ocrx_word' id='word_1_422' title='bbox 1995 3640 2102 3713; x_wconf 82' lang='lat' dir='ltr'>offert</span> 
     </span>
     <span class='ocr_line' id='line_1_36' title="bbox 78 3726 2100 3831; baseline 0.004 -25"><span class='ocrx_word' id='word_1_423' title='bbox 78 3737 262 3823; x_wconf 84' lang='lat' dir='ltr'>definitio,</span> <span class='ocrx_word' id='word_1_424' title='bbox 286 3738 347 3806; x_wconf 89' lang='lat' dir='ltr'>sed</span> <span class='ocrx_word' id='word_1_425' title='bbox 363 3732 574 3825; x_wconf 88' lang='lat' dir='ltr'>amplificata</span> <span class='ocrx_word' id='word_1_426' title='bbox 587 3729 804 3798; x_wconf 89' lang='lat' dir='ltr'>ornamentis</span> <span class='ocrx_word' id='word_1_427' title='bbox 820 3727 996 3809; x_wconf 89' lang='lat' dir='ltr'>oratoriis,</span> <span class='ocrx_word' id='word_1_428' title='bbox 1025 3743 1065 3799; x_wconf 85' lang='lat' dir='ltr'>ut</span> <span class='ocrx_word' id='word_1_429' title='bbox 1117 3726 1222 3794; x_wconf 94' lang='lat' dir='ltr'>uobis</span> <span class='ocrx_word' id='word_1_430' title='bbox 1235 3727 1455 3816; x_wconf 88' lang='lat' dir='ltr'>respublica,</span> <span class='ocrx_word' id='word_1_431' title='bbox 1480 3729 1702 3817; x_wconf 80' lang='lat' dir='ltr'>explicemus.</span> <span class='ocrx_word' id='word_1_432' title='bbox 1754 3732 1843 3806; x_wconf 88' lang='lat' dir='ltr'>Cum</span> <span class='ocrx_word' id='word_1_433' title='bbox 1859 3735 1970 3826; x_wconf 90' lang='lat' dir='ltr'>igitur</span> <span class='ocrx_word' id='word_1_434' title='bbox 1990 3764 2100 3831; x_wconf 83' lang='lat' dir='ltr'>nege-</span> 
     </span>
     <span class='ocr_line' id='line_1_37' title="bbox 77 3825 2099 3931; baseline 0.007 -31"><span class='ocrx_word' id='word_1_435' title='bbox 77 3856 250 3931; x_wconf 63' lang='lat' dir='ltr'>mnqurm</span> <span class='ocrx_word' id='word_1_436' title='bbox 283 3838 438 3929; x_wconf 90' lang='lat' dir='ltr'>pictura,</span> <span class='ocrx_word' id='word_1_437' title='bbox 486 3834 532 3901; x_wconf 88' lang='lat' dir='ltr'>ab</span> <span class='ocrx_word' id='word_1_438' title='bbox 563 3829 735 3921; x_wconf 87' lang='lat' dir='ltr'>imperitis</span> <span class='ocrx_word' id='word_1_439' title='bbox 768 3830 879 3920; x_wconf 90' lang='lat' dir='ltr'>magis</span> <span class='ocrx_word' id='word_1_440' title='bbox 906 3829 1064 3922; x_wconf 89' lang='lat' dir='ltr'>conspici</span> <span class='ocrx_word' id='word_1_441' title='bbox 1116 3829 1209 3896; x_wconf 92' lang='lat' dir='ltr'>cium</span> <span class='ocrx_word' id='word_1_442' title='bbox 1230 3828 1390 3897; x_wconf 92' lang='lat' dir='ltr'>oblatum</span> <span class='ocrx_word' id='word_1_443' title='bbox 1412 3841 1485 3912; x_wconf 91' lang='lat' dir='ltr'>est,</span> <span class='ocrx_word' id='word_1_444' title='bbox 1516 3825 1575 3899; x_wconf 92' lang='lat' dir='ltr'>hic</span> <span class='ocrx_word' id='word_1_445' title='bbox 1605 3834 1760 3922; x_wconf 90' lang='lat' dir='ltr'>primum</span> <span class='ocrx_word' id='word_1_446' title='bbox 1792 3860 1850 3907; x_wconf 90' lang='lat' dir='ltr'>ars</span> <span class='ocrx_word' id='word_1_447' title='bbox 1882 3842 2099 3914; x_wconf 84' lang='lat' dir='ltr'>consulenda</span> 
     </span>
     <span class='ocr_line' id='line_1_38' title="bbox 76 3929 2099 4034; baseline 0.011 -40"><span class='ocrx_word' id='word_1_448' title='bbox 76 3942 208 4034; x_wconf 60' lang='lat' dir='ltr'>possit,</span> <span class='ocrx_word' id='word_1_449' title='bbox 240 3951 282 4009; x_wconf 80' lang='lat' dir='ltr'>ut</span> <span class='ocrx_word' id='word_1_450' title='bbox 308 3939 341 4007; x_wconf 83' lang='lat' dir='ltr'>si</span> <span class='ocrx_word' id='word_1_451' title='bbox 363 3937 443 4031; x_wconf 85' lang='lat' dir='ltr'>quis</span> <span class='ocrx_word' id='word_1_452' title='bbox 464 3935 586 4004; x_wconf 90' lang='lat' dir='ltr'>laudet</span> <span class='ocrx_word' id='word_1_453' title='bbox 611 3933 723 4021; x_wconf 87' lang='lat' dir='ltr'>leges,</span> <span class='ocrx_word' id='word_1_454' title='bbox 755 3945 789 4002; x_wconf 90' lang='lat' dir='ltr'>et</span> <span class='ocrx_word' id='word_1_455' title='bbox 810 3933 854 4001; x_wconf 90' lang='lat' dir='ltr'>de</span> <span class='ocrx_word' id='word_1_456' title='bbox 875 3932 1064 4002; x_wconf 85' lang='lat' dir='ltr'>autoritate</span> <span class='ocrx_word' id='word_1_457' title='bbox 1117 3942 1186 4014; x_wconf 90' lang='lat' dir='ltr'>est,</span> <span class='ocrx_word' id='word_1_458' title='bbox 1211 3942 1245 3998; x_wconf 89' lang='lat' dir='ltr'>et</span> <span class='ocrx_word' id='word_1_459' title='bbox 1260 3929 1370 3999; x_wconf 90' lang='lat' dir='ltr'>inicio</span> <span class='ocrx_word' id='word_1_460' title='bbox 1385 3930 1631 4018; x_wconf 87' lang='lat' dir='ltr'>cogitandum,</span> <span class='ocrx_word' id='word_1_461' title='bbox 1656 3937 1700 4004; x_wconf 90' lang='lat' dir='ltr'>ad</span> <span class='ocrx_word' id='word_1_462' title='bbox 1721 3939 1817 4029; x_wconf 89' lang='lat' dir='ltr'>quod</span> <span class='ocrx_word' id='word_1_463' title='bbox 1840 3962 1950 4028; x_wconf 86' lang='lat' dir='ltr'>genus</span> <span class='ocrx_word' id='word_1_464' title='bbox 1975 3964 2099 4015; x_wconf 85' lang='lat' dir='ltr'>causae</span> 
     </span>
     <span class='ocr_line' id='line_1_39' title="bbox 75 4030 2098 4134; baseline 0.009 -36"><span class='ocrx_word' id='word_1_465' title='bbox 75 4045 196 4131; x_wconf 58' lang='lat' dir='ltr'>legum</span> <span class='ocrx_word' id='word_1_466' title='bbox 214 4041 319 4120; x_wconf 80' lang='lat' dir='ltr'>dieat,</span> <span class='ocrx_word' id='word_1_467' title='bbox 345 4040 374 4108; x_wconf 88' lang='lat' dir='ltr'>is</span> <span class='ocrx_word' id='word_1_468' title='bbox 390 4036 533 4106; x_wconf 88' lang='lat' dir='ltr'>deliniet</span> <span class='ocrx_word' id='word_1_469' title='bbox 549 4035 654 4122; x_wconf 91' lang='lat' dir='ltr'>leges,</span> <span class='ocrx_word' id='word_1_470' title='bbox 680 4032 970 4103; x_wconf 82' lang='lat' dir='ltr'>etdefinitionem</span> <span class='ocrx_word' id='word_1_471' title='bbox 987 4057 1063 4103; x_wconf 70' lang='lat' dir='ltr'>am.</span> <span class='ocrx_word' id='word_1_472' title='bbox 1116 4053 1170 4099; x_wconf 89' lang='lat' dir='ltr'>res</span> <span class='ocrx_word' id='word_1_473' title='bbox 1194 4030 1380 4118; x_wconf 90' lang='lat' dir='ltr'>pertineat.</span> <span class='ocrx_word' id='word_1_474' title='bbox 1433 4030 1519 4102; x_wconf 88' lang='lat' dir='ltr'>Ideo</span> <span class='ocrx_word' id='word_1_475' title='bbox 1540 4033 1636 4104; x_wconf 91' lang='lat' dir='ltr'>euim</span> <span class='ocrx_word' id='word_1_476' title='bbox 1667 4037 1831 4122; x_wconf 85' lang='lat' dir='ltr'>distincta</span> <span class='ocrx_word' id='word_1_477' title='bbox 1859 4058 1942 4113; x_wconf 91' lang='lat' dir='ltr'>sunt</span> <span class='ocrx_word' id='word_1_478' title='bbox 1968 4068 2098 4134; x_wconf 90' lang='lat' dir='ltr'>genera</span> 
     </span>
     <span class='ocr_line' id='line_1_40' title="bbox 75 4129 2129 4237; baseline 0.014 -47"><span class='ocrx_word' id='word_1_479' title='bbox 75 4142 260 4237; x_wconf 61' lang='lat' dir='ltr'>ppfficgbtg</span> <span class='ocrx_word' id='word_1_480' title='bbox 312 4139 483 4221; x_wconf 62' lang='lat' dir='ltr'>psalmus,</span> <span class='ocrx_word' id='word_1_481' title='bbox 500 4135 590 4205; x_wconf 82' lang='lat' dir='ltr'>dixit</span> <span class='ocrx_word' id='word_1_482' title='bbox 611 4132 798 4217; x_wconf 89' lang='lat' dir='ltr'>dominus,</span> <span class='ocrx_word' id='word_1_483' title='bbox 825 4148 917 4204; x_wconf 88' lang='lat' dir='ltr'>recte</span> <span class='ocrx_word' id='word_1_484' title='bbox 938 4135 977 4205; x_wconf 90' lang='lat' dir='ltr'>in</span> <span class='ocrx_word' id='word_1_485' title='bbox 995 4129 1063 4204; x_wconf 90' lang='lat' dir='ltr'>hoc</span> <span class='ocrx_word' id='word_1_486' title='bbox 1115 4155 1318 4217; x_wconf 88' lang='lat' dir='ltr'>causarum,</span> <span class='ocrx_word' id='word_1_487' title='bbox 1340 4157 1386 4201; x_wconf 92' lang='lat' dir='ltr'>ne</span> <span class='ocrx_word' id='word_1_488' title='bbox 1404 4132 1472 4203; x_wconf 93' lang='lat' dir='ltr'>loci</span> <span class='ocrx_word' id='word_1_489' title='bbox 1489 4134 1526 4202; x_wconf 91' lang='lat' dir='ltr'>in</span> <span class='ocrx_word' id='word_1_490' title='bbox 1542 4138 1647 4207; x_wconf 89' lang='lat' dir='ltr'>turba</span> <span class='ocrx_word' id='word_1_491' title='bbox 1668 4140 1732 4210; x_wconf 92' lang='lat' dir='ltr'>diu</span> <span class='ocrx_word' id='word_1_492' title='bbox 1755 4144 1948 4234; x_wconf 90' lang='lat' dir='ltr'>quaerendi</span> <span class='ocrx_word' id='word_1_493' title='bbox 1972 4130 2129 4217; x_wconf 15' lang='lat' dir='ltr'>essent..</span> 
     </span>
     <span class='ocr_line' id='line_1_41' title="bbox 76 4230 2097 4338; baseline -0.009 1"><span class='ocrx_word' id='word_1_494' title='bbox 76 4267 207 4338; x_wconf 73' lang='lat' dir='ltr'>seuere</span> <span class='ocrx_word' id='word_1_495' title='bbox 231 4256 406 4335; x_wconf 70' lang='lat' dir='ltr'>Ponetur,</span> <span class='ocrx_word' id='word_1_496' title='bbox 442 4239 564 4306; x_wconf 61' lang='lat' dir='ltr'>laudat</span> <span class='ocrx_word' id='word_1_497' title='bbox 592 4235 687 4304; x_wconf 62' lang='lat' dir='ltr'>‘nim</span> <span class='ocrx_word' id='word_1_498' title='bbox 711 4230 902 4308; x_wconf 65' lang='lat' dir='ltr'>Christum·</span> <span class='ocrx_word' id='word_1_499' title='bbox 943 4232 1062 4329; x_wconf 81' lang='lat' dir='ltr'>Atque</span> <span class='ocrx_word' id='word_1_500' title='bbox 1116 4233 1236 4322; x_wconf 87' lang='lat' dir='ltr'>Quare</span> <span class='ocrx_word' id='word_1_501' title='bbox 1264 4230 1483 4324; x_wconf 88' lang='lat' dir='ltr'>deprehenso</span> <span class='ocrx_word' id='word_1_502' title='bbox 1505 4258 1633 4327; x_wconf 88' lang='lat' dir='ltr'>genere</span> <span class='ocrx_word' id='word_1_503' title='bbox 1660 4264 1801 4328; x_wconf 90' lang='lat' dir='ltr'>causae,</span> <span class='ocrx_word' id='word_1_504' title='bbox 1833 4244 1950 4315; x_wconf 90' lang='lat' dir='ltr'>statim</span> <span class='ocrx_word' id='word_1_505' title='bbox 1970 4271 2097 4319; x_wconf 87' lang='lat' dir='ltr'>occur-</span> 
     </span>
     <span class='ocr_line' id='line_1_42' title="bbox 76 4334 2096 4439; baseline 0.004 -27"><span class='ocrx_word' id='word_1_506' title='bbox 76 4346 163 4418; x_wconf 90' lang='lat' dir='ltr'>haeo</span> <span class='ocrx_word' id='word_1_507' title='bbox 185 4342 344 4413; x_wconf 80' lang='lat' dir='ltr'>laudatio</span> <span class='ocrx_word' id='word_1_508' title='bbox 371 4339 581 4430; x_wconf 89' lang='lat' dir='ltr'>simpliciter</span> <span class='ocrx_word' id='word_1_509' title='bbox 607 4335 766 4407; x_wconf 88' lang='lat' dir='ltr'>definitio</span> <span class='ocrx_word' id='word_1_510' title='bbox 797 4337 969 4430; x_wconf 89' lang='lat' dir='ltr'>quaedam</span> <span class='ocrx_word' id='word_1_511' title='bbox 998 4350 1061 4421; x_wconf 87' lang='lat' dir='ltr'>est,</span> <span class='ocrx_word' id='word_1_512' title='bbox 1115 4349 1192 4402; x_wconf 93' lang='lat' dir='ltr'>rent</span> <span class='ocrx_word' id='word_1_513' title='bbox 1202 4334 1287 4403; x_wconf 87' lang='lat' dir='ltr'>certi</span> <span class='ocrx_word' id='word_1_514' title='bbox 1304 4336 1373 4430; x_wconf 84' lang='lat' dir='ltr'>loci</span> <span class='ocrx_word' id='word_1_515' title='bbox 1383 4339 1427 4405; x_wconf 92' lang='lat' dir='ltr'>ad</span> <span class='ocrx_word' id='word_1_516' title='bbox 1442 4340 1719 4428; x_wconf 84' lang='lat' dir='ltr'>patefaciendam</span> <span class='ocrx_word' id='word_1_517' title='bbox 1734 4356 1768 4412; x_wconf 92' lang='grc' dir='ltr'><strong>ει</strong></span> <span class='ocrx_word' id='word_1_518' title='bbox 1783 4346 2002 4439; x_wconf 79' lang='lat' dir='ltr'>tractandam</span> <span class='ocrx_word' id='word_1_519' title='bbox 2019 4374 2096 4421; x_wconf 88' lang='lat' dir='ltr'>ma·</span> 
     </span>
     <span class='ocr_line' id='line_1_43' title="bbox 76 4433 1470 4533; baseline -0.007 -15"><span class='ocrx_word' id='word_1_520' title='bbox 76 4446 248 4519; x_wconf 83' lang='lat' dir='ltr'>describit</span> <span class='ocrx_word' id='word_1_521' title='bbox 276 4446 371 4513; x_wconf 90' lang='lat' dir='ltr'>enim</span> <span class='ocrx_word' id='word_1_522' title='bbox 400 4462 587 4533; x_wconf 89' lang='lat' dir='ltr'>personam</span> <span class='ocrx_word' id='word_1_523' title='bbox 618 4433 771 4522; x_wconf 86' lang='lat' dir='ltr'>Christi,</span> <span class='ocrx_word' id='word_1_524' title='bbox 810 4452 1063 4508; x_wconf 89' lang='lat' dir='ltr'>commemorat</span> <span class='ocrx_word' id='word_1_525' title='bbox 1113 4436 1235 4505; x_wconf 87' lang='lat' dir='ltr'>teriam</span> <span class='ocrx_word' id='word_1_526' title='bbox 1255 4436 1370 4509; x_wconf 91' lang='lat' dir='ltr'>utiles.</span> <span class='ocrx_word' id='word_1_527' title='bbox 1464 4455 1470 4466; x_wconf 81' lang='lat'><strong><em>‘</em></strong></span> 
     </span>
    </p>

    <p class='ocr_par' dir='ltr' id='par_1_15' title="bbox 75 4535 2104 5150">
     <span class='ocr_line' id='line_1_44' title="bbox 77 4535 2094 4642; baseline 0.01 -38"><span class='ocrx_word' id='word_1_528' title='bbox 77 4553 153 4620; x_wconf 59' lang='lat' dir='ltr'>eiu,</span> <span class='ocrx_word' id='word_1_529' title='bbox 167 4546 302 4630; x_wconf 73' lang='lat' dir='ltr'>officia,</span> <span class='ocrx_word' id='word_1_530' title='bbox 327 4542 471 4634; x_wconf 83' lang='lat' dir='ltr'>exponit</span> <span class='ocrx_word' id='word_1_531' title='bbox 485 4539 682 4611; x_wconf 92' lang='lat' dir='ltr'>Dominum</span> <span class='ocrx_word' id='word_1_532' title='bbox 698 4562 784 4625; x_wconf 89' lang='lat' dir='ltr'>esse,</span> <span class='ocrx_word' id='word_1_533' title='bbox 811 4541 873 4632; x_wconf 89' lang='lat' dir='ltr'>qni</span> <span class='ocrx_word' id='word_1_534' title='bbox 892 4563 911 4608; x_wconf 90' lang='lat' dir='ltr'>a</span> <span class='ocrx_word' id='word_1_535' title='bbox 929 4541 1061 4609; x_wconf 84' lang='lat' dir='ltr'>dextris</span> <span class='ocrx_word' id='word_1_536' title='bbox 1214 4535 1364 4608; x_wconf 88' lang='lat' dir='ltr'>Prodest</span> <span class='ocrx_word' id='word_1_537' title='bbox 1393 4554 1508 4610; x_wconf 91' lang='lat' dir='ltr'>autem</span> <span class='ocrx_word' id='word_1_538' title='bbox 1534 4540 1614 4610; x_wconf 89' lang='lat' dir='ltr'>ideo</span> <span class='ocrx_word' id='word_1_539' title='bbox 1637 4543 1742 4612; x_wconf 88' lang='lat' dir='ltr'>etiam</span> <span class='ocrx_word' id='word_1_540' title='bbox 1763 4544 1960 4638; x_wconf 90' lang='lat' dir='ltr'>intelligere</span> <span class='ocrx_word' id='word_1_541' title='bbox 1984 4541 2094 4642; x_wconf 86' lang='lat' dir='ltr'>genus</span> 
     </span>
     <span class='ocr_line' id='line_1_45' title="bbox 76 4636 2104 4737; baseline 0.018 -46"><span class='ocrx_word' id='word_1_542' title='bbox 76 4650 145 4723; x_wconf 57' lang='lat' dir='ltr'>Dei</span> <span class='ocrx_word' id='word_1_543' title='bbox 168 4650 310 4732; x_wconf 56' lang='lat' dir='ltr'>sedeat,</span> <span class='ocrx_word' id='word_1_544' title='bbox 335 4642 403 4715; x_wconf 68' lang='lat' dir='ltr'>hoc</span> <span class='ocrx_word' id='word_1_545' title='bbox 428 4636 498 4725; x_wconf 68' lang='lat' dir='ltr'>est,</span> <span class='ocrx_word' id='word_1_546' title='bbox 520 4641 596 4732; x_wconf 85' lang='lat' dir='ltr'>pari</span> <span class='ocrx_word' id='word_1_547' title='bbox 621 4642 778 4730; x_wconf 90' lang='lat' dir='ltr'>potentia</span> <span class='ocrx_word' id='word_1_548' title='bbox 801 4662 881 4711; x_wconf 88' lang='lat' dir='ltr'>cum</span> <span class='ocrx_word' id='word_1_549' title='bbox 906 4636 982 4709; x_wconf 92' lang='lat' dir='ltr'>Deo</span> <span class='ocrx_word' id='word_1_550' title='bbox 1005 4665 1061 4711; x_wconf 90' lang='lat' dir='ltr'>re-</span> <span class='ocrx_word' id='word_1_551' title='bbox 1111 4662 1253 4724; x_wconf 88' lang='lat' dir='ltr'>causae,</span> <span class='ocrx_word' id='word_1_552' title='bbox 1273 4641 1355 4733; x_wconf 89' lang='lat' dir='ltr'>quia</span> <span class='ocrx_word' id='word_1_553' title='bbox 1371 4664 1498 4731; x_wconf 89' lang='lat' dir='ltr'>genere</span> <span class='ocrx_word' id='word_1_554' title='bbox 1513 4642 1665 4730; x_wconf 89' lang='lat' dir='ltr'>cognito,</span> <span class='ocrx_word' id='word_1_555' title='bbox 1691 4647 1905 4737; x_wconf 89' lang='lat' dir='ltr'>prospicitur</span> <span class='ocrx_word' id='word_1_556' title='bbox 1917 4650 2000 4724; x_wconf 86' lang='lat' dir='ltr'>linis</span> <span class='ocrx_word' id='word_1_557' title='bbox 2013 4646 2104 4725; x_wconf 67' lang='lat' dir='ltr'>ora-⁴</span> 
     </span>
     <span class='ocr_line' id='line_1_46' title="bbox 75 4737 2093 4844; baseline 0.003 -23"><span class='ocrx_word' id='word_1_558' title='bbox 75 4764 179 4844; x_wconf 79' lang='lat' dir='ltr'>gost,</span> <span class='ocrx_word' id='word_1_559' title='bbox 208 4750 309 4820; x_wconf 89' lang='lat' dir='ltr'>addit</span> <span class='ocrx_word' id='word_1_560' title='bbox 323 4749 387 4819; x_wconf 91' lang='lat' dir='ltr'>ubi</span> <span class='ocrx_word' id='word_1_561' title='bbox 402 4745 608 4838; x_wconf 89' lang='lat' dir='ltr'>proditurus</span> <span class='ocrx_word' id='word_1_562' title='bbox 623 4741 681 4823; x_wconf 90' lang='lat' dir='ltr'>sit,</span> <span class='ocrx_word' id='word_1_563' title='bbox 705 4742 870 4810; x_wconf 90' lang='lat' dir='ltr'>videlicet</span> <span class='ocrx_word' id='word_1_564' title='bbox 896 4741 935 4808; x_wconf 94' lang='lat' dir='ltr'>in</span> <span class='ocrx_word' id='word_1_565' title='bbox 959 4740 1061 4825; x_wconf 93' lang='lat' dir='ltr'>Sion,</span> <span class='ocrx_word' id='word_1_566' title='bbox 1112 4741 1241 4824; x_wconf 92' lang='lat' dir='ltr'>tionis,</span> <span class='ocrx_word' id='word_1_567' title='bbox 1272 4737 1340 4812; x_wconf 92' lang='lat' dir='ltr'>hoc</span> <span class='ocrx_word' id='word_1_568' title='bbox 1367 4758 1442 4828; x_wconf 88' lang='lat' dir='ltr'>est,</span> <span class='ocrx_word' id='word_1_569' title='bbox 1474 4743 1659 4835; x_wconf 87' lang='lat' dir='ltr'>praecipua</span> <span class='ocrx_word' id='word_1_570' title='bbox 1691 4747 1863 4835; x_wconf 90' lang='lat' dir='ltr'>intentio,</span> <span class='ocrx_word' id='word_1_571' title='bbox 1896 4766 1931 4823; x_wconf 90' lang='lat' dir='ltr'>et</span> <span class='ocrx_word' id='word_1_572' title='bbox 1957 4776 2093 4828; x_wconf 90' lang='lat' dir='ltr'>summa</span> 
     </span>
     <span class='ocr_line' id='line_1_47' title="bbox 76 4839 2093 4948; baseline 0.002 -24"><span class='ocrx_word' id='word_1_573' title='bbox 76 4855 173 4948; x_wconf 89' lang='lat' dir='ltr'>quod</span> <span class='ocrx_word' id='word_1_574' title='bbox 191 4864 421 4943; x_wconf 86' lang='lat' dir='ltr'>superaturus</span> <span class='ocrx_word' id='word_1_575' title='bbox 435 4847 482 4916; x_wconf 91' lang='lat' dir='ltr'>sit</span> <span class='ocrx_word' id='word_1_576' title='bbox 498 4841 631 4913; x_wconf 88' lang='lat' dir='ltr'>hostes:</span> <span class='ocrx_word' id='word_1_577' title='bbox 657 4839 739 4912; x_wconf 80' lang='lat' dir='ltr'>Erit</span> <span class='ocrx_word' id='word_1_578' title='bbox 752 4856 789 4911; x_wconf 90' lang='lat' dir='ltr'>et</span> <span class='ocrx_word' id='word_1_579' title='bbox 805 4844 976 4925; x_wconf 89' lang='lat' dir='ltr'>sacerdos,</span> <span class='ocrx_word' id='word_1_580' title='bbox 1002 4843 1059 4911; x_wconf 90' lang='lat' dir='ltr'>in·</span> <span class='ocrx_word' id='word_1_581' title='bbox 1111 4843 1272 4925; x_wconf 89' lang='lat' dir='ltr'>consilii,</span> <span class='ocrx_word' id='word_1_582' title='bbox 1297 4866 1358 4913; x_wconf 90' lang='lat' dir='ltr'>seu</span> <span class='ocrx_word' id='word_1_583' title='bbox 1372 4859 1413 4915; x_wconf 90' lang='lat' dir='ltr'>ut</span> <span class='ocrx_word' id='word_1_584' title='bbox 1429 4857 1572 4924; x_wconf 90' lang='lat' dir='ltr'>vocant,</span> <span class='ocrx_word' id='word_1_585' title='bbox 1597 4869 1724 4937; x_wconf 90' lang='lat' dir='ltr'>scopus</span> <span class='ocrx_word' id='word_1_586' title='bbox 1738 4851 1922 4929; x_wconf 89' lang='lat' dir='ltr'>orationis.</span> <span class='ocrx_word' id='word_1_587' title='bbox 1974 4855 2093 4928; x_wconf 86' lang='lat' dir='ltr'>Pluri-</span> 
     </span>
     <span class='ocr_line' id='line_1_48' title="bbox 77 4939 2093 5051; baseline 0.017 -55"><span class='ocrx_word' id='word_1_588' title='bbox 77 4956 173 5051; x_wconf 50' lang='grc' dir='ltr'>φὴ,</span> <span class='ocrx_word' id='word_1_589' title='bbox 200 4977 266 5046; x_wconf 62' lang='lat' dir='ltr'>pe,-</span> <span class='ocrx_word' id='word_1_590' title='bbox 279 4974 385 5044; x_wconf 65' lang='lat' dir='ltr'>quem</span> <span class='ocrx_word' id='word_1_591' title='bbox 402 4947 601 5040; x_wconf 75' lang='lat' dir='ltr'>placabitur</span> <span class='ocrx_word' id='word_1_592' title='bbox 615 4945 722 5013; x_wconf 90' lang='lat' dir='ltr'>nobis</span> <span class='ocrx_word' id='word_1_593' title='bbox 740 4941 855 5024; x_wconf 89' lang='lat' dir='ltr'>Deus,</span> <span class='ocrx_word' id='word_1_594' title='bbox 880 4939 929 5043; x_wconf 83' lang='lat' dir='ltr'>Et</span> <span class='ocrx_word' id='word_1_595' title='bbox 943 4945 1059 5014; x_wconf 89' lang='lat' dir='ltr'>addit:</span> <span class='ocrx_word' id='word_1_596' title='bbox 1112 4967 1210 5014; x_wconf 88' lang='lat' dir='ltr'>mum</span> <span class='ocrx_word' id='word_1_597' title='bbox 1223 4957 1338 5013; x_wconf 90' lang='lat' dir='ltr'>autem</span> <span class='ocrx_word' id='word_1_598' title='bbox 1356 4945 1462 5014; x_wconf 78' lang='lat' dir='ltr'>refert</span> <span class='ocrx_word' id='word_1_599' title='bbox 1478 4945 1630 5015; x_wconf 91' lang='lat' dir='ltr'>inomni</span> <span class='ocrx_word' id='word_1_600' title='bbox 1653 4971 1835 5038; x_wconf 84' lang='lat' dir='ltr'>sermone,</span> <span class='ocrx_word' id='word_1_601' title='bbox 1860 4956 1900 5026; x_wconf 93' lang='lat' dir='ltr'>in</span> <span class='ocrx_word' id='word_1_602' title='bbox 1924 4959 2093 5031; x_wconf 90' lang='lat' dir='ltr'>omuibus</span> 
     </span>
     <span class='ocr_line' id='line_1_49' title="bbox 76 5043 2091 5150; baseline 0.006 -30"><span class='ocrx_word' id='word_1_603' title='bbox 76 5056 191 5150; x_wconf 81' lang='lat' dir='ltr'>qualis</span> <span class='ocrx_word' id='word_1_604' title='bbox 224 5055 271 5124; x_wconf 91' lang='lat' dir='ltr'>sit</span> <span class='ocrx_word' id='word_1_605' title='bbox 297 5054 438 5123; x_wconf 83' lang='lat' dir='ltr'>futurus</span> <span class='ocrx_word' id='word_1_606' title='bbox 467 5048 649 5130; x_wconf 89' lang='lat' dir='ltr'>sacerdos,</span> <span class='ocrx_word' id='word_1_607' title='bbox 689 5046 854 5116; x_wconf 87' lang='lat' dir='ltr'>videlicet</span> <span class='ocrx_word' id='word_1_608' title='bbox 885 5058 1061 5130; x_wconf 86' lang='lat' dir='ltr'>aeternus,</span> <span class='ocrx_word' id='word_1_609' title='bbox 1111 5045 1282 5134; x_wconf 89' lang='lat' dir='ltr'>negotiis,</span> <span class='ocrx_word' id='word_1_610' title='bbox 1314 5068 1417 5114; x_wconf 88' lang='lat' dir='ltr'>nosse</span> <span class='ocrx_word' id='word_1_611' title='bbox 1438 5048 1562 5132; x_wconf 77' lang='lat' dir='ltr'>finem,</span> <span class='ocrx_word' id='word_1_612' title='bbox 1597 5043 1664 5119; x_wconf 91' lang='lat' dir='ltr'>hoc</span> <span class='ocrx_word' id='word_1_613' title='bbox 1687 5067 1755 5137; x_wconf 90' lang='grc' dir='ltr'><strong>εει,</strong></span> <span class='ocrx_word' id='word_1_614' title='bbox 1780 5051 1868 5147; x_wconf 81' lang='lat' dir='ltr'>quae</span> <span class='ocrx_word' id='word_1_615' title='bbox 1891 5060 2026 5131; x_wconf 92' lang='lat' dir='ltr'>utilitas</span> <span class='ocrx_word' id='word_1_616' title='bbox 2050 5087 2091 5132; x_wconf 88' lang='lat' dir='ltr'>ex</span> 
     </span>
    </p>
   </div>
   <div class='ocr_carea' id='block_1_12' title="bbox 77 5147 2218 5247">
    <p class='ocr_par' dir='ltr' id='par_1_16' title="bbox 77 5147 2218 5247">
     <span class='ocr_line' id='line_1_50' title="bbox 77 5147 2218 5247; baseline 0.014 -41"><span class='ocrx_word' id='word_1_617' title='bbox 77 5182 151 5228; x_wconf 68' lang='lat' dir='ltr'>non</span> <span class='ocrx_word' id='word_1_618' title='bbox 167 5156 366 5237; x_wconf 62' lang='lat' dir='ltr'>Leviticae,</span> <span class='ocrx_word' id='word_1_619' title='bbox 390 5153 451 5221; x_wconf 76' lang='lat' dir='ltr'>sed</span> <span class='ocrx_word' id='word_1_620' title='bbox 472 5148 532 5242; x_wconf 91' lang='lat' dir='ltr'>qui</span> <span class='ocrx_word' id='word_1_621' title='bbox 554 5147 758 5230; x_wconf 89' lang='lat' dir='ltr'>benedicat,</span> <span class='ocrx_word' id='word_1_622' title='bbox 783 5148 845 5240; x_wconf 91' lang='lat' dir='ltr'>qui</span> <span class='ocrx_word' id='word_1_623' title='bbox 867 5148 1061 5218; x_wconf 84' lang='lat' dir='ltr'>annunciet</span> <span class='ocrx_word' id='word_1_624' title='bbox 1111 5148 1272 5215; x_wconf 92' lang='lat' dir='ltr'>oratione</span> <span class='ocrx_word' id='word_1_625' title='bbox 1286 5148 1497 5237; x_wconf 87' lang='lat' dir='ltr'>expectanda</span> <span class='ocrx_word' id='word_1_626' title='bbox 1513 5149 1570 5220; x_wconf 88' lang='lat' dir='ltr'>sit.</span> <span class='ocrx_word' id='word_1_627' title='bbox 1621 5147 1753 5224; x_wconf 90' lang='lat' dir='ltr'>Omnis</span> <span class='ocrx_word' id='word_1_628' title='bbox 1769 5157 1864 5226; x_wconf 89' lang='lat' dir='ltr'>enim</span> <span class='ocrx_word' id='word_1_629' title='bbox 1879 5161 2005 5247; x_wconf 89' lang='lat' dir='ltr'>oratio,</span> <span class='ocrx_word' id='word_1_630' title='bbox 2029 5148 2133 5234; x_wconf 56' lang='lat' dir='ltr'>autx</span> <span class='ocrx_word' id='word_1_631' title='bbox 2216 5238 2218 5243; x_wconf 22' lang='lat' dir='ltr'>s</span> 
     </span>
    </p>
   </div>
   <div class='ocr_carea' id='block_1_13' title="bbox 75 5247 2089 5349">
    <p class='ocr_par' dir='ltr' id='par_1_17' title="bbox 75 5247 2089 5349">
     <span class='ocr_line' id='line_1_51' title="bbox 75 5247 2089 5349; baseline 0.015 -48"><span class='ocrx_word' id='word_1_632' title='bbox 75 5259 321 5329; x_wconf 57' lang='lat' dir='ltr'>,emissionem</span> <span class='ocrx_word' id='word_1_633' title='bbox 344 5266 579 5345; x_wconf 66' lang='lat' dir='ltr'>peccatorum.</span> <span class='ocrx_word' id='word_1_634' title='bbox 630 5247 769 5318; x_wconf 90' lang='lat' dir='ltr'>Deinde</span> <span class='ocrx_word' id='word_1_635' title='bbox 784 5249 952 5329; x_wconf 81' lang='lat' dir='ltr'>describit</span> <span class='ocrx_word' id='word_1_636' title='bbox 975 5272 1060 5339; x_wconf 90' lang='lat' dir='ltr'>sup·</span> <span class='ocrx_word' id='word_1_637' title='bbox 1110 5250 1154 5317; x_wconf 92' lang='lat' dir='ltr'>ad</span> <span class='ocrx_word' id='word_1_638' title='bbox 1170 5250 1367 5318; x_wconf 87' lang='lat' dir='ltr'>docendum</span> <span class='ocrx_word' id='word_1_639' title='bbox 1382 5248 1592 5335; x_wconf 87' lang='lat' dir='ltr'>instituitur,</span> <span class='ocrx_word' id='word_1_640' title='bbox 1617 5268 1678 5324; x_wconf 88' lang='lat' dir='ltr'>aut</span> <span class='ocrx_word' id='word_1_641' title='bbox 1696 5270 1834 5346; x_wconf 88' lang='lat' dir='ltr'>praeter</span> <span class='ocrx_word' id='word_1_642' title='bbox 1851 5262 2089 5349; x_wconf 84' lang='lat' dir='ltr'>cognitionem</span> 
     </span>
    </p>
   </div>
   <div class='ocr_carea' id='block_1_14' title="bbox 75 5345 2091 5522">
    <p class='ocr_par' dir='ltr' id='par_1_18' title="bbox 75 5345 2091 5522">
     <span class='ocr_line' id='line_1_52' title="bbox 75 5345 2091 5522; baseline -0.002 -91"><span class='ocrx_word' id='word_1_643' title='bbox 75 5361 182 5455; x_wconf 89' lang='lat' dir='ltr'>plicia</span> <span class='ocrx_word' id='word_1_644' title='bbox 199 5357 415 5452; x_wconf 85' lang='lat' dir='ltr'>impiorum,</span> <span class='ocrx_word' id='word_1_645' title='bbox 431 5353 508 5447; x_wconf 78' lang='lat' dir='ltr'>‚qui</span> <span class='ocrx_word' id='word_1_646' title='bbox 534 5345 620 5421; x_wconf 91' lang='lat' dir='ltr'>huic</span> <span class='ocrx_word' id='word_1_647' title='bbox 641 5348 797 5421; x_wconf 89' lang='lat' dir='ltr'>Domino</span> <span class='ocrx_word' id='word_1_648' title='bbox 820 5352 1060 5423; x_wconf 83' lang='lat' dir='ltr'>adversantur.</span> <span class='ocrx_word' id='word_1_649' title='bbox 1085 5417 1089 5428; x_wconf 91' lang='grc'><strong>,</strong></span> <span class='ocrx_word' id='word_1_650' title='bbox 1110 5346 1218 5421; x_wconf 88' lang='lat' dir='ltr'>habet</span> <span class='ocrx_word' id='word_1_651' title='bbox 1237 5350 1352 5425; x_wconf 56' lang='lat' dir='ltr'>atium.</span> <span class='ocrx_word' id='word_1_652' title='bbox 1369 5351 1498 5522; x_wconf 44' lang='lat' dir='ltr'>lingue</span> <span class='ocrx_word' id='word_1_653' title='bbox 1530 5353 1712 5444; x_wconf 86' lang='lat' dir='ltr'>videlicet,</span> <span class='ocrx_word' id='word_1_654' title='bbox 1735 5362 1831 5450; x_wconf 89' lang='lat' dir='ltr'>quod</span> <span class='ocrx_word' id='word_1_655' title='bbox 1855 5363 1991 5478; x_wconf 79' lang='lat' dir='ltr'>aliquid</span> <span class='ocrx_word' id='word_1_656' title='bbox 2014 5365 2091 5435; x_wconf 68' lang='lat' dir='ltr'>fieri</span> 
     </span>
    </p>
   </div>
   <div class='ocr_carea' id='block_1_15' title="bbox 0 0 2274 5754">
    <p class='ocr_par' dir='ltr' id='par_1_19' title="bbox 0 0 2274 5754">
     <span class='ocr_line' id='line_1_53' title="bbox 0 0 2274 5754; baseline 0 1"><span class='ocrx_word' id='word_1_657' title='bbox 0 0 2274 5754; x_wconf 95' lang='lat' dir='ltr'> </span> 
     </span>
    </p>
   </div>
  </div>
 </body>
</html>
