4538 5754
125 273 222 350 esar
663 239 667 243 ’
723 253 1556 360 εειεειει.εειιιετεειεεετιοε.
2063 265 2136 341 un

224 437 365 513 Deinde
386 435 543 507 continet
563 429 623 504 hic
645 433 745 503 locus
766 433 871 504 etiam
895 432 1019 504 utilem
1044 434 1111 502 do·
1160 454 1268 525 mam
1301 431 1494 502 usurarios.
1553 428 1639 500 ldeo
1664 443 1781 502 autem
1805 432 2003 525 diligenter
2025 435 2136 507 diiuffi.

123 546 276 619 ctrinam
302 543 347 612 de
373 538 632 620 contractibus,
677 537 774 629 quod
805 534 903 606 Deus
936 535 1110 628 approbet
1161 534 1266 603 candi
1289 548 1373 605 sunt
1402 545 1623 611 contractus,
1653 545 1693 603 ut
1718 533 1888 623 legitimis
1912 549 2061 608 utamur
2083 563 2136 610 me.

122 659 342 724 contractus,
374 640 456 734 quia
474 636 532 709 hic
547 651 581 708 ct
595 637 763 729 praecipit
785 652 820 708 et
839 651 944 707 ornat
958 638 1110 728 promis·
1160 636 1236 705 iore
1251 636 1399 726 pietate,
1426 647 1462 706 et
1478 659 1561 704 vere
1581 657 1621 704 ac
1642 635 1734 704 serio
1749 636 1903 709 vitemus
1921 660 2061 710 usuras.
2105 638 2137 712 lt

122 748 297 820 sionibus.
350 740 438 812 ltem
462 741 559 834 quod
591 739 706 809 officia
737 753 983 811 contractuum
1016 752 1110 809 recte
1161 730 1229 807 hoc
1244 735 1638 828 temporeimpudenter
1652 750 1834 825 petuntur,
1853 762 1930 808 non
1943 741 2063 809 solum
2074 765 2137 811 cen·

120 851 230 934 iacta,
255 847 326 916 sint
342 844 456 913 cultus
474 839 553 912 Dei.
607 837 792 910 Discamus
815 840 924 928 igitur
938 864 1013 910 non
1031 853 1111 920 tao·
1160 838 1322 919 tesimae‚
1354 862 1444 932 quae
1465 839 1572 909 etiam
1598 837 1735 927 legibus
1760 838 1932 910 civilibus
1958 837 2137 933 prohibitu

120 965 198 1023 tum
213 960 359 1041 propter
373 945 563 1014 utilitatem
587 943 807 1033 corporalem
828 954 1029 1011 contractus
1050 965 1111 1010 er·
1160 953 1263 1024 sunt,
1294 941 1483 1010 sedetiam
1515 939 1796 1025 ducentesimae,
1831 965 1990 1034 quarum
2018 944 2136 1034 petitis

122 1053 292 1122 ercendos
319 1071 410 1131 esse,
444 1047 504 1114 sed
531 1045 704 1113 addamus
735 1057 769 1113 ει
792 1038 890 1113 hunc
911 1044 1038 1127 tinem,
1070 1056 1112 1113 ut
1160 1065 1241 1112 nem
1270 1037 1405 1114 ethnici
1431 1064 1549 1111 severe
1565 1042 1775 1139 puniebant.
1826 1041 1900 1112 Nec
1918 1044 2051 1115 leviter
2075 1069 2135 1136 pce·

123 1176 188 1245 per
204 1174 263 1223 eos
278 1150 354 1221 Deo
371 1146 578 1217 serviamus.

225 1268 338 1339 Porro
354 1279 394 1334 ut
412 1266 456 1332 de
475 1263 696 1333 mutuatione
717 1264 906 1355 praecipit,
932 1262 980 1333 ita
1004 1261 1111 1332 intel-

123 1373 273 1462 ligamus
301 1366 457 1460 praecipi
487 1365 592 1433 etiam
617 1367 660 1434 de
685 1366 765 1434 aliis
787 1365 1044 1453 contractibus,
1070 1363 1109 1431 in

124 1473 255 1568 quibus
273 1491 362 1560 opus
379 1481 429 1537 est
448 1465 663 1557 pauperibus
675 1467 792 1536 alieno
805 1467 952 1541 auxilio.
978 1462 1025 1536 Et
1034 1465 1111 1534 vult

122 1572 284 1644 Psalmus
305 1580 504 1640 contractus
526 1567 616 1636 iuste
631 1570 801 1654 exerceri,
822 1569 897 1637 sine
914 1567 1111 1651 fraudibus,

123 1690 163 1746 ut
180 1699 259 1744 cum
278 1670 423 1764 pauperi
442 1691 530 1759 opus
554 1681 604 1738 εει
627 1669 822 1753 frumento,
847 1670 947 1740 dives
967 1671 1110 1762 vendat,

125 1790 159 1848 et
174 1777 219 1845 sit
237 1783 421 1843 contentus
438 1770 610 1839 mediocri
627 1772 755 1862 precio.
793 1771 893 1840 Talis
908 1771 1015 1841 emtio
1032 1770 1110 1838 lau-

125 1879 230 1947 datur
247 1873 414 1943 Proverb.
427 1872 506 1941 11.:
533 1867 778 1942 Abscondenti
796 1873 1014 1943 frumentum
1035 1895 1110 1939 ma-

125 1977 315 2059 ledicetur,
356 1986 389 2043 et
431 1973 631 2042 benedictio
672 1975 841 2044 vendenti
881 1976 1111 2045 frumentum.

124 2076 251 2171 Fitque
274 2073 342 2145 hoc
365 2088 589 2165 praeceptum
613 2074 803 2155 illustrius,
837 2100 917 2145 cum
941 2073 1114 2162 intelligi·¹

11 2242 12 2247 ,
123 2202 203 2249 mus
222 2178 271 2246 sic
286 2176 422 2268 requiri
439 2171 526 2243 baec
541 2175 667 2260 officia,
692 2190 733 2247 ut
748 2172 1007 2269 prohibeantur
1023 2198 1111 2244 con·

124 2281 232 2350 traria
257 2290 412 2368 peccata,
447 2276 611 2348 videlicet
631 2278 802 2359 avaricia,
836 2277 1001 2371 rapinae,
1033 2278 1110 2347 iur-

125 2396 182 2460 ta,
208 2381 369 2463 fraudes,
395 2400 533 2451 usurae.

224 2496 361 2566 Harum
380 2496 531 2586 pestium
550 2496 663 2565 maior
679 2508 729 2565 est
747 2497 915 2581 varietas,
942 2521 1049 2590 quam
1071 2509 1112 2567 ut

124 2597 184 2668 hic
209 2598 345 2696 possint
369 2597 503 2686 species
525 2599 737 2666 enumerari.
798 2596 869 2666 Sed
892 2612 1012 2669 tamen
1037 2621 1110 2666 non

124 2713 177 2770 εει
197 2698 482 2788 intempestivum
506 2693 564 2766 hic
583 2699 626 2768 de
649 2696 765 2767 usuris
789 2699 924 2785 dicere,
953 2723 1111 2792 praeser-

123 2801 189 2871 tim
213 2823 291 2870 cum
314 2823 409 2868 nunc
432 2800 507 2867 sine
528 2801 635 2869 modo
652 2812 819 2874 crescant.
870 2799 943 2872 Nec
959 2801 1109 2872 dubium

125 2914 193 2986 est,
219 2900 308 2995 quin
324 2901 369 2969 sit
384 2923 489 2990 grave
506 2913 704 2991 peccatum,
719 2914 836 2992 petere
851 2924 996 2986 usuras,
1013 2904 1110 2973 iuxta

126 3003 187 3072 illa
205 3015 389 3093 praecepta
403 3025 506 3093 saepe
519 3002 683 3091 repetita,
697 3001 838 3074 Psalmo
859 3001 933 3076 tt:
959 3003 1033 3093 Qui
1049 3027 1113 3096 pe·

124 3105 266 3174 cuniam
285 3125 383 3171 suam
401 3127 473 3171 non
494 3103 593 3172 dedit
608 3104 653 3172 ad
669 3126 824 3176 usuram.

227 3218 292 3289 llla
315 3234 433 3290 autem
457 3234 508 3290 εει
527 3242 652 3310 magna
675 3222 850 3313 quaestio,
883 3225 944 3316 qui
969 3235 1129 3292 contra-=

125 3338 200 3393 ctus
223 3322 295 3392 sint
316 3320 481 3413 usurarii.
542 3318 663 3390 Trade
688 3322 795 3408 igitur
815 3323 973 3413 regulam
998 3324 1036 3391 in
1052 3345 1112 3411 ge·

123 3447 218 3504 nere,
243 3418 478 3509 Evangelium
495 3421 656 3492 concedit
672 3425 775 3492 nobis
792 3427 845 3495 uti
862 3426 1111 3506 contractibus,

125 3525 215 3594 sicut
228 3536 261 3592 ει
277 3517 335 3591 hic
356 3521 517 3592 Psalmus
538 3535 701 3607 testatur,
728 3527 921 3619 etquidem
942 3528 1110 3596 dehemus

126 3625 176 3694 eis
196 3623 269 3706 uti,
292 3637 458 3716 tanquam
482 3625 655 3694 exercitiis
680 3626 897 3710 dilectionis,
924 3628 1110 3722 inquibus

124 3727 199 3796 Deo
216 3724 420 3794 serviamus.

225 3854 365 3926 Deinde
388 3871 422 3926 et
445 3858 533 3927 illud
550 3859 732 3929 sciendum
748 3877 810 3934 cst.
863 3860 1038 3932 ludicium
1067 3862 1112 3929 de

125 3957 365 4029 contractibus
380 3971 413 4027 et
431 3959 473 4025 de
489 3959 622 4043 usuris,
647 3975 687 4030 ut
703 3963 746 4035 de
768 3963 846 4031 aliis
862 3954 968 4032 rebus
990 3961 1111 4052 politi-

124 4061 195 4146 cis,
229 4059 418 4151 petendum
441 4081 554 4127 essea
579 4062 786 4149 magistratu
809 4062 925 4144 civili,
952 4058 1020 4132 hoc
1047 4076 1109 4152 est,

124 4163 170 4233 ab
193 4163 277 4253 ipsis
301 4160 438 4249 legibus
464 4174 554 4230 recte
580 4173 615 4230 et
637 4184 720 4233 sane
744 4163 950 4249 intellectis,
977 4177 1010 4234 et
1025 4187 1110 4232 con-

123 4262 359 4332 sentientibus
375 4286 455 4331 eum
470 4262 617 4334 ratione.
669 4262 761 4334 Nam
778 4266 816 4334 in
831 4267 987 4363 politicis
1003 4268 1110 4335 rebus

123 4364 292 4435 debemus
308 4386 429 4453 parere
450 4363 584 4433 iudicio
601 4363 716 4435 civilis
740 4368 981 4456 magistratus,
1004 4367 1035 4436 si
1056 4381 1110 4436 ta·

123 4487 205 4535 men
222 4488 295 4533 non
309 4478 439 4556 pugnet
455 4490 535 4535 cum
558 4466 697 4537 ratione
713 4464 871 4541 honesta.
923 4467 1044 4558 Quare
1066 4468 1110 4537 iis

123 4565 382 4648 contractibus,
399 4589 487 4657 quos
501 4569 698 4658 approbant
712 4569 823 4658 leges,
845 4570 900 4642 uti
916 4592 1110 4662 possumus.

123 4664 177 4736 Ac
198 4666 328 4737 diserte
354 4667 452 4751 dico,
482 4669 526 4736 de
550 4671 763 4759 approbatis.
815 4669 894 4744 Etsi
919 4672 1015 4741 enim
1040 4671 1107 4741 ali·

122 4767 205 4837 cubi
235 4767 446 4857 permittunt
478 4791 620 4855 usuras,
653 4787 869 4843 nontamen
897 4774 1108 4865 approbant,

124 4867 208 4962 quia
225 4868 316 4956 leges
334 4892 409 4937 non
429 4883 575 4960 possunt
592 4875 758 4944 omnibus
774 4876 869 4945 vitiis
886 4874 1032 4946 mederi.
1068 4894 1073 4902 ·

227 4980 412 5054 Praeterea
444 5010 533 5078 quae
556 4987 628 5055 sint
651 5012 779 5061 usurae
809 4991 955 5082 proprie
983 4992 1109 5081 dictae,

122 5085 227 5155 etiam
250 5084 456 5154 discendum
482 5101 533 5158 est
554 5088 737 5179 alegibus.
790 5090 989 5164 Prudenter
1012 5094 1108 5162 enim

121 5185 352 5256 iudicandum
370 5200 440 5275 est,
464 5212 508 5257 ne
524 5203 653 5260 temere
668 5207 868 5266 contractus
887 5195 999 5289 aliqui
1021 5195 1108 5285 legi·

121 5287 202 5358 timi
215 5288 439 5363 damnentur.
492 5286 676 5362 Interdum
692 5297 787 5365 enim
804 5296 940 5367 indocti
961 5319 1107 5387 genera-

115 5387 218 5476 liter,
251 5412 377 5461 omnrs
407 5391 541 5463 reditus
570 5416 633 5466 seu
653 5418 778 5468 census
801 5397 1006 5491 improbant
1028 5413 1107 5471 tan·

1161 1155 1241 1213 cant
1259 1145 1512 1233 gubernatores
1532 1141 1918 1235 Rerumpublicarum,
1953 1147 2055 1238 quod
2078 1149 2137 1218 talia

1161 1246 1253 1315 furta
1279 1247 1454 1328 tolerant,
1479 1244 1553 1313 imo
1576 1244 1688 1338 aliqui
1713 1245 1753 1312 in
1776 1245 1985 1317 societatem
2010 1251 2136 1338 praedae

1159 1346 1327 1430 veniunt,
1352 1361 1389 1417 et
1403 1361 1506 1428 sunt,
1532 1359 1571 1417 ut
1596 1347 1646 1417 ait
1662 1341 1865 1437 Propheta,
1893 1347 1987 1417 socii
2003 1349 2121 1420 furum.

1262 1446 1387 1518 Dicam
1422 1460 1542 1517 autem
1576 1449 1621 1516 tle
1654 1447 1869 1540 quibusdam
1906 1453 2137 1524 contractibus.

1154 1548 1273 1638 'Saepe
1290 1549 1412 1643 quaeri
1427 1549 1533 1632 solet,
1560 1573 1605 1617 an
1624 1562 1826 1618 contractus
1848 1551 2089 1623 redemtionis
2106 1554 2136 1623 sit

1160 1652 1290 1724 licitus.
1340 1650 1434 1724 Sttnt
1450 1666 1568 1720 autem
1587 1665 1657 1720 tres
1672 1651 1822 1721 formae:
1852 1650 1980 1722 Prima
2007 1666 2060 1723 est
2079 1677 2138 1723 run

1160 1753 1292 1822 emitur
1310 1767 1424 1822 certus
1439 1753 1591 1835 fundus,
1618 1775 1682 1842 pro
1697 1753 1791 1821 iusto
1816 1766 1850 1821 et
1867 1752 2002 1822 usitato
2029 1757 2139 1844 precio,

1160 1856 1220 1923 sed
1247 1877 1327 1923 cum
1354 1867 1456 1944 pacto
1480 1855 1525 1922 de
1544 1855 1785 1925 revendendo.
1841 1853 2012 1924 Secunda
2043 1857 2139 1924 forma

1160 1968 1231 2038 est,
1258 1978 1338 2025 cum
1357 1957 1486 2025 emitur
1503 1956 1639 2024 reditus
1663 1955 1700 2023 in
1717 1955 1828 2024 tundo
1845 1968 1964 2044 certo,
1992 1980 2074 2027 cum
2095 1980 2140 2047 pa-

1160 2070 1216 2126 cto
1231 2058 1275 2125 de
1291 2058 1529 2129 revendendo.

1263 2154 1451 2227 Haeduae
1482 2158 1616 2227 formae
1645 2168 1728 2227 sunt
1750 2152 1844 2226 haud
1870 2158 1985 2227 dubie
2010 2159 2141 2248 legitimi

1160 2273 1377 2339 contractus,
1405 2273 1439 2329 et
1454 2282 1526 2328 non
1540 2271 1624 2327 sunt
1643 2256 1816 2343 usurarii,
1842 2260 1930 2351 quia
1951 2275 2038 2332 sunt
2056 2283 2141 2329 verae

1161 2373 1195 2431 et
1219 2359 1394 2449 legitimae
1418 2384 1458 2429 ac
1478 2383 1553 2429 non
1578 2359 1763 2428 simulatae
1787 2360 1976 2432 emtiones.
2032 2360 2141 2432 Conti-

1160 2483 1248 2541 nent
1263 2457 1357 2530 enim
1375 2460 1622 2531 substantialia
1639 2460 1857 2550 emtionum,
1883 2460 2065 2546 Mercem,
2077 2486 2140 2554 pre·

1160 2563 1254 2632 cium
1279 2562 1430 2642 iustum,
1465 2577 1499 2632 ct
1522 2584 1744 2632 consensum.
1806 2556 1895 2630 Nam
1920 2587 2024 2633 merx
2047 2565 2140 2634 estin

1159 2664 1278 2755 priore
1301 2687 1382 2732 casu
1406 2664 1479 2755 ipse
1501 2665 1653 2747 fundus,
1679 2662 1719 2729 in
1744 2664 1943 2752 posteriore
1960 2690 2047 2735 casu
2061 2689 2140 2734 men

1160 2779 1212 2835 εει
1238 2764 1294 2835 ius
1325 2764 1415 2834 illud
1445 2765 1483 2832 in
1511 2765 1623 2833 frendo
1651 2764 1900 2849 constitutum,
1936 2780 1976 2836 ut
2003 2782 2140 2860 quotan-

1161 2867 1216 2936 nis
1233 2866 1317 2936 inde
1331 2865 1417 2935 certi
1435 2865 1570 2934 reditus
1584 2866 1781 2938 solvantur.
1808 2863 1848 2934 ld
1865 2865 1924 2935 ius
1941 2869 2016 2937 emi
2035 2882 2140 2960 potest,

1159 2981 1199 3039 ut
1225 2969 1254 3036 si
1273 2968 1352 3060 quis
1373 2968 1600 3050 servitutem,
1625 2979 1761 3051 actum,
1788 2979 1849 3037 aut
1874 2967 1948 3039 iter
1973 2969 2016 3038 in
2041 2971 2140 3040 alieno

1159 3069 1272 3138 fundo
1287 3068 1355 3138 sibi
1378 3082 1522 3138 emeret.

1261 3168 1333 3239 Nec
1358 3183 1498 3261 pactum
1526 3172 1570 3238 de
1598 3170 1826 3238 revendendo
1861 3169 1960 3240 tollit
1992 3184 2137 3241 naturam

1160 3271 1342 3354 emtionis,
1368 3295 1476 3364 quare
1499 3284 1533 3352 ει
1555 3284 1689 3340 veteres
1713 3271 1806 3360 leges
1821 3274 2029 3362 approbant
2051 3273 2136 3342 talen

1160 3385 1397 3452 contractum,
1421 3386 1459 3441 ut
1479 3385 1626 3442 testatur
1640 3373 1713 3457 lex,
1736 3374 1766 3440 si
1783 3373 1958 3456 fundum,
1986 3373 2028 3443 in
2043 3373 2137 3443 Codi-

1158 3499 1217 3560 ce,
1243 3475 1287 3543 de
1314 3474 1423 3564 pactis
1445 3474 1539 3541 inter
1553 3486 1722 3543 amtorem
1739 3486 1774 3542 et
1789 3473 2031 3548 venditorem.
2080 3473 2137 3544 De·

1159 3578 1245 3646 bent
1267 3590 1381 3644 autem
1405 3571 1621 3658 Christiani,
1652 3590 1693 3645 ut
1715 3590 1816 3644 antea
1842 3575 1980 3646 dictum
2008 3591 2076 3657 est,
2099 3577 2138 3643 le

1158 3700 1241 3767 gum
1272 3675 1411 3747 iudiciis
1443 3675 1615 3746 adsentiri
1654 3678 1699 3745 de
1731 3689 1858 3746 natura
1894 3690 2139 3756 contractuum,

1159 3778 1363 3870 praesertim
1380 3801 1461 3845 cum
1478 3778 1663 3848 doctorum
1682 3779 1858 3847 bonorum
1877 3791 1913 3847 et
1928 3781 2136 3868 prudentum

1159 3878 1290 3949 iudicia
1308 3891 1519 3964 congruunt.
1739 3963 1743 3971 Ι

1260 3978 1373 4049 Debet
1387 3989 1503 4048 autem
1520 3981 1684 4047 accedere
1702 3973 1788 4049 haec
1804 3980 2022 4072 aequalitas,
2048 3995 2087 4051 ut
2108 3981 2136 4047 in

1159 4080 1238 4150 aliis
1274 4079 1524 4163 servitutibus,
1569 4081 1598 4148 si
1631 4079 1763 4170 periret
1793 4082 1948 4165 fundus,
1990 4083 2139 4174 periisset

1158 4185 1263 4254 etiam
1297 4182 1365 4251 iter
1396 4184 1434 4249 in
1457 4182 1588 4250 frando:
1624 4182 1674 4250 sic
1704 4180 1839 4252 reditus
1863 4182 2014 4271 periisse
2035 4183 2140 4254 existi·

1158 4284 1310 4354 mandus
1327 4295 1397 4366 est,
1424 4305 1504 4351 cum
1526 4283 1658 4352 lundus
1672 4283 1789 4373 periit.
1840 4279 1888 4352 Et
1904 4287 2071 4377 quamvis
2091 4308 2138 4354 ac-

1159 4387 1252 4456 cedit
1276 4384 1526 4476 oppignoratio
1548 4385 1701 4454 aliorum
1724 4386 1925 4469 bonorum,
1951 4409 2017 4456 seu
2039 4382 2140 4480 hypo·

1158 4482 1278 4567 theca,
1303 4498 1419 4555 tamen
1435 4508 1509 4554 non
1528 4499 1713 4577 propterea
1730 4486 1880 4556 viciatur
1897 4488 2026 4563 emtio.
2057 4486 2139 4577 Quia

1157 4587 1405 4687 oppignoratio
1443 4610 1518 4655 non
1547 4589 1757 4658 adversatur
1791 4599 1940 4656 naturae
1972 4589 2139 4660 emtionis.

1158 4687 1210 4760 Ac
1236 4691 1280 4758 de
1300 4683 1356 4757 his
1377 4689 1516 4758 duabus
1537 4689 1662 4758 formis
1676 4700 1895 4773 contractus,
1920 4714 2015 4782 ques
2029 4713 2139 4760 recen·

1157 4791 1233 4872 sui,
1258 4789 1377 4858 minus
1390 4789 1592 4880 ambigitur.
1645 4788 1733 4859 Nam
1757 4790 1785 4860 si
1807 4789 1886 4882 quis
1910 4793 2039 4864 dextre
2059 4792 2139 4864 iudi·

1157 4892 1271 4975 cabit,
1298 4904 1463 4979 agnoscet
1478 4915 1560 4961 vere
1576 4913 1650 4960 csse
1669 4892 1851 4963 emtiones.

1245 4991 1299 5063 De
1314 4992 1415 5063 tertia
1438 4993 1553 5062 forma
1575 4992 1653 5084 plus
1670 5007 1721 5064 est
1734 4992 2039 5083 disputationum.
2062 4995 2136 5068 Cum

1157 5096 1287 5166 emitur
1310 5094 1445 5165 reditus
1469 5118 1542 5163 non
1568 5095 1606 5162 in
1624 5094 1737 5165 lundo
1753 5107 1868 5179 certo,
1895 5098 2020 5168 sedin
2033 5097 2137 5169 omni·

1157 5197 1224 5267 bus
1253 5195 1358 5266 bonis
1389 5195 1558 5279 alicuius,
1592 5209 1633 5266 ut
1653 5196 1682 5265 si
1708 5197 1787 5288 quis
1809 5208 1903 5266 emat
1929 5200 2087 5272 reditum
2103 5199 2137 5268 ab

1156 5299 1274 5392 aliqua
1299 5296 1459 5382 civitate,
1485 5320 1575 5391 quae
1598 5297 1776 5389 promittit
1798 5321 1856 5390 se,
1883 5323 1962 5371 non
1982 5304 2135 5374 exfundo

1156 5413 1271 5487 certo,
1303 5401 1365 5470 sed
1389 5422 1430 5469 rr
1454 5399 1623 5471 omnibus
1639 5399 1744 5471 bonis
1758 5397 2001 5492 Reipublicae
2017 5406 2135 5479 soluta·
