4538 5754
130 205 230 282 usr
725 201 852 279 ertu.
877 203 995 284 reon
1023 206 1235 286 scuram
1261 207 1565 311 uxnoorrca
2078 228 2169 303 cus

49 459 52 463 ,
132 374 261 473 phetae
285 389 319 446 et
334 373 498 466 Apostoli
521 374 754 467 alloquuntur
776 370 992 449 Ecclesiam:
1019 382 1128 452 bene·
1177 375 1306 478 πάθη,
1331 381 1526 474 gratiarum
1539 387 1716 471 actiones,
1735 404 1771 462 et
1787 393 2016 483 precationes
2034 410 2070 471 ει
2086 422 2173 470 oom-

135 478 292 550 dirimus
315 477 437 562 vobis,
461 475 761 548 annuntiavimus
776 473 1037 570 Evangelium‚
1061 508 1127 554 sn·
1179 487 1455 559 minorationes
1469 490 1514 559 dc
1526 484 1686 562 Ecclesia
1702 505 1737 564 et
1751 494 1959 567 ministerio
1975 495 2170 592 Evangelii,

135 579 387 652 nuntiavimus
416 574 515 649 bunc
547 578 773 650 benedictum
810 596 1002 654 venturum
1041 609 1127 673 esse,

125 681 360 780 'narravimus
376 680 451 750 eius
465 679 636 751 mnebcia
660 693 701 751 ut
714 683 842 752 domus
857 681 1007 754 Domini
1027 688 1127 758 aedi·
1323 707 1663 805 mmmmm
1686 736 1740 787 a„
1763 713 2037 812 (umam,

136 786 301 855 licaretur
316 796 351 853 et
363 796 544 866 cresceret,
568 783 720 875 ideoque
735 779 822 853 baec
837 799 1012 875 postrema
1028 790 1125 860 clau·
1618 859 1619 862 ,
1645 844 1657 868 .
1728 807 1731 813 “

137 885 214 956 sula
230 879 439 955 deEcclesia
456 883 576 955 addita
592 898 656 970 est,
680 898 721 956 ut
734 885 887 958 sciamus
901 884 1017 958 Deum
1033 892 1126 961 velle
1497 842 1659 928 psalm
1685 843 1846 989 cxix·

135 984 221 1058 hoec
237 1009 299 1056 sua
315 985 484 1057 beneficia
502 999 586 1057 uota
602 1009 675 1056 esse
689 1000 724 1057 et
739 989 912 1058 celebrari
936 990 975 1059 in
997 1014 1125 1082 genere

135 1084 314 1177 humano,
342 1101 383 1158 ut
406 1087 594 1177 colligatur
614 1102 754 1158 aeterna
779 1086 956 1172 Ecclesia,
983 1107 1017 1163 et
1033 1092 1126 1166 banc

134 1212 218 1261 vere
231 1187 430 1260 Ecclesiam
449 1213 523 1260 esse
547 1190 584 1259 in
601 1214 670 1284 qua
686 1205 790 1263 sonat
810 1188 895 1262 hacc
912 1193 1126 1283 benedictio,

136 1293 261 1372 idest,
288 1315 357 1360 vox
369 1287 569 1383 Evangelii.

237 1392 312 1463 Hic
335 1404 408 1464 tota
431 1393 591 1464 doctrina
610 1395 654 1464 de
670 1391 830 1464 Ecclesia
854 1396 1042 1487 cogitanda
1062 1413 1125 1485 cst,
1278 1386 1397 1461 Huius
1411 1391 1512 1483 longi
1526 1391 1695 1464 carminis
1711 1396 1854 1466 eaedem
1869 1412 1958 1470 aunt
1977 1402 2166 1473 sentcntiae

86 1501 91 1509 “
135 1508 172 1566 ει
187 1490 326 1587 phrasis
350 1495 399 1566 sic
413 1496 650 1586 intelligatur:
674 1490 945 1567 Benediximus
962 1497 1063 1570 vobis
1081 1495 1124 1571 dc
1175 1491 1301 1562 crebro
1322 1493 1510 1585 repetitae,
1538 1509 1579 1566 Ui
1598 1494 1638 1563 5¹¹
1655 1489 1801 1589 hymnis
1823 1498 1943 1572 fiebat·
1998 1498 2095 1591 Quia
2117 1527 2166 1574 re·

136 1591 246 1666 domo
261 1591 439 1682 Domini,
464 1598 502 1666 id
520 1611 593 1684 est,
617 1599 719 1668 vobis
735 1598 798 1692 qui
813 1601 896 1670 estis
912 1600 1124 1674 domusDo-
1175 1593 1301 1685 petitio
1329 1593 1503 1687 siguificat
1538 1595 1823 1689 magnitudinem
1856 1600 2073 1674 affectuum:
2122 1616 2166 1676 est

135 1699 244 1783 mini,
268 1697 306 1767 id
329 1713 398 1784 est,
423 1700 486 1792 qui
502 1701 584 1770 estis
599 1724 681 1769 vcra
695 1697 764 1771 Dei
778 1696 947 1778 Ecclesia,
1000 1702 1123 1794 signi.
1174 1707 1293 1765 autern
1315 1690 1375 1768 hic
1398 1693 1561 1768 Psalmus
1594 1697 1840 1790 principaliter
1864 1702 2055 1792 doctrina,
2083 1731 2165 1801 quse

136 1801 217 1871 licat
246 1799 355 1888 igitur
378 1823 453 1869 non
484 1824 558 1872 esse
581 1797 776 1872 Ecclesiam
799 1800 868 1874 Dei
887 1805 979 1875 ullas
1002 1820 1124 1896 gentes
1175 1795 1221 1866 ‘ii
1241 1811 1276 1868 ti
1299 1798 1363 1867 uhi
1390 1798 1437 1869 tii
1458 1823 1541 1869 vert
1563 1798 1636 1869 Dei
1660 1795 1838 1889 ΕῦίῙθδῑὸ,
1864 1803 2057 1896 Videlicet,
2081 1833 2166 1902 quoe

134 1915 197 1972 aut
212 1903 515 1994 congregationes,
531 1927 621 1997 quae
636 1918 798 1995 pugnant
809 1929 889 1975 cum
907 1905 1123 1980 vocessvan.
1174 1898 1303 1972 retinet
1316 1900 1507 1991 puritatem
1524 1902 1709 1973 doctrinae
1731 1928 1751 1972 a
1767 1900 1846 1974 Deo
1862 1908 2040 1994 traditae,
2068 1902 2166 1981 Hauc

135 2003 240 2094 gelii,
265 2018 300 2075 et
315 2006 412 2099 quod
426 2006 553 2076 usitate
567 2006 715 2091 dicitur,
742 2006 824 2078 Non
840 2022 892 2079 cst
913 2010 1009 2082 salus
1025 2024 1123 2087 extra
1173 2000 1405 2094 principalem
1427 2014 1462 2073 01
1485 2015 1692 2094 perpetuam
1713 2007 1928 2077 Senieniiam
1945 2003 2059 2081 huius
2071 2004 2165 2082 Psoi·

133 2101 346 2191 Ecclesiam,
381 2107 433 2175 id·
451 2107 489 2175 in
518 2104 585 2177 boc
614 2109 790 2179 versiculo
819 2132 1023 2208 expressum
1048 2127 1121 2184 est:
1174 2102 1224 2172 mi
1245 2126 1318 2174 we
1335 2105 1506 2190 “familis
1531 2104 2164 2199 ide⁰q¹1⁰vei¹1³i²⁸V0111steumfa-

133 2204 513 2279 Benecliximusvobir
544 2210 721 2281 dedomo
747 2211 915 2287 Domini,
967 2213 1062 2286 suut
1087 2229 1122 2287 eg
1172 2205 1414 2276 miliarissime
1436 2218 1563 2277 notum
1588 2229 1662 2278 esse
1678 2201 1907 2295 hominibus,
1944 2224 1986 2283 ut
2010 2214 2164 2307 quotidie

133 2310 314 2402 sequentia
330 2311 436 2379 verba
452 2336 518 2382 vox
534 2325 687 2402 patrum,
703 2308 961 2404 Prophetarum
976 2310 1121 2409 atApo.
1172 2306 1321 2378 lectores
1345 2308 1680 2394 commoneberent,
1715 2311 1760 2378 de
1794 2310 1983 2383 retinenda
2017 2315 2163 2407 puritate

133 2411 308 2482 stolorum
324 2413 547 2482 narrantium
565 2413 651 2509 quid
672 2415 839 2501 doceant,
862 2429 895 2486 ει
919 2415 1121 2491 iubentium
1172 2408 1367 2484 ἆθῦῑῐῖῠὸθ·
1418 2408 1617 2480 Μῖῦθθῦῑΰῑ
1637 2423 1756 2481 &ulem
1784 2412 1981 2501 gratiarum
2001 2417 2161 2503 actiones,

132 2513 336 2582 conservari
361 2513 620 2598 ministerium,
645 2537 814 2586 sonamus
836 2516 1007 2610 inquiunt
1027 2515 1121 2591 banc
1172 2513 1269 2605 quod
1291 2509 1389 2583 Dent
1413 2512 1613 2582 doctrinam
1644 2513 1868 2605 Ρῦῑθῖθθθῑίῑ,
1901 2529 1938 2587 et
1959 2530 2079 2589 certae
2099 2512 2157 2590 Et·

132 2613 434 2698 benedictionem,
460 2615 641 2686 videlicet:
673 2611 780 2687 Deus
801 2626 853 2689 cst
874 2614 1065 2692 Dominus
1089 2630 1122 2692 ct
1172 2613 1298 2684 clesiae
1313 2612 1512 2688 tradiderit.
1568 2611 1678 2699 item,
1703 2610 1901 2701 C⁰ssf0⁸⁸i⁰2
1926 2641 2000 2712 11⁰⁸
2013 2619 2155 2691 affirme-

134 2709 373 2783 illuminalor
389 2724 523 2789 noster.
575 2714 672 2788 Haec
687 2721 795 2789 verba
808 2718 943 2791 Psalmi
959 2721 1052 2795 liunt
1074 2724 1120 2794 il·
1171 2738 1251 2785 mut
1272 2739 1348 2786 noo
1378 2710 1472 2789 banc
1494 2716 1694 2786 doctrinam
1710 2715 1888 2807 amplecti.
1941 2718 2056 2808 item,
2079 2719 2153 2792 Pre-
2191 2719 2193 2728 '

1226 1240 1310 1336 lege
1325 1242 1484 1316 Domini
1506 1253 1581 1316 etr.

134 2816 302 2887 lustriora
329 2816 456 2890 collata
480 2813 667 2906 antithesi,
701 2821 802 2915 quasi
824 2822 935 2912 dicat,
960 2825 1120 2915 gentim
1171 2817 1283 2902 catio,
1308 2831 1349 2888 ut
1371 2818 1563 2887 doceamur
1587 2839 1628 2888 ac
1643 2816 1809 2887 iuvemur
1822 2832 1949 2891 contra
1965 2815 2087 2894 hostes
2097 2826 2150 2895 do·
2178 2885 2179 2890 ,

134 2917 283 2988 numina
298 2933 383 2991 sunt
395 2919 654 3008 commentitia,
680 2935 820 2994 tautum
836 2921 895 2996 bic
920 2926 1031 3011 mni,
1056 2927 1120 3021 qui
1171 2919 1317 2993 ctrinae.
1374 2916 1484 3004 ltem,
1503 2916 1775 2990 Consolationes
1800 2933 1937 2992 sumtae
1961 2924 2012 2993 ab
2033 2925 2145 2995 ellecti-

133 3042 170 3089 se
184 3020 347 3111 patefecit
361 3021 400 3090 in
413 3020 570 3095 Ecclesia
585 3037 638 3095 est
652 3023 865 3098 verusDeus
880 3005 1119 3121 omriipbtens,
1171 3022 1258 3107 bus,
1292 3022 1390 3115 quod
1420 3016 1485 3090 bac
1505 3044 1590 3092 voce
1612 3017 1710 3091 Deus
1731 3032 1919 3092 convertat
1951 3037 1991 3094 et
2013 3025 2146 3097 vivificet

110 3134 170 3192 -et
192 3134 243 3191 est
265 3117 503 3195 illuminator
528 3133 672 3219 noster,
699 3127 823 3220 idest,
848 3130 1051 3201 consolator
1072 3133 1120 3200 li·
1171 3127 1364 3195 credentes.
1420 3119 1517 3192 Haec
1547 3123 1708 3193 membra
1729 3121 1936 3192 dulcissime
1958 3125 2145 3212 miscentur,
2191 3116 2193 3152 ³

131 3223 262 3294 berans
276 3248 342 3294 nos
358 3249 380 3295 a
393 3238 537 3319 peccato
561 3240 596 3298 et
610 3251 631 3297 a
646 3243 778 3316 morte,
805 3231 994 3303 restituens
1015 3233 1119 3304 iusti·
1169 3240 1210 3298 ot
1225 3226 1389 3298 ostendet
1402 3223 1478 3316 ipsa
1492 3223 1610 3298 lectio.
2191 3217 2193 3298 Ϊ

131 3325 248 3396 ciaet
279 3326 386 3397 vitam
408 3341 587 3400 aeternam
608 3332 801 3402 exaudiens
828 3346 863 3402 ει
887 3333 1015 3404 iuvans
1040 3356 1118 3411 nos.
1271 3324 1415 3398 Primus
1430 3349 1553 3396 versus
1569 3324 1731 3396 doctrina
1747 3340 1818 3412 est,
1844 3329 1918 3420 quo
1942 3342 2041 3400 recte
2055 3330 2142 3401 intel·
2191 3341 2193 3427 J

127 3425 224 3499 Haec
240 3429 362 3500 omnia
378 3426 731 3524 comprehenduntur
746 3434 918 3505 vocabulo
933 3434 1119 3507 illumina·
1168 3432 1259 3502 lecto
1275 3430 1393 3499 aditus
1406 3428 1525 3521 patefit
1541 3430 1584 3498 ad
1602 3439 1716 3499 totum
1734 3425 1935 3499 Psalmum:
1960 3425 2142 3502 Beatis‘m·
2190 3451 2193 3524 g

125 3528 228 3606 toris.
628 3543 630 3546 ’
1168 3527 1354 3603 maculati
1366 3527 1406 3600 in
1426 3528 1507 3612 via,
1533 3527 1600 3628 qui
1614 3525 1813 3599 ambulant
1836 3526 1876 3598 in
1892 3526 1974 3626 lege
1988 3528 2141 3613 Domini,
2190 3546 2193 3557 '

230 3630 355 3705 Postea
383 3634 510 3706 iubent
537 3630 605 3707 hoc
633 3635 873 3709 ministerium
896 3638 1099 3711 conservari
1106 3664 1115 3709 s
1168 3636 1205 3706 id
1221 3648 1292 3715 est,
1318 3633 1374 3703 illi
1394 3631 1467 3703 soli
1487 3647 1574 3704 sunt
1587 3631 1745 3703 membra
1761 3654 1865 3700 verae
1884 3627 2070 3708 Ecclesiae
2080 3632 2142 3720 Dei,

128 3729 272 3808 Ornata
279 3735 422 3834 sestam
431 3731 637 3835 frondibus
659 3761 772 3837 usque
791 3735 849 3810 od
858 3763 997 3812 cornua
1012 3736 1116 3811 olto·
1166 3739 1229 3833 qni
1243 3735 1508 3828 amplectuutur
1520 3733 1720 3806 doctrinam
1735 3730 1804 3804 Dei
1819 3733 2069 3830 incorruptam
2087 3737 2141 3808 lide

92 3897 98 3908 .
129 3838 201 3931 ris,
228 3840 359 3922 idest,
389 3840 562 3910 celebrate
584 3842 733 3928 festum,
765 3857 971 3914 conservate
995 3843 1115 3935 publi·
1166 3855 1200 3913 et
1215 3842 1309 3912 bona
1325 3834 1550 3911 conscientia.
2190 3840 2193 3931 j

129 3966 209 4013 cum
242 3940 480 4010 ministerium
513 3955 547 4012 et
580 3944 763 4014 doctrinae
796 3946 997 4037 puritatem.
1062 3942 1115 4015 lta
1266 3940 1338 4012 Hic
1366 3939 1523 4030 primum
1555 3936 1727 4006 monendi
1758 3951 1843 4008 suot
1877 3936 2041 4010 iuniores
2070 3935 2140 4010 hacc
2190 3938 2193 3962 ¹

126 4042 351 4138 praecipiunt
379 4054 583 4113 reverenter
612 4044 774 4114 adiuvari
797 4046 975 4138 publicam
1004 4046 1113 4115 mini·
1165 4045 1272 4116 verba
1290 4043 1328 4112 in
1346 4038 1571 4112 totoPsalmo
1590 4061 1721 4130 sparsa.
1755 4036 2004 4126 Immaculati‚
2028 4043 2138 4113 ambo·
2192 4073 2193 4090 ι

127 4147 226 4218 sterii
253 4141 444 4234 Evangelii
479 4146 804 4233 conservationem,
843 4170 917 4219 non
947 4148 1113 4241 dissipari
1164 4150 1277 4219 lantes
1300 4145 1338 4214 in
1354 4144 1430 4235 lege
1446 4140 1615 4226 Domini,
1640 4141 1878 4212 custodientes
1892 4140 2135 4216 mandataDo·

125 4244 341 4333 Ecclesiam,
371 4270 447 4319 uon
467 4245 543 4316 lieri
567 4247 784 4330 vastitatem,
810 4251 872 4320 sed
893 4250 1007 4322 foveri
1029 4276 1112 4322 vera
1166 4250 1275 4334 mini,
1309 4245 1599 4329 iustificationes,
1631 4244 1854 4328 testimonia,
1895 4266 1972 4313 non
2003 4243 2136 4334 intelligi
2190 4261 2193 4271 ¹

127 4351 310 4422 doctrinae
330 4350 465 4436 studia,
489 4371 715 4420 communem
728 4347 908 4423 Ecclesiae
929 4353 1110 4424 consocia·
1162 4353 1325 4447 νομικῶς
1347 4349 1392 4418 de
1421 4345 1628 4439 impletione
1651 4345 1755 4437 legis,
1788 4347 1832 4414 de
1862 4369 1934 4440 qua
1957 4346 2090 4419 dicitur
2105 4346 2136 4414 io
2190 4358 2193 4372 ·

126 4452 263 4523 tionem
278 4451 447 4522 omnibus
462 4450 600 4524 officiis.
652 4451 795 4526 Pictura
817 4455 1002 4526 frondium
1024 4479 1111 4526 eon·
1162 4448 1459 4526 Deuteronomio:
1487 4447 1701 4520 Maledictus
1715 4447 1778 4543 qui
1803 4471 1878 4516 non
1902 4446 2136 4539 permanetis

126 4548 300 4624 tertarum
315 4567 350 4624 et
363 4552 590 4642 alligatorum
606 4554 652 4626 ad
673 4555 803 4642 altare,
829 4558 946 4647 imago
969 4572 1021 4629 est
1045 4559 1111 4628 do-
1162 4557 1330 4628 omnibus
1351 4549 1427 4647 his,
1451 4574 1543 4647 quae
1567 4549 1697 4650 scripta
1723 4562 1807 4621 sunt
1827 4549 1867 4619 in
1882 4548 1978 4639 lege:
2007 4553 2067 4622 sed
2082 4547 2136 4620 boc
2191 4534 2193 4573 ²

126 4654 281 4726 centium
302 4667 338 4726 et
362 4654 585 4741 auditorum,
617 4658 682 4756 qui
710 4657 784 4730 sint
811 4660 1004 4730 consociati
1024 4684 1110 4730 voce
1161 4659 1240 4730 loeo
1255 4672 1289 4730 et
1302 4680 1405 4747 saepe
1417 4657 1505 4735 alias
1524 4654 1686 4748 loquitur
1710 4677 1779 4722 vox
1796 4649 1921 4723 divina
1946 4652 2136 4745 evangelice

125 4755 326 4840 doctrinae,
362 4755 606 4846 invocatione,
639 4759 878 4849 confessione,
916 4761 1109 4852 gratiarum
1160 4763 1205 4833 de
1219 4761 1436 4854 professione
1451 4756 1677 4846 incorruptae
1693 4753 1894 4839 doctrinae,
1919 4776 2019 4850 quae
2032 4769 2135 4828 umen

127 4859 284 4930 actione:
313 4873 348 4930 et
368 4855 504 4948 alligati
526 4860 573 4929 ad
602 4883 716 4934 unum
740 4863 869 4958 altare,
900 4863 938 4934 id
964 4877 1037 4951 est,
1061 4866 1107 4934 ad
1159 4865 1200 4936 lit
1220 4863 1290 4935 lide
1309 4876 1344 4935 et
1365 4857 1710 4944 booaeouscientia,
1733 4872 1775 4929 ut
1789 4856 1888 4929 Ioao·
1907 4853 1989 4928 14.:
2016 4854 2135 4952 Siquis

122 4957 359 5033 Mediatorem
374 4972 408 5030 et
423 4959 596 5031 unitatem
612 4958 803 5038 Ecclesiae.
1159 4966 1277 5058 diligit
1300 4989 1378 5052 me,
1409 4986 1609 5035 sermonem
1637 4983 1757 5031 mcum
1779 4957 1954 5045 servabit,
1989 4975 2028 5033 ct
2049 4974 2135 5053 pstec

211 5059 359 5154 Reliqui
374 5083 494 5132 versus
510 5077 593 5135 sunt
608 5066 771 5158 repetitio
786 5067 978 5158 gratiarum
994 5068 1107 5139 actio-
1158 5091 1259 5140 meus
1281 5067 1407 5160 diliget
1427 5091 1529 5153 eum,
1551 5078 1589 5137 et
1609 5063 1792 5133 veniemus
1815 5064 1861 5132 ad
1882 5084 1967 5131 eum
1992 5075 2029 5135 et
2047 5083 2134 5132 mao-

121 5164 188 5235 nis.
240 5161 356 5235 Totos
369 5162 480 5259 igitur
494 5162 655 5239 Psalmus
679 5170 925 5262 principaliter
945 5170 1105 5241 namatio
1156 5170 1295 5241 sionem
1311 5171 1406 5263 apud
1424 5175 1505 5239 eum
1520 5166 1701 5239 faciemus.
1754 5161 1805 5237 Ut
1820 5164 1916 5234 enim
1933 5163 1988 5235 ibi
2006 5184 2134 5236 servare

119 5280 172 5338 est
193 5265 369 5357 passionis
402 5278 438 5336 ει
465 5265 636 5341 victoriae
658 5268 830 5356 Messias,
860 5286 895 5346 et
919 5294 1104 5345 causarum
1155 5295 1374 5359 sermonem,
1406 5293 1632 5366 nequaquam
1660 5266 1872 5356 intelligitur
1901 5271 2071 5359 νομικῶς
2098 5267 2134 5337 de

116 5383 263 5462 propter
285 5391 374 5465 quas
396 5390 519 5461 passus
547 5383 655 5445 estet
678 5373 782 5462 vicit,
806 5390 841 5452 et
861 5377 995 5451 inserta
1019 5389 1130 5455 sunt*
1156 5375 1293 5469 integra
1316 5374 1525 5469 impletione
1547 5370 1654 5464 legis,
1683 5371 1744 5443 sed
1767 5373 1812 5441 de
1836 5370 2003 5444 custodia
2028 5371 2133 5442 incor-
