4538 5754
119 217 223 296 1161

705 154 783 295 tr.
839 213 1208 295 couuuuranu
1240 217 1292 292 nv
1323 214 1569 295 asaruos.

2067 221 2171 315 stes

223 391 365 465 Nomen
395 382 588 464 sacerdotis
618 390 775 481 primum
804 405 840 463 et
868 390 1114 482 principaliter
1166 403 1206 461 ut
1224 392 1287 463 ubi
1304 414 1366 481 ego
1383 415 1481 474 sum,
1507 404 1540 461 et
1556 387 1612 459 illi
1629 412 1765 459 mecum
1781 388 1866 465 sint.
1918 389 2023 463 Item:
2050 391 2178 470 Serva.

114 496 287 566 convenit
315 495 414 566 Filio
429 493 496 564 Dei
514 494 670 564 Domino
704 507 828 563 nostro
859 492 939 564 lesu
960 490 1114 578 Christo,

114 597 180 692 qui
200 597 337 688 primus
353 598 514 667 secerdos
527 611 613 667 tunc
628 595 744 665 statim
762 596 851 678 fuit,
878 597 1024 688 quando
1036 610 1113 684 post

114 699 257 790 lapsum
273 699 374 768 Adae
398 712 434 768 et
457 697 555 767 Evae
576 695 775 768 intercessit
798 722 863 788 pro
888 710 963 767 toto
985 720 1113 788 genere

114 795 297 885 humano,
331 813 365 871 et
388 799 521 870 obtulit
542 823 578 868 se
601 803 644 868 ad
671 795 762 868 hanc
786 800 1046 881 obedientiam,
1072 814 1112 869 ut

114 925 269 992 poenam
291 904 329 973 in
356 924 391 970 se
414 901 609 981 derivaret,
642 915 676 973 et
697 900 828 971 deinde
856 901 970 972 edidit
991 925 1111 972 vocem

115 1003 368 1095 promissionis
383 1003 421 1071 in
439 999 621 1073 Paradiso.

221 1120 347 1192 Postea
379 1122 441 1191 alii
467 1122 530 1215 qni
557 1147 642 1193 vero
673 1120 872 1192 ministerio
903 1122 1113 1212 iunguntur,

113 1223 388 1316 participatione
403 1226 601 1294 sacerdotes
617 1239 722 1311 sunt,
749 1225 832 1317 quia
852 1223 1008 1317 aliquam
1029 1248 1110 1315 par·

113 1338 187 1395 tem
209 1326 395 1396 sacerdotii
416 1320 553 1396 Christi
576 1327 846 1411 administrant,
874 1340 908 1395 et
932 1321 1039 1396 huius
1055 1349 1111 1394 sa-

114 1427 272 1497 cerdotis
292 1426 461 1498 beneficia
484 1428 725 1513 distribuunt,
759 1428 839 1496 ideo
862 1441 1044 1497 teneamus
1065 1427 1110 1496 il-

113 1527 227 1599 Iustre
242 1527 435 1599 discrimen
449 1529 544 1600 inter
558 1554 737 1624 summum
762 1531 976 1599 sacerdotem
998 1542 1034 1600 et
1055 1552 1110 1599 re·

114 1628 257 1724 liquum
273 1630 471 1720 collegium.

221 1744 394 1820 Summus
416 1750 579 1819 sacerdos
606 1763 657 1820 est
684 1773 834 1842 persona
862 1746 1065 1818 immediate
1090 1772 1110 1816 a

116 1845 194 1919 Deo
216 1848 385 1921 ordinata
411 1852 454 1920 ad
480 1852 771 1922 annunciandum
794 1847 1050 1939 Evangelium,
1076 1864 1110 1920 et

113 1952 161 2021 ad
177 1951 401 2021 offerendum
427 1953 611 2043 proprium
635 1951 863 2037 sacrificium,
896 1953 939 2021 ad
966 1952 1109 2042 placan-

114 2054 205 2123 dum
220 2052 311 2121 iram
328 2051 413 2132 Dei,
438 2066 475 2124 ct
491 2056 535 2122 ad
555 2054 841 2124 satisfaciendum
866 2052 1024 2124 iusticiae
1041 2051 1108 2123 Dei

113 2154 319 2245 pronubis,
344 2155 443 2224 etad
469 2178 534 2223 nos
549 2156 793 2241 redimendos,
819 2179 859 2225 ac
884 2156 927 2223 ad
956 2155 1108 2225 interce-

95 2255 276 2329 dendum
311 2279 375 2346 pro
409 2257 533 2340 nobis,
586 2270 620 2327 et
652 2251 789 2327 habens
822 2255 1108 2348 promissionem,

115 2358 214 2450 quod
236 2352 335 2426 Deus
359 2381 439 2426 eum
471 2356 652 2442 exaudiat,
684 2371 719 2428 et
741 2382 822 2427 vere
844 2357 903 2426 fiat
927 2356 1108 2448 propicius

115 2456 286 2528 omnibus
302 2482 368 2549 pro
384 2460 514 2552 quibus
530 2456 589 2529 hic
606 2460 768 2529 sacerdos
790 2459 987 2530 intercedit.
1032 2455 1107 2528 Ha·

114 2559 206 2628 bens
227 2562 455 2652 mandatum,
494 2573 535 2631 ut
559 2561 762 2631 immediate
792 2561 959 2653 ipseper
986 2584 1106 2630 vocem

113 2657 304 2749 Evangelii
318 2675 496 2732 aeternam
510 2658 705 2733 Ecclesiam
721 2661 876 2753 colligat.

217 2774 317 2849 Haec
337 2778 496 2848 definitio
515 2779 660 2871 propria
685 2791 737 2848 cst
759 2778 889 2848 summi
903 2776 1106 2862 sacerdotis,

115 2876 177 2972 qui
186 2891 242 2953 est
251 2876 365 2949 Filius
379 2876 446 2950 Dei
464 2882 644 2950 redemtor
658 2893 791 2970 noster,
809 2876 905 2950 hunc
919 2903 992 2948 esse
1008 2878 1107 2949 ordi-

117 2993 240 3050 natum
252 2980 739 3052 decretodiviuitatisdictum
756 2995 808 3052 est
822 2983 860 3050 in
869 2976 938 3051 hoc
946 2979 1105 3051 Psalmo:

117 3076 451 3168 IuravitDominus,
466 3097 501 3153 et
518 3106 590 3153 non
607 3083 805 3174 poenitebit
820 3107 913 3153 eum.
950 3077 999 3152 Et
1007 3081 1106 3152 Psal-

119 3205 175 3253 mo
193 3178 276 3255 44st
310 3181 422 3254 Unxit
445 3197 479 3255 te
500 3180 616 3270 Deus,
644 3181 742 3254 Deos
757 3200 838 3257 tuus
852 3185 932 3254 oleo
947 3185 1105 3254 laeticiae

120 3295 264 3375 propter
285 3300 465 3356 consortes
487 3299 579 3357 tuos.
632 3283 681 3356 Et
697 3282 825 3358 Esaiae
844 3286 923 3358 61.:
949 3284 1105 3380 Spiritus

118 3378 265 3457 Domini
277 3408 383 3476 super
397 3412 472 3473 me,
498 3413 539 3460 eo
557 3390 652 3481 quod
675 3389 817 3459 unxerit
832 3411 900 3462 me.

220 3500 388 3575 Secundo
417 3509 512 3599 quod
543 3507 738 3577 annunciet
756 3504 994 3596 Evangelium
1020 3522 1104 3580 nota

120 3627 184 3674 vox
197 3617 267 3674 est:
294 3603 408 3676 Filius
425 3608 485 3700 qui
503 3620 553 3678 est
570 3609 607 3676 in
631 3609 714 3679 sinu
732 3610 841 3699 patris
863 3610 938 3698 ipse
961 3634 1104 3680 enarra-

121 3706 167 3778 vit
194 3704 342 3780 nobis·
374 3705 461 3777 Item
493 3707 573 3782 Esa.
599 3711 679 3783 61.:
724 3705 782 3780 ad
812 3711 1104 3782 annunciandum

120 3806 259 3879 afflictis
274 3809 371 3882 misit
384 3834 459 3895 me,
485 3825 525 3880 ut
540 3815 683 3881 medear
697 3812 860 3884 contritis
876 3816 995 3888 corde.

228 3925 353 3997 Tertio
388 3930 485 4021 quod
520 3930 645 4001 offerat
678 3933 861 4023 proprium
895 3933 1105 4005 sacrificium

120 4055 189 4123 quo
212 4029 374 4121 placatur
399 4033 450 4100 ira
469 4029 556 4115 Dei,
585 4046 669 4102 sunt
690 4035 874 4105 manifesta
892 4036 1106 4121 testimonia,

118 4125 330 4203 Esaiae53.:
357 4131 451 4221 Quia
470 4124 577 4224 ponet
589 4135 743 4203 animam
761 4157 859 4205 suam
872 4131 1022 4207 hostiam
1040 4161 1104 4228 pro

142 4249 260 4305 eccato
276 4234 413 4304 videbit
428 4258 547 4304 semen
563 4235 785 4325 longaevum.
812 4235 900 4308 Item
917 4236 1105 4314 Ioan.17.:

118 4255 196 4426 Ego
214 4357 272 4407 me
297 4360 360 4426 pro
384 4336 434 4404 eis
451 4338 648 4423 sanctifico,
674 4339 711 4407 id
727 4353 795 4424 est,
822 4340 943 4410 offero.
996 4339 1104 4412 Item:

117 4428 212 4509 Ecce
232 4459 345 4527 agnus
368 4433 436 4506 Dei
460 4440 522 4531 qui
545 4440 638 4509 tollit
664 4455 802 4531 peccata
827 4442 964 4516 mundi.
1016 4441 1104 4513 Item

117 4534 225 4608 Rom.
236 4539 289 4609 S:
306 4537 360 4609 De
376 4542 908 4631 peccatodamnavitpeccatum.
936 4542 1105 4620 Romula

118 4637 294 4710 'I'raditus
317 4654 368 4711 est
395 4657 538 4733 propter
560 4644 687 4713 delicta
704 4660 846 4719 nostra.
898 4642 1008 4717 Hebe.
1031 4647 1105 4740 ¹⁰1²

118 4739 202 4831 Qua
216 4744 403 4813 voluntate
427 4745 633 4815 sanctificati
657 4769 778 4816 sumus
802 4771 866 4840 per
887 4748 1104 4820 oblationem

117 4845 279 4937 corporis
296 4842 375 4916 lesu
392 4841 524 4916 Christi
542 4849 660 4920 semel.

221 4961 362 5051 Quarto
383 4978 461 5032 urat
483 4989 548 5054 pro
570 4966 693 5049 nobis,
720 4976 759 5033 ut
783 4961 1005 5040 Iohan.1'l·:
1033 4965 1104 5040 Ubi

118 5067 226 5137 etiam
249 5066 459 5135 solennibus
482 5067 599 5135 verbis
624 5067 778 5158 applicat
804 5069 1013 5138 sacrificium
1038 5094 1104 5161 pro

120 5167 241 5247 nobis,
268 5168 450 5259 inquiens:
479 5164 555 5257 Ego
569 5192 635 5260 pro
652 5171 701 5238 eis
715 5172 893 5241 sanctifico
910 5196 977 5256 me,
994 5187 1027 5243 et
1040 5175 1106 5241 ad-

119 5271 176 5343 dit
188 5270 448 5362 precationem:
466 5266 544 5341 Oro
555 5294 629 5340 non
649 5295 714 5361 pro
730 5273 780 5341 eis
794 5286 948 5358 tantum,
960 5275 1020 5343 sed
1038 5298 1103 5365 pro

120 5373 313 5445 credituris
328 5395 391 5462 per
406 5374 553 5443 verbum
570 5397 705 5447 eorum.
759 5371 863 5445 Item:
891 5374 997 5448 Pater
1010 5377 1105 5463 volo,

1165 517 1226 562 eos
1242 496 1280 562 in
1297 495 1443 564 nominc
1458 506 1540 573 tuo,
1574 505 1614 562 ut
1629 514 1742 562 unum
1758 492 1830 563 sint
1844 493 2016 578 innubis.
2069 494 2160 570 Item

1165 593 1273 670 Rom.
1289 597 1342 670 8.:
1370 595 1477 667 Sedet
1494 596 1536 662 ad
1555 595 1714 662 dextram
1732 591 1798 662 Dei
1812 607 1847 665 et
1863 595 2068 685 interpellat
2092 623 2159 690 pro

1165 698 1280 767 nobis.
1331 692 1596 768 EtEsaiae53.2
1624 692 1695 765 Pro
1711 698 2028 786 transgressoribus
2048 717 2161 791 rogat.

1266 798 1405 888 Quinto
1436 800 1531 891 quod
1574 793 1701 867 habeat
1735 798 2027 889 promissionem,
2062 805 2160 895 qnod

1165 902 1396 985 exaudiatur,
1421 913 1595 973 testantur
1609 899 1716 973 dicta.
1768 897 1962 975 Ioan.11.:
1996 900 2072 991 Ego
2095 928 2162 974 au·

1163 1016 1234 1070 tem
1251 1003 1405 1072 sciebam
1421 1004 1517 1095 quod
1535 1025 1591 1069 me
1614 1023 1752 1091 semper
1776 1002 1930 1072 exaudis.
1982 999 2032 1075 Et
2049 1001 2159 1076 Hebr.

1164 1099 1216 1173 5.:
1250 1103 1340 1176 Cum
1365 1105 1520 1174 clamore
1544 1103 1664 1172 valido
1691 1117 1725 1173 et
1749 1103 1906 1172 lacrimis
1923 1105 2097 1186 ollerens,
2124 1121 2160 1180 et

1164 1206 1350 1275 exauditus
1365 1221 1415 1277 est
1433 1218 1577 1296 propter
1591 1227 1689 1275 suam
1707 1205 1961 1278 obedientiam.
1993 1206 2088 1280 Psal.
2104 1210 2156 1283 2.:

1162 1307 1308 1378 Postula
1331 1299 1352 1376 a'
1374 1331 1448 1392 me,
1482 1320 1517 1378 et
1542 1308 1635 1376 dabo
1665 1306 1729 1375 tibi
1760 1320 1880 1396 gentes
1905 1302 2156 1380 haereditatem

1163 1423 1272 1478 tuam.
1326 1406 1513 1483 Psat.15.:
1537 1407 1677 1480 Sanctis
1699 1409 1762 1499 qui
1779 1422 1862 1480 sunt
1878 1409 1917 1476 in
1933 1423 2025 1480 terra
2054 1410 2158 1481 miri·

1163 1512 1281 1581 beabit
1311 1533 1434 1579 omnes
1461 1511 1661 1579 voluntates
1697 1532 1789 1584 suas.
1840 1508 1921 1581 Esa.
1953 1512 2034 1583 42:
2066 1510 2156 1585 Ecce
2201 1580 2203 1585 ,

1162 1636 1285 1683 servus
1302 1636 1400 1682 meus
1420 1613 1626 1684 sustentabo
1642 1634 1740 1691 eum,
1770 1623 1805 1681 et
1819 1611 1951 1681 electus
1965 1637 2063 1684 meus
2083 1638 2154 1707 quo

1162 1714 1359 1784 delectatur
1380 1715 1499 1783 anima
1521 1737 1611 1786 mea.
1664 1712 1708 1783 Et
1732 1710 1854 1783 Esaiae
1880 1711 1942 1784 63.
1976 1713 2154 1787 Voluntas

1161 1813 1311 1886 Domini
1325 1816 1362 1884 in
1379 1837 1486 1885 manu
1505 1815 1580 1885 eius
1596 1813 1786 1903 dirigetur,
1811 1812 2006 1884 Promissio
2022 1831 2072 1886 est
2096 1840 2154 1889 as·

1161 1940 1326 1991 severans
1357 1918 1594 2008 perlectorum
1625 1940 1699 1987 esse
1733 1916 1982 1988 liberationem
2013 1921 2153 2007 generis

1160 2015 1328 2102 humani,
1354 2020 1397 2087 ad
1421 2042 1526 2110 qnam
1550 2018 1720 2096 mittitur,
1747 2032 1781 2087 et
1796 2014 1873 2086 Deo
1888 2032 1986 2106 grata
2011 2043 2085 2088 esse
2100 2046 2151 2101 ea,

1160 2146 1251 2213 quae
1273 2117 1331 2189 hic
1353 2119 1503 2191 Messias
1526 2121 1655 2208 agitet
1678 2133 1771 2210 petet
1794 2118 1882 2192 fieri.
1933 2115 2060 2190 Esaiae
2075 2119 2152 2194 55.:

1159 2221 1204 2293 Et
1219 2223 1344 2292 feriam
1359 2223 1540 2290 vobiscum
1554 2222 1679 2291 foedus
1692 2221 1968 2310 sempiternum,
1990 2244 2047 2291 me
2063 2224 2151 2293 lide-
2234 2260 2237 2266 ,

1160 2325 1242 2393 liter
1265 2328 1432 2392 daturum
1454 2346 1526 2391 esse
1548 2322 1825 2392 misericordiam
1848 2319 1978 2392 Davidi
1997 2326 2151 2415 promis·

1160 2449 1254 2506 sam,
1281 2427 1375 2519 quod
1401 2426 1439 2493 in
1458 2420 1558 2494 Actis
1576 2423 1704 2495 citatur
1719 2419 1788 2493 hoc
1804 2426 1930 2492 modo:
1956 2421 2059 2495 Dabo
2076 2424 2150 2497 Da-

1160 2528 1218 2595 vid
1251 2540 1370 2596 sancta
1399 2526 1538 2611 tidelia,
1573 2528 1610 2593 id
1635 2539 1705 2609 est,
1738 2525 1800 2595 illa
1835 2525 1928 2594 brana
1963 2528 2149 2618 promissa,

1160 2631 1252 2699 dabo
1267 2630 1299 2696 ei
1314 2628 1466 2699 fideliter
1481 2641 1516 2697 et
1534 2627 1767 2697 veracissime.
1809 2624 1956 2695 loannis
1974 2626 2049 2702 ll.:
2076 2627 2149 2701 De·

1159 2731 1243 2801 disti
1260 2729 1292 2799 ei
1314 2742 1520 2820 potestatem
1540 2730 1658 2798 omnis
1680 2729 1818 2813 carnis,
1838 2742 1879 2798 ut
1896 2732 1956 2800 det
1972 2729 2022 2800 eis
2038 2731 2148 2801 vitam

1159 2846 1349 2914 aeternam.
1409 2829 1498 2901 Item
1528 2825 1658 2901 Mattb.
1680 2830 1825 2900 ultimo:
1862 2825 1952 2899 Data
1978 2845 2030 2904 est
2056 2828 2146 2903 mihi

1158 2934 1274 3002 omnis
1301 2945 1455 3024 potestas
1483 2931 1521 3000 in
1541 2932 1640 3002 coelo
1660 2943 1694 3000 et
1724 2932 1764 2999 in
1786 2945 1892 3002 terra.
1946 2929 2147 3013 Ioan.16.:

1158 3035 1338 3128 Quicquid
1354 3033 1524 3123 petieritis
1540 3046 1674 3125 patrem
1696 3031 1734 3101 in
1750 3032 1897 3102 nomine
1911 3057 2011 3115 meu,
2032 3035 2147 3111 saciet.

1157 3134 1204 3207 Et
1221 3138 1261 3205 in
1279 3131 1345 3207 hoc
1354 3133 1514 3207 Psalmo:
1541 3132 1600 3206 Tu
1615 3158 1650 3205 es
1668 3135 1830 3204 sacerdos
1846 3148 1911 3205 etc.
1923 3188 1934 3218 ,
1948 3133 2030 3204 ideo
2048 3136 2145 3206 enim

1157 3241 1305 3330 ungitur
1319 3251 1354 3308 et
1368 3236 1597 3307 constituitur
1611 3238 1773 3306 sacerdos
1787 3247 1827 3304 ut
1844 3235 2064 3309 exaudiatur.

1256 3339 1457 3413 Constituto
1480 3339 1687 3409 delinitione
1711 3336 1842 3409 summi
1860 3338 2049 3408 sacerdotis
2072 3338 2144 3409 ism

1157 3445 1201 3513 de
1222 3442 1393 3512 membris
1413 3441 1494 3510 eius
1508 3440 1677 3510 dicemus.
1727 3437 1936 3511 Sacerdotes
1951 3440 2143 3531 participa-

1156 3547 1252 3616 tione
1269 3544 1332 3637 qui
1347 3555 1430 3614 sunt
1445 3542 1603 3612 membra
1619 3538 1775 3625 Christi,
1801 3553 1836 3610 et
1853 3554 1972 3611 tamen
1989 3566 2070 3612 vere
2087 3566 2144 3613 sa-

1157 3648 1332 3730 cerdotes,
1361 3658 1444 3716 sunt
1480 3667 1605 3713 omnes
1641 3643 1851 3733 accipientes
1881 3642 2089 3713 unctionem
2122 3668 2144 3717 a

1081 3817 1084 3822 .
1157 3771 1295 3817 summo
1311 3747 1492 3816 sacerdote
1506 3742 1600 3814 Filio
1616 3741 1703 3828 Dei,
1730 3741 1963 3833 Evangelium
1977 3757 2011 3815 et
2028 3743 2143 3836 Spiri-

1156 3863 1231 3919 tum
1257 3863 1438 3933 sanctum,
1468 3846 1625 3916 ordinati
1648 3850 1689 3916 ad
1716 3846 1992 3932 confessionem,
2018 3870 2059 3917 ac
2076 3871 2142 3940 pro

1157 3968 1314 4042 tempore
1336 3953 1378 4020 ad
1404 3950 1660 4033 ministerium,
1691 3971 1766 4018 non
1791 3947 1978 4018 offerentes
2000 3950 2144 4041 propria

1156 4053 1325 4124 sacrificia
1344 4052 1613 4144 propiciatoria,
1638 4051 1761 4134 idest,
1787 4064 1826 4121 ut
1844 4050 1923 4120 aliis
1940 4066 2144 4121 mereantur

1157 4156 1500 4234 reconciliationem,
1537 4156 1596 4223 sed
1629 4151 1836 4225 sanctificati
1866 4175 1940 4219 uno
1970 4149 2143 4222 sacrificio

1156 4257 1287 4327 summi
1303 4256 1510 4339 sacerdotis,
1537 4251 1706 4325 habentes
1724 4253 1927 4322 mandatum
1946 4266 1980 4320 et
2003 4253 2077 4333 ius,
2102 4266 2144 4323 ut

1155 4361 1311 4428 fructum
1336 4354 1442 4427 huius
1465 4358 1625 4428 sacrilicii
1650 4357 1717 4425 sibi
1738 4351 1933 4443 applicent,
1960 4366 1994 4421 et
2014 4352 2143 4425 fiducia

1155 4460 1284 4529 summi
1307 4460 1501 4545 ,sacerdotis
1516 4458 1682 4530 invocent
1698 4455 1833 4532 Deum,
1857 4468 1892 4524 et
1912 4454 2063 4524 offerant
2086 4478 2143 4524 sa-

1156 4561 1286 4632 crificia
1318 4563 1450 4646 laudis,
1488 4575 1521 4631 et
1552 4556 2014 4648 habentespromissionem
2044 4559 2144 4650 quod

1156 4665 1411 4752 exaudiantur,
1444 4663 1640 4754 perferente
1663 4683 1802 4730 summo
1819 4660 1999 4728 sacerdote
2020 4671 2142 4728 nostra

1156 4780 1236 4837 vota
1258 4780 1292 4836 et
1313 4766 1481 4836 sacrificia
1504 4763 1543 4831 in
1564 4775 1681 4833 sancta
1706 4775 1926 4840 sanctorum,
1953 4761 1989 4829 id
2010 4771 2078 4844 cst,
2103 4760 2143 4828 in

1156 4891 1323 4937 arcanum
1348 4867 1536 4938 consilium
1560 4864 1765 4936 divinitatis.
1817 4859 1868 4932 Ita
1893 4862 1984 4933 dicit
2001 4857 2143 4931 Petrus:

1157 4969 1231 5039 Vos
1252 4970 1335 5039 estis
1355 4968 1590 5039 sacerdotium
1611 4981 1770 5039 sanctum
1794 4966 1838 5032 ad
1856 4963 2054 5033 offerendas
2071 4964 2144 5054 spi-

1157 5071 1301 5141 rituales
1316 5067 1449 5143 hostias
1466 5083 1627 5162 acceptas
1638 5069 1712 5140 Deo
1733 5089 1796 5158 per
1815 5064 1928 5135 lesum
1947 5061 2144 5139 Christum.

1157 5173 1263 5243 Tales
1288 5187 1372 5243 sunt
1398 5175 1597 5242 sacerdotes
1618 5168 1750 5253 Adam,
1777 5165 1887 5252 Abel,
1921 5166 2016 5250 Nos,
2049 5165 2144 5245 Sem,

1157 5271 1358 5354 Abraham,
1392 5275 1531 5357 Esaias,
1563 5270 1740 5364 Baptista,
1781 5267 1914 5352 Maria,
1948 5261 2145 5349 Elizabeth,

1156 5392 1191 5449 et
1205 5400 1328 5447 omnes
1343 5375 1487 5463 Sancti,
1510 5397 1665 5470 quorum
1679 5372 1792 5465 aliqui
1808 5395 1871 5442 suo
1891 5385 2047 5460 tempore
2062 5380 2146 5437 sunt

1534 5477 1611 5550 ts·
1683 5527 1685 5530 ⁴
