4538 5754
108 216 185 290 aas
778 219 808 292 ι.
860 176 1454 299 constructivorum
2052 238 2127 314 774

105 388 166 459 die
189 387 379 484 quieverit,
412 410 493 460 cum
515 400 633 461 tamen
664 405 833 482 perpetuo
854 408 964 478 creet,
997 394 1094 476 iuxta
1246 390 1341 467 illud
1359 390 1539 482 quiescere
1553 415 1628 464 non
1642 411 1754 487 potest
1768 400 1845 470 lieri
1860 403 1993 494 integra
2010 423 2125 482 vetere

103 491 201 561 illud
220 490 260 560 in
275 486 451 562 lohanue:
483 489 590 562 Pater
604 515 704 562 meus
718 497 950 588 usque-modo
968 518 1093 586 opera·
1143 507 1321 579 creatura,
1356 493 1439 583 qula
1461 506 1561 563 velu⁸
1590 512 1748 570 creatura
1775 515 1913 576 lanium
1938 521 1988 576 ⁰⁸¹
2018 535 2123 602 “¹th

103 607 176 666 tur.
228 588 278 663 Ει
292 593 331 663 in
346 590 464 665 Actis:
488 590 531 663 ln
546 593 624 684 ipso
637 615 770 679 sumus,
795 595 950 666 vivimus
965 609 1000 666 et
1014 621 1093 667 mo.
1143 595 1342 666 motionum
1359 595 1593 681 naturalium,
1619 620 1701 687 ergo
1715 618 1853 691 oportet
1869 629 1944 674 earu
1963 610 2107 687 destrui.

102 717 242 764 vamur.
294 691 508 785 Respondeo
523 694 696 785 primum,
724 690 815 764 hanc
835 698 996 790 requiem
1018 719 1091 766 esse
1246 692 1358 765 Vetus
1383 708 1541 767 creatura
1566 699 1760 770 destruitur
1778 721 1923 776 vacante
1939 704 2016 777 Deo
2036 715 2112 807 ipso

101 795 348 886 accipiendam
376 796 447 880 sic,
473 797 568 889 quod
593 819 667 865 non
691 800 885 887 perrexerit
906 799 1008 891 plura
1032 821 1090 887 ge·
1142 795 1192 864 sic
1207 794 1341 888 quievit
1358 795 1396 863 in
1414 798 1576 888 sepulcro
1593 795 1766 874 Christus.
2114 774 2124 803 ’

101 920 193 968 nera
209 921 328 968 rerum
344 901 507 975 condere,
523 920 631 989 quam
648 911 850 969 enumerata
865 916 959 980 sunt,
981 903 1090 969 adeo·
1241 892 1476 988 Benedicere‚
1503 911 1557 970 est
1572 900 1851 975 incolumitatem
1868 922 1903 978 et
1926 912 2121 1002 proiectum
2203 915 2209 927 ’

103 1022 176 1092 que
201 1002 298 1092 quod
321 999 545 1092 conquiescat
564 997 660 1069 fleu,
682 999 721 1067 5„
744 995 812 1069 ho,
831 1002 983 1091 opificio,
1037 998 1091 1087 lca
1140 995 1335 1086 imperare,
1361 1001 1571 1091 sicutsupra
1594 1003 1775 1075 benedixit
1796 1007 2038 1085 animantibus
2084 1021 2122 1089 id

102 1114 201 1171 certe
216 1101 405 1184 sentimus,
425 1125 505 1200 non
521 1100 641 1192 plures
655 1123 729 1170 esse
745 1115 807 1171 aut
830 1104 968 1172 futuros
983 1125 1089 1171 mun·
1141 1109 1210 1181 est,
1237 1099 1345 1178 dixit,
1371 1112 1411 1168 ut
1430 1102 1590 1175 existant.
1641 1102 1696 1175 lta
1719 1101 1778 1175 hic
1801 1107 1950 1199 septimo
1965 1071 2123 1190 diei’be·

101 1205 182 1288 dos,
211 1196 308 1272 hunc
330 1201 444 1271 solum
460 1225 534 1270 esse
550 1196 736 1271 homiuum
755 1214 872 1272 ortum
889 1217 922 1272 et
940 1207 1090 1294 lapsum,
1141 1199 1292 1279 aedicit,
1319 1199 1355 1268 ld
1372 1212 1440 1283 0⁵12
1467 1202 1571 1286 ‘liciis
1594 1216 1634 1274 ¹¹¹
1649 1207 1806 1295 Pl⁰fi⁰l³l
1822 1203 1881 1279 hle
1895 1213 1979 1290 dies·
2031 1218 2122 1292 Nam

100 1297 174 1373 hoc
191 1305 307 1373 solum
324 1325 396 1372 esse
413 1298 598 1374 hominum
614 1325 741 1392 genus,
764 1305 809 1372 ad
824 1328 912 1396 quos
928 1300 1090 1374 Christus
1141 1324 1221 1369 cum
1240 1300 1278 1369 iu
1294 1302 1463 1373 creaturis
1478 1302 1602 1393 incipit
1617 1306 1796 1397 quiescere
1812 1306 1927 1397 Deus,
1953 1324 2122 1409 septimus

99 1404 303 1496 pertineat,
328 1405 422 1496 quod
446 1418 601 1495 expectet
620 1406 960 1475 consummationem
982 1405 1088 1474 seculi
1139 1401 1215 1469 dies
1235 1415 1300 1472 est:
1327 1401 1390 1471 illa
1407 1427 1490 1489 vero
1508 1406 1607 1494 quies
1630 1420 1681 1476 est
1703 1408 1887 1498 pe'rpetua,
1912 1417 2007 1489 iuxta
2031 1423 2121 1495 illud

100 1521 137 1577 et
152 1506 339 1597 iudicium.
1140 1497 1268 1571 Esaiae
1289 1505 1500 1592 sexagesimo
1517 1520 1629 1577 sexto:
1656 1505 1736 1578 Erit
1753 1507 1948 1585 Sabbatum
1964 1544 2014 1595 ,ex
2030 1522 2121 1597 Sab-

211 1623 298 1694 ltem
314 1623 395 1692 ideo
416 1624 689 1715 circumscripsit
704 1637 898 1703 creaturas,
925 1636 959 1692 et
974 1620 1090 1691 finivit
1140 1604 1234 1722 Ῑζὸῑῡ·
1285 1603 1637 1679 sancllfifflfflffld
1658 1608 1829 1681 ΜΝ
1849 1625 2121 1713 ³⁶⁰⁰¹¹¹¹¹¹⁰d³rfs

100 1747 197 1818 opus
213 1726 271 1795 die
284 1727 452 1816 septimo,
479 1725 643 1795 cumiam
666 1725 786 1794 omnia
810 1718 948 1794 homini
971 1721 1090 1791 subie-
1140 1718 1362 1775 ⁸¹⁰1¹l⁵³¹¹⁰l²
1384 1705 1659 1788 vasadicuntur,
1710 1709 1833 1805 ltaque
1854 1717 2121 1812 diesseptimus

100 1829 230 1911 uisset,
262 1841 301 1896 ut
323 1842 418 1898 certo
439 1827 627 1907 sciremus,
662 1826 782 1897 omnia
807 1826 912 1895 nobis
933 1824 1088 1893 subiecta
1140 1817 1191 1874 ²⁵¹
1213 1808 1495 1921 ³⁰⁶⁰{ssm0‘ldlus
1517 1806 1699 1894 Uiuiflels
1719 1807 1862 1896 Elvldfl
1882 1828 2120 1914 pugnantiam,
2169 1908 2172 1913 .

101 1950 198 2011 esse,
238 1928 413 2020 siquidem
448 1929 547 1996 nulla
582 1929 650 1997 alia
684 1949 809 2016 genera
850 1938 1088 1994 creaturarum
1139 1904 1397 2026 llelssqsslfflil
1413 1905 1568 2023 sflbbaw
1585 1922 1666 1994 eleo
1690 1925 1808 1982 lamen
1824 1939 1903 1986 cum
1926 1920 2120 1998 Sabbatum

104 2041 208 2113 emt
229 2032 433 2099 condenda:
463 2024 530 2097 hoc
554 2029 755 2097 dominium
781 2028 820 2095 in
844 2026 960 2096 Adam
983 2025 1088 2095 amis.
1141 2031 1216 2077 erus
1231 2030 1311 2123 usur
1328 2009 1580 2079 sanctificatum
1596 2012 1662 2094 sit,
1689 2036 1826 2084 necesse
1840 2033 1890 2088 est
1905 2035 1945 2090 ut
1961 2042 2039 2113 agat
2054 2032 2118 2100 ali.

100 2154 204 2213 sum,
229 2131 268 2198 in
285 2126 429 2200 Christo
453 2130 751 2220 recuperavimus.
804 2127 984 2198 Postremo
1009 2126 1089 2195 ideo
1141 2110 1228 2203 (111ἰά
1251 2130 1293 2224 ¹¹¹·
1307 2109 1372 2177 ⁸⁰?
1408 2107 1653 2225 ,Reslwssdffls
1678 2110 1836 2186 sabbam
1854 2137 1963 2212 cessat
1979 2150 2120 2200 movere

99 2232 326 2325 conquiescit
351 2231 389 2298 in
414 2227 481 2300 hoc
505 2230 662 2321 opificio,
693 2243 733 2299 ut
756 2231 906 2300 sciamus
927 2225 995 2298 hoc
1016 2248 1090 2296 esse
1140 2209 1296 2280 ssalssfflh
1329 2221 1507 2294 m0¹¹⁰¹¹02
1540 2225 1573 2281 θῑ
1598 2213 1762 2284 abssffibel
1794 2217 1832 2285 5¹¹
1865 2244 1901 2289 ὅθ
1933 2242 2120 2311 creaturas,

98 2333 306 2427 opificium,
334 2334 429 2425 quod
445 2333 714 2420 glorificandum
730 2332 787 2403 sit.
1141 2312 1236 2404 quod
1258 2307 1381 2379 Esaias
1405 2311 1543 2381 vocavit
1572 2310 1765 2384 Sabbatum
1790 2319 2000 2401 dedicatum,
2050 2330 2122 2401 lca.

207 2450 365 2543 Requies
385 2450 465 2519 finit
487 2473 613 2540 genera
640 2463 897 2532 creaturarum,
923 2448 984 2517 sed
1004 2441 1090 2515 haec

100 2579 178 2625 non
198 2565 483 2633 consummatur,
508 2550 579 2619 nisi
601 2551 664 2619 ubi
688 2546 781 2620 nihil
799 2573 942 2640 prorsus
966 2569 1090 2639 opera-

101 2672 164 2727 tur
179 2652 295 2737 Deus,
321 2668 355 2724 et
370 2665 549 2722 creaturae
566 2651 762 2721 intereunt.
814 2647 866 2720 Ea
881 2648 1021 2742 requies
1038 2660 1090 2717 est

105 2753 264 2836 Christi,
297 2755 360 2847 qui
383 2752 478 2824 Deus
506 2767 582 2834 est,
606 2753 790 2824 morientis
815 2767 849 2821 et
878 2751 1091 2844 quiescentis

104 2857 265 2928 Sabbalo
285 2853 322 2922 in
339 2857 512 2946 sepulcro,
538 2867 572 2924 et
589 2877 670 2922 vere
687 2853 952 2923 sabbatizantis:
979 2851 1091 2938 signi—

102 2959 224 3028 ficavit
258 2978 340 3043 ergo
376 2955 494 3025 Moses
528 2951 596 3025 hoc
630 2978 752 3024 verum
786 2955 981 3024 Sabbatum
1008 2950 1089 3023 Dei.

103 3059 293 3129 Praeterea
312 3051 378 3125 hoc
396 3055 589 3125 Sabbatum
606 3054 693 3137 Dei,
718 3069 752 3125 et
769 3055 932 3124 interitus
955 3070 1091 3125 ereatu-

105 3183 228 3230 rarum
252 3157 474 3229 benedicitur
499 3171 532 3226 et
561 3157 814 3238 sanctificatur,
841 3172 922 3246 ergo
946 3179 1020 3226 non
1043 3156 1091 3224 sic
1144 3222 1153 3237 ,

106 3265 289 3332 intereunt
311 3272 509 3341 creaturae,
542 3271 679 3328 utnon
704 3272 940 3340 renoventur,
969 3257 1029 3325 sed
1051 3268 1092 3326 ut

107 3389 146 3433 ex
163 3359 233 3432 hoc
251 3360 396 3431 interitu
421 3370 651 3430 renascantur
674 3359 886 3450 glorificatae
908 3372 941 3428 et
962 3357 1091 3427 sancti-

106 3467 237 3536 beatae.

208 3577 259 3651 Et
279 3575 347 3649 hoc
371 3580 532 3674 estquod
549 3573 665 3648 Exodi
682 3579 851 3668 vigesimo
878 3578 1092 3670 praecipitur

110 3681 338 3753 sanctificatio
354 3679 521 3765 Sabbati,
548 3681 680 3749 scilicet
695 3695 733 3751 ut
751 3683 935 3750 credamus
952 3678 1091 3751 Sabba-

111 3799 183 3854 tum
201 3778 339 3853 Christi
358 3796 517 3852 sanctum
535 3804 607 3851 csse
625 3797 657 3852 et
673 3782 846 3864 salutare,
873 3799 906 3853 et
929 3794 1091 3850 nostrum

111 3885 306 3956 Sabbatum
331 3906 391 3952 seu
416 3883 599 3953 interitum
623 3883 802 3966 benedici,
828 3887 981 3975 eoquod
1002 3879 1091 3952 Sab-

110 3987 231 4058 batum
248 3981 383 4055 Christi
400 3985 623 4054 benedictum
648 3998 709 4056 est.
760 3982 841 4053 Huc
860 3986 1037 4075 pertinent
1053 4007 1091 4052 ea
1154 4031 1156 4034 -

111 4113 200 4182 quae
223 4090 269 4157 de
292 4085 448 4156 Sabbato
477 4086 519 4153 ad
544 4082 725 4154 Hebraeos
749 4086 852 4154 lertio
879 4086 1092 4166 scribuntur,

113 4203 144 4260 et
157 4201 301 4284 quarto:
317 4183 614 4279 RequievitDeus
629 4187 686 4256 die
700 4187 850 4278 septimo
866 4189 911 4256 ab
926 4185 1092 4256 omuibus

110 4292 278 4382 operibus
294 4288 378 4360 suis.

1141 2412 1351 2505 que'quoud
1378 2411 1587 2482 naturaliter
1609 2437 1794 2487 movemur
1804 2454 1819 2503 ‚·
1846 2426 2007 2497 nondum
2032 2430 2122 2502 Sab-
2229 2432 2231 2436 ’

1142 2515 1263 2584 batum
1287 2525 1351 2581 cst.

1244 2613 1428 2683 Praecedit
1443 2617 1600 2686 conditio
1620 2641 1737 2687 rerum
1760 2635 1841 2693 ante
1857 2626 2121 2704 describendam

1143 2709 1297 2784 hominis
1320 2716 1582 2798 conditionem,
1606 2732 1648 2788 ut
1671 2720 1889 2814 intelligatur
1910 2735 2029 2803 omnia
2052 2760 2123 2804 esse

1143 2815 1283 2885 condita
1299 2829 1444 2905 propter
1461 2810 1663 2904 bominem,
1688 2835 1722 2891 et
1737 2817 1917 2897 hominem
1934 2853 2006 2902 esse
2024 2857 2124 2926 prae-

1144 2916 1295 3009 positum
1313 2917 1500 2986 universae
1515 2935 1711 2990 creaturae:
1739 2948 1829 3016 quac
1846 2922 2000 3002 hominis
2023 2962 2126 3026 prae-

1143 3017 1299 3105 rogativa
1328 3017 1540 3087 describitur
1563 3018 1703 3091 Psalmo
1727 3019 1861 3100 octavo.
1920 3028 1969 3101 Ει
1990 3031 2123 3107 Coloss.

1143 3119 1258 3209 primo
1276 3119 1320 3186 de
1335 3114 1478 3188 Christo
1494 3117 1625 3191 Paulus
1642 3123 1707 3191 ait:
1760 3122 1893 3198 Omnia
1914 3155 1977 3222 per
1999 3135 2125 3228 ipsum,

1143 3242 1182 3287 m
1206 3220 1301 3309 ipso,
1327 3218 1419 3288 etin
1442 3220 1578 3310 ipsum,
1604 3222 1642 3291 id
1658 3238 1725 3303 est,
1750 3229 1842 3297 utin
1860 3225 2046 3308 haeredem
2063 3245 2125 3332 qui

1143 3321 1347 3390 dominetur
1378 3321 1555 3397 omuibus.
1608 3320 1655 3396 Ει
1688 3328 1730 3395 ad
1765 3327 1948 3403 Romanos
1980 3358 2122 3427 quarto:

1143 3421 1335 3491 Promissio
1351 3416 1518 3493 Abrahae
1527 3474 1539 3508 ,
1567 3438 1602 3494 et
1618 3426 1745 3505 semini
1759 3431 1851 3515 eius,
1878 3447 1918 3503 ut
1933 3430 2055 3509 haeres
2071 3469 2125 3512 cs-

1022 3578 1031 3593 .
1143 3538 1195 3593 set
1210 3523 1348 3592 mundi.
1400 3521 1491 3592 Nam
1513 3528 1635 3595 omnia
1652 3552 1742 3620 quae
1760 3534 1803 3602 de
1827 3529 1984 3606 hominis
2007 3542 2125 3631 digni-

1144 3637 1212 3694 tate
1234 3624 1419 3708 dicuutur,
1453 3626 1491 3692 in
1515 3652 1585 3718 quo
1608 3633 1891 3721 recuperavimus
1917 3639 2124 3727 dignitatem

1144 3726 1306 3794 amissam
1333 3724 1371 3792 in
1395 3722 1522 3794 Adam.
1573 3729 1743 3819 Magnum
1771 3749 1822 3806 est
1844 3750 1961 3807 autern
1984 3747 2125 3816 credere

1142 3823 1325 3944 Christum
1355 3827 1550 3912 dominari,
1583 3833 1723 3901 credere
1747 3836 1850 3906 uobis
1871 3842 2025 3913 subiecta
2051 3872 2124 3920 esse

1143 3951 1274 3998 omnia.

1245 4026 1342 4098 Haec
1359 4030 1478 4099 multis
1494 4032 1612 4101 verbis
1626 4035 1891 4126 describuntur,
1922 4059 1960 4115 ut
1978 4046 2063 4115 fides
2081 4052 2125 4117 de

1145 4131 1321 4200 creatione
1338 4129 1654 4218 confirmeturetc.,
1671 4140 1714 4208 de
1730 4167 1798 4233 qua
1815 4136 1930 4232 supra.
1965 4148 2038 4214 lam
2056 4146 2124 4218 hoc
2230 4186 2238 4197 ·

1145 4255 1286 4324 quoque
1307 4232 1527 4319 observabis,
1552 4234 1714 4306 Pluviam
1739 4266 1811 4312 esse
1836 4266 1908 4312 non
1928 4252 2122 4318 craturalem

211 4403 309 4476 Deus
348 4402 383 4473 u,
445 4404 454 4422 ‚
488 4405 497 4424 ,
541 4400 578 4473 h,
756 4404 764 4420 ‚
881 4403 890 4419 ‚
979 4404 990 4470 l
1029 4399 1054 4473 h
1145 4331 1333 4401 colluviem
1364 4355 1554 4424 aquarum,
1586 4342 1646 4406 sed
1677 4364 1765 4432 opus
1788 4340 1852 4410 Dei
1877 4345 2123 4422 foecundantis

323 4418 526 4498 ll¹i⁸⁰¹¹¹¹¹
570 4417 801 4482 'Sirmium’
829 4427 912 4496 ΨΜ
931 4416 1006 4473 lut
1057 4426 1093 4473 ³⁸
1146 4447 1274 4504 terram
1291 4443 1367 4516 etc,
1386 4446 1426 4502 ut
1440 4436 1710 4509 Deuteronomii
1724 4441 1931 4530 undecimo,
1957 4448 2010 4518 De
2024 4456 2122 4525 coelo

110 4507 316 4598 glorificare.
414 4621 461 4638 ..
722 4623 730 4638 Ι
985 4619 1032 4636 ..
1146 4544 1331 4625 expectans
1354 4533 1526 4624 pluviam:
1560 4553 1593 4608 et
1617 4541 1788 4611 Actorum
1812 4544 1949 4617 decimo
1980 4570 2124 4643 quarto,

211 4621 330 4699 Adam.
351 4623 488 4690 exetdtt·
542 4621 585 4695 In
615 4623 690 4708 lege
720 4635 849 4690 iterum
881 4631 1094 4710 praecipitur
1144 4637 1199 4708 De
1213 4635 1311 4705 coelo
1327 4636 1416 4704 daus
1431 4638 1585 4729 pluviam
1602 4654 1635 4709 et
1650 4654 1807 4733 tempora
1821 4646 2014 4726 fructifera.
2064 4656 2124 4728 Sic

111 4725 324 4842 Sabbaluflt,
353 4736 394 4840 ¹¹}
408 4722 631 4810 ,Significant
653 4724 812 4840 fluuium
840 4734 958 4839 limen
978 4744 1094 4814 ‘ll-'⁸⁸¹¹'-
1146 4735 1316 4828 scriptura
1341 4760 1403 4827 per
1424 4741 1543 4809 omnia
1566 4740 1669 4809 nobis
1692 4744 1844 4818 inculcat
1862 4772 1934 4818 non
1960 4770 2122 4826 naturam

110 4851 219 4927 quam
237 4826 488 4908 cessdflrlmllss
513 4838 553 4895 ul
570 4826 724 4917 quiescat
739 4847 776 4892 ¹¹¹
793 4824 896 4892 ¹10b¹⁸
911 4821 1017 4894 Dffll·
1147 4839 1301 4931 aliquam
1318 4859 1401 4921 esse,
1426 4846 1515 4932 quae
1533 4863 1593 4929 per
1610 4864 1684 4910 sese
1698 4845 1830 4937 gignat,
1855 4855 1915 4921 sed
1935 4851 2000 4922 Dei
2018 4859 2125 4929 bene·
2168 4863 2171 4870 '

150 4996 154 5003 .
212 4941 402 5032 Quiescere
425 4938 541 5012 Deum
566 4944 604 5011 in
627 4942 751 5026 nobis,
785 4956 927 5014 estnon
952 4960 1095 5008 movere
1145 4938 1225 5012 ficia
1240 4962 1313 5008 esse
1328 4940 1449 5009 omnia
1464 4964 1556 5035 ,quae
1571 4944 1765 5033 gignuntur
1780 4964 1843 5020 ete.
1891 4952 1997 5042 Quod
2018 4954 2125 5028 heimo

110 5059 310 5122 creaturas,
341 5056 382 5111 ut
403 5054 508 5131 agant
532 5045 706 5116 naturalia
725 5046 856 5134 opera,
890 5043 950 5111 sed
974 5041 1096 5111 absor·
1147 5041 1362 5131 compositus
1379 5055 1484 5113 estex
1500 5044 1706 5134 pulveribus
1723 5062 1835 5122 terrae
1856 5076 1957 5146 saepe
1984 5060 2020 5128 in
2040 5067 2125 5131 scri-

111 5152 195 5220 bere
212 5167 278 5215 nos
289 5143 384 5214 intra
399 5166 451 5227 se,
480 5145 544 5213 ubi
558 5160 608 5216 est
624 5158 764 5215 aeterna
782 5143 892 5237 quies.
918 5172 924 5184 ·
946 5139 1026 5212 Huc
1042 5142 1096 5210 fa·
1149 5143 1261 5236 pturis
1277 5145 1466 5233 repetitur,
1492 5145 1633 5216 Psalmo
1650 5153 1839 5223 centesimo
1853 5164 2024 5230 secundo:
2052 5163 2127 5235 Re-

109 5253 207 5321 cient
230 5268 322 5341 quae
342 5260 427 5315 sunt
452 5247 545 5335 apud
565 5244 706 5318 Esaiam
731 5250 776 5316 de
799 5243 975 5323 sabbato,
1002 5257 1034 5315 et
1058 5243 1094 5312 iu
1147 5245 1312 5315 cordatus
1326 5260 1378 5317 est
1394 5247 1491 5341 quod
1515 5248 1631 5339 pulvis
1648 5274 1788 5338 sumus,
1813 5250 1919 5327 homo
1940 5262 2030 5331 sicut
2052 5266 2126 5334 foe-

109 5349 275 5443 1.]ΡίποΙᾶ
289 5344 541 5437 ,dflebraeoe
1149 5368 1257 5431 num,
1287 5345 1364 5416 dies
1384 5350 1461 5420 eius
1483 5350 1575 5422 sieut
1598 5351 1665 5421 llos
1691 5356 1799 5445 agri,
1815 5356 1852 5425 id
1876 5370 1943 5442 est,
1976 5366 2132 5448 respexit

1574 5446 1655 5524 ts*
