4538 5754
124 250 200 327 511

363 427 469 509 Quae
491 431 550 493 ost
569 425 702 515 quinta
723 425 881 520 reputa?

228 554 385 630 Cuilibet
406 554 556 628 relativo
582 559 771 651 respondet
799 585 903 631 suum
931 560 1113 632 correlati-

40 676 41 681 ’
129 684 232 745 vum,
256 674 315 745 ut,
350 684 430 729 cum
452 660 556 729 dicis:
582 658 776 755 Cambyses
802 676 853 735 est
875 664 987 749 lilius,
1020 659 1113 734 nihil

129 761 280 852 intelligi
300 773 431 854 potest,
465 761 534 830 nisi
563 762 691 848 addas,
723 763 823 833 cuius
849 766 894 835 sit
921 765 1033 851 lilius,
1056 776 1112 834 ut:

127 865 319 958 Cambyses
350 877 402 934 est
437 863 531 933 filius
550 861 647 958 Cyri.
710 860 796 934 Ideo
819 861 1027 935 Aristoteles
1055 867 1113 935 in-

125 968 222 1064 quit,
255 965 403 1036 relativa
426 964 498 1035 dici
520 959 613 1061 πρὸς
636 941 948 1063 ἄπιστρέφοντα,
986 968 1023 1036 id
1048 981 1112 1052 est,

125 1091 199 1140 esse
215 1082 356 1138 mutuas
371 1067 597 1152 collationes,
622 1082 662 1139 ut
673 1083 692 1136 :¹
708 1067 938 1158 Magistratus
953 1083 1023 1155 est,
1049 1068 1110 1161 qui

126 1184 221 1241 certo
238 1170 314 1239 iure
330 1167 508 1239 civitatem
525 1169 627 1258 regit.
662 1164 797 1240 Civitas
815 1184 881 1251 est,
909 1195 999 1264 quae
1015 1184 1110 1240 certo

25 1328 31 1337 .
126 1273 203 1343 iure
218 1272 388 1359 regitura
406 1264 686 1362 Magistratibus.
731 1268 778 1341 Et
795 1268 881 1342 haec
897 1287 1019 1343 mutua
1035 1271 1131 1374 col-7

126 1374 212 1445 latio
239 1372 341 1442 facile
368 1370 510 1462 agnosci
542 1385 677 1464 potest,
719 1372 782 1444 ubi
813 1377 1031 1444 consuetudo
1056 1373 1110 1442 lo·

127 1471 261 1570 queudi
282 1474 483 1564 suppeditat
507 1474 678 1544 vocabula
708 1489 850 1561 mutua,
883 1476 1001 1570 qualia
1023 1472 1110 1545 haec

90 1590 93 1596 ’
126 1587 223 1648 suut:
250 1573 374 1660 Pater,
400 1575 514 1665 lilius,
540 1577 725 1661 dominus,
748 1599 883 1652 servus.
936 1575 1005 1648 Sed
1029 1597 1128 1647 cum

125 1680 255 1749 desunt
270 1676 460 1760 vocabula,
486 1676 606 1747 lirinus
629 1677 847 1769 conspicitur
863 1674 950 1748 haec
972 1677 1110 1749 vicissi-

125 1782 237 1864 tudo,
268 1783 328 1847 sed
359 1792 477 1848 tamen
505 1790 623 1849 mente
652 1781 839 1871 cogitanda
861 1792 929 1865 est,
963 1781 1109 1850 namin

126 1882 285 1976 qualibet
313 1879 484 1951 relatione
504 1894 588 1950 sunt
609 1882 698 1952 duae
723 1893 868 1954 mutuae
889 1882 1109 1953 collationes.

126 1985 179 2054 Ac
211 1981 401 2071 diligenter
429 1984 647 2052 observanda
675 1997 727 2054 est
758 1980 987 2074 significatio,
1026 1981 1109 2055 Alia

125 2086 269 2155 uomina
286 2096 425 2154 tantum
440 2081 569 2163 active,
596 2084 666 2153 alia
687 2099 826 2156 tantum
849 2084 1008 2176 passive,
1033 2084 1110 2178 ple-

123 2210 234 2281 raque
252 2185 366 2255 active
387 2197 421 2255 ct
436 2184 572 2275 passive
596 2186 816 2273 significant,
844 2200 885 2258 ut
907 2188 1110 2277 acceptatio,

123 2286 343 2372 iustificatio,
367 2287 478 2377 gratia
495 2288 589 2378 apud
608 2283 777 2358 Ebraeos.
829 2283 925 2358 Haec
947 2303 1031 2361 sunt
1054 2301 1109 2359 te-

123 2393 221 2476 nuia,
241 2389 300 2458 sed
320 2386 493 2459 tamenin
510 2388 803 2478 interpretatione
820 2385 907 2460 haec
923 2389 1108 2481 diligentia

122 2490 316 2563 necessaria
331 2504 393 2561 est.
446 2488 540 2559 lllud
564 2503 616 2560 est
636 2490 835 2584 illustrius,
862 2493 1018 2587 quod‘in
1042 2488 1109 2562 hac

123 2594 243 2686 regula
259 2592 487 2684 praecipuum
504 2604 566 2675 est,
592 2594 689 2685 quod
706 2594 853 2664 relativa
870 2619 947 2689 non>
959 2608 1108 2687 possunt

122 2694 280 2781 deliniri,
307 2693 377 2762 uisi
399 2692 491 2764 sacta
512 2695 694 2764 mentione
710 2694 1025 2783 correlativorum,
1050 2711 1107 2768 ut:

122 2811 223 2891 pater
237 2811 306 2881 est,
334 2794 396 2889 qui
413 2790 521 2866 habet
537 2794 663 2866 filium.
702 2795 809 2866 Fides
825 2810 877 2868 εει
890 2799 1019 2868 fiducia
1038 2797 1108 2868 mi-

122 2900 334 2972 sericordiae
361 2899 553 2987 promissae
576 2913 721 2989 propter
742 2901 855 2969 filium
879 2897 949 2970 Dei
967 2899 1107 2970 Media-

121 3017 259 3073 torem.
302 2998 385 3070 Ideo
403 3002 546 3094 quaudo
562 3002 665 3071 audis
682 3026 813 3071 nomen
830 3003 913 3071 fidei
927 3002 966 3070 iu
984 3004 1106 3094 dispu-

121 3103 317 3176 tationibus
331 3099 457 3187 Pauli,
481 3100 613 3191 cogites
630 3105 880 3172 accersendum
898 3127 971 3173 esse
987 3127 1107 3173 curre-

121 3208 293 3291 lativum‚
318 3217 373 3273 ut:
402 3200 465 3273 liat
487 3204 681 3282 illustrius,
713 3205 799 3296 quid
839 3205 1014 3301 intelligat
1043 3229 1107 3295 per

119 3311 238 3378 fldem.
289 3303 381 3375 Cum
396 3324 478 3392 ergo
494 3304 598 3374 dicit:
626 3303 714 3373 Fide
729 3307 812 3374 iusti
832 3329 964 3391 sumus,
989 3322 1106 3378 trans·

119 3412 250 3481 memet
265 3406 462 3476 orationem
477 3404 516 3472 in
531 3406 794 3475 merelativam:
830 3405 977 3477 Fiducia
1000 3408 1105 3476 misc-

119 3510 295 3581 ricordiae
315 3505 401 3576 iusti
424 3526 563 3590 sumus,
588 3508 626 3575 id
649 3519 720 3587 εει,
746 3530 810 3599 per
826 3507 1103 3592 misericordiam

120 3611 330 3705 promissam
351 3622 498 3699 propter
510 3607 622 3678 filium
639 3604 719 3677 Dei.
770 3607 821 3680 lta
838 3633 917 3679 cum
932 3614 1105 3682 maximus

119 3732 205 3786 esus
229 3712 275 3783 sit
296 3709 552 3780 vocabulorum
579 3710 811 3781 relativorum
833 3711 872 3781 in
897 3716 996 3783 omni
1019 3714 1103 3797 vita,

119 3814 258 3911 quotics
274 3814 440 3883 audimus
454 3814 658 3883 obscuriore
674 3813 792 3906 aliqua
809 3810 884 3885 eiu‘s
898 3817 1035 3905 generis
1048 3816 1105 3884 di-

119 3930 195 4003 cta,
226 3936 327 3984 mens
349 3914 443 4006 apud
466 3934 540 3984 sese
560 3928 707 4009 quaerat
730 3916 998 4005 explicationem
1021 3919 1104 3986 fun·

119 4021 278 4091 dementi
291 4030 327 4089 et
345 4011 502 4087 termini.
554 4014 686 4087 Paulus
701 4017 864 4088 nominat
877 4018 1026 4112 imperia
1044 4041 1105 4089 or-

119 4122 340 4193 dinationem
356 4116 435 4189 Dei.
486 4115 616 4188 Nonne
636 4113 695 4187 hic
709 4139 847 4188 necesse
862 4133 914 4191 est
926 4144 1104 4216 quaerere,

120 4242 272 4320 quarum
287 4240 407 4292 rerum
424 4219 472 4290 sit
486 4219 687 4304 ordinatio,
712 4219 846 4290 scilicet
869 4223 1007 4312 legum,
1031 4223 1105 4293 dis-

119 4327 289 4419 cipliuae,
330 4321 508 4413 coniugii,
547 4322 838 4412 magistratuum,
877 4324 1105 4405 iudiciorum,

119 4438 382 4511 contractuum,
402 4425 609 4510 studiorum
626 4424 827 4510 doctrinae,
853 4427 1008 4521 denique
1026 4450 1104 4496 om-

119 4531 218 4599 nium
237 4528 461 4597 vinculorum
477 4520 655 4597 humanae
670 4525 857 4598 societatis.
886 4527 977 4597 Tam
993 4529 1104 4599 multa

118 4634 243 4701 insunt
266 4630 305 4697 in
329 4648 401 4699 uua
423 4648 510 4698 voce
529 4629 678 4701 relativa
696 4629 791 4720 apud
806 4623 979 4711 Paulum,
1005 4628 1106 4701 ordi-

118 4733 216 4804 natio
233 4720 313 4803 Dei.
423 4745 438 4831 J
550 4732 557 4738 ’

371 4869 480 4952 'oues
497 4875 557 4938 est
568 4872 681 4939 secte
694 4858 852 4964 reputo?

220 5006 510 5077 Fundamentum
525 5015 671 5070 vocatur
688 5001 868 5073 materiale
880 4998 1106 5071 relationum.

119 5109 283 5181 Formale
300 5107 432 5178 dicitur
448 5107 524 5195 ipse
539 5104 629 5171 erdo
646 5105 691 5173 ad
707 5104 921 5183 terminum,
948 5115 1005 5185 ut,
1027 5125 1105 5170 ma-

120 5213 241 5286 teriale
262 5208 389 5280 limitis
412 5214 464 5277 est
484 5202 593 5294 lapis,
619 5204 769 5276 formale
793 5214 844 5275 est
861 5203 1041 5275 ordinatio
1059 5205 1105 5273 ad

119 5311 387 5405 significandam
401 5303 670 5378 distinctionem
686 5312 868 5398 agroru'm.
909 5301 1023 5398 Saepe
1041 5328 1106 5375 au-

118 5430 191 5488 tem
204 5427 350 5485 manent
362 5410 593 5483 fundamenta
611 5410 775 5483 extinctis
790 5408 1039 5494 relationibus,
1064 5421 1106 5479 ut

365 243 575 323 semera
602 247 677 324 ιιι
703 246 821 324 Mur.
845 246 913 324 au
938 247 1067 329 ursa.
1093 247 1242 331 enus.
1261 246 1331 326 εἰ
1354 231 1553 330 amcos.
1579 251 1900 334 senesanna,

2075 260 2154 338 548

1165 423 1255 514 lapis
1270 425 1308 494 iu
1325 449 1408 517 agro
1423 427 1581 521 relinqui
1596 442 1721 519 potest,
1745 432 1886 501 etiamsi
1904 455 1978 501 non
1992 433 2158 523 amplius,

1164 540 1205 595 ut
1223 541 1344 608 antea,
1378 530 1541 618 fungitur
1563 531 1687 600 limitis
1712 533 1842 607 allicio.
1903 532 1988 603 ldeo
2012 555 2157 605 necesse

1164 641 1215 698 est
1231 628 1386 698 discerni
1403 631 1583 702 materiale
1599 646 1634 701 et
1647 634 1798 704 formale
1814 637 1853 703 in
1870 637 2037 706 relativis.
2072 635 2155 705 Hu-

1164 730 1220 797 ius
1235 731 1378 819 regulae
1395 744 1430 800 ἐι
1453 733 1494 800 in
1513 728 1674 802 Ecclesia
1697 757 1783 804 usus
1807 751 1880 818 est,
1907 762 1987 807 cum
2010 739 2155 823 dicitur,

1164 829 1202 896 iu
1216 826 1400 921 Baptismo
1421 835 1558 903 stelias
1574 836 1708 906 remitti
1724 855 1886 927 pecatum
1902 840 2070 928 originis,
2094 841 2156 909 id·

1164 953 1233 1023 que
1258 934 1306 1001 ita
1332 948 1536 1018 enarratur,
1564 938 1697 1006 remitti
1718 939 1889 1019 formale,
1916 942 1954 1009 id
1977 957 2048 1023 cst,
2073 964 2152 1010 rea·

1164 1046 1259 1114 tum,
1283 1035 1345 1102 sed
1363 1056 1507 1100 manere
1527 1036 1728 1119 materiale,
1753 1041 1790 1105 id
1814 1053 1886 1128 est,
1912 1041 2028 1130 ipsum
2054 1068 2154 1112 mon

1162 1132 1262 1200 hum.
1314 1130 1404 1201 Nam
1422 1133 1604 1203 materiale
1619 1138 1751 1226 peccati
1768 1153 1819 1210 est
1842 1141 1879 1208 in
1904 1134 2051 1209 homine
2077 1146 2154 1232 ipsa

1163 1232 1349 1302 inclinatio
1368 1248 1490 1304 contra
1513 1234 1625 1324 legem
1641 1234 1720 1306 Dei.
1773 1238 1851 1310 Hoc
1873 1242 2007 1310 malum
2027 1245 2153 1336 aliqua

1162 1358 1204 1402 ex
1225 1348 1324 1424 parte
1354 1349 1493 1417 manet,
1508 1355 1511 1360 ·
1525 1341 1586 1405 sed
1610 1340 1760 1409 formale
1780 1358 1832 1413 est
1853 1357 1993 1434 reatus,
2025 1345 2064 1414 id
2087 1360 2152 1424 est,

1162 1436 1367 1506 ordinatum
1383 1462 1456 1506 εεεε
1481 1439 1526 1506 ad
1549 1441 1816 1512 damnationem
1841 1469 1903 1513 seu
1923 1448 1968 1513 ad
1989 1460 2154 1516 aeternas

1163 1561 1304 1629 poenas.
1356 1536 1426 1608 llic
1449 1553 1566 1610 reatus
1592 1540 1747 1629 tollitur,
1772 1570 1852 1615 cum
1877 1546 2048 1637 recipitur
2070 1556 2154 1638 pe'r·

1161 1662 1268 1720 sona,
1295 1653 1329 1710 et
1344 1654 1525 1731 peccatum
1541 1665 1617 1711 nou
1634 1644 1840 1734 imputatur,
1867 1661 1908 1716 ut
1927 1650 2045 1718 verbis
2062 1649 2153 1719 Pro·

1162 1736 1350 1832 phetarum
1364 1756 1519 1815 utamur.

1262 1841 1335 1913 Lex
1350 1859 1401 1914 εει
1416 1845 1604 1916 relativum
1622 1871 1767 1934 nornen,
1791 1853 1876 1943 quia
1889 1848 2063 1942 significat
2080 1850 2149 1925 ho·

1161 1956 1297 2013 nestam
1314 1946 1545 2032 seutentiam,
1569 1952 1630 2017 sed
1654 1964 1829 2043 quatenus
1854 1956 1989 2044 obligat
2010 1957 2153 2049 aliquos

1161 2067 1223 2113 seu
1236 2047 1388 2128 multos,
1413 2072 1474 2117 seu
1499 2073 1638 2139 paucos.
1692 2050 1981 2125 Fundamentum
2002 2073 2054 2128 est
2077 2059 2148 2147 igi·

1161 2159 1220 2215 tur
1235 2150 1408 2218 sententia
1425 2146 1632 2221 honestade
1647 2155 1820 2241 moribus,
1845 2171 1885 2228 ut
1900 2154 1987 2226 haec
2001 2173 2149 2230 senten·

1161 2248 1226 2316 tia:
1248 2246 1368 2320 Filius
1383 2245 1595 2323 helluationi
1612 2256 1764 2343 deditus,
1791 2245 1825 2327 et
1839 2274 2029 2330 contumax
2044 2285 2064 2329 a
2080 2285 2148 2352 pa-

1161 2350 1322 2421 rentibus
1352 2368 1552 2439 accusatus,
1591 2357 1771 2447 lapidibus
1799 2361 1983 2431 obruatur.
2047 2360 2148 2432 Haec

1160 2453 1337 2522 sententia
1360 2468 1411 2523 est
1435 2457 1584 2540 noticia,
1618 2460 1801 2548 pertinens
1822 2464 1867 2530 ad
1890 2464 2042 2554 primam
2065 2488 2146 2555 spe-

1160 2553 1246 2621 ciem
1263 2558 1460 2646 qualitatis,
1486 2571 1526 2628 ut
1542 2572 1697 2629 caeterae
1713 2564 1879 2633 noticiae.
1909 2563 1980 2634 Sed
1995 2567 2145 2635 formale

1159 2655 1245 2743 legis
1261 2672 1312 2726 est
1329 2658 1433 2728 certis
1450 2654 1658 2731 hominibus
1676 2664 1935 2754 promulgatam
1955 2680 1989 2736 et
2013 2691 2146 2760 propo-

1159 2757 1262 2826 sitam
1279 2782 1353 2828 esse
1368 2760 1577 2831 seutentiam
1594 2763 1640 2831 ab
1654 2759 1715 2845 iis,
1743 2767 1805 2857 qui
1820 2766 1975 2857 legitima
1996 2766 2145 2860 imperia

1159 2871 1293 2930 tenent.
1348 2858 1455 2931 Tunc
1478 2863 1589 2952 igitur
1611 2868 1784 2936 sententia
1811 2869 1873 2937 illa
1898 2870 1942 2938 dc
1966 2870 2041 2940 lilio
2065 2866 2146 2940 hel-

1159 2960 1267 3029 luone
1284 2975 1361 3031 erat
1378 2959 1546 3036 lsradlitis
1560 2966 1632 3053 lex,
1658 2972 1801 3059 proprie
1821 2970 2054 3060 intelligendo
2081 2997 2145 3042 vo-

1158 3063 1323 3132 cabulum
1339 3064 1443 3154 legis,
1471 3091 1551 3136 cum
1567 3083 1674 3137 staret
1690 3072 1815 3160 politia
1834 3071 2004 3143 Mosaica.
2039 3070 2145 3144 Nunc

1157 3165 1261 3233 nobis
1286 3189 1361 3234 non
1385 3182 1434 3237 est
1456 3168 1530 3250 lex,
1563 3174 1625 3238 sed
1647 3187 1765 3243 manet
1787 3174 1986 3260 materiale,
2019 3177 2145 3262 idest,

1158 3268 1332 3337 sententia
1349 3262 1509 3361 honesta,
1529 3295 1619 3364 quae
1632 3289 1801 3366 tanquam
1818 3272 2006 3345 honestum
2025 3303 2144 3347 exem-

1157 3368 1277 3457 plum,
1309 3373 1602 3442 commonefaciat
1634 3374 1875 3456 iuventutem,
1916 3394 2077 3467 parentes
2109 3396 2143 3450 et

1158 3470 1391 3559 magistratus.
1444 3470 1614 3544 iuventus
1627 3493 1792 3566 agnoscat
1809 3480 1980 3549 iudicium
1997 3477 2084 3565 Dei,
2111 3496 2145 3551 ει

1157 3575 1350 3641 modestius
1367 3574 1480 3644 vivat:
1506 3574 1676 3647 Parentes
1689 3580 1845 3651 severius
1862 3597 1986 3671 regant
2002 3583 2095 3652 lilios
2110 3598 2145 3653 ει

1156 3673 1262 3742 lilias:
1289 3671 1519 3764 Magistratus
1535 3679 1646 3749 sciant
1664 3683 1884 3752 voluntatem
1900 3680 1965 3752 Dei
1984 3708 2078 3769 esse,
2104 3699 2143 3756 ut

1156 3776 1326 3846 adiuvent
1341 3792 1505 3867 parentes
1521 3793 1552 3850 et
1565 3776 1702 3850 scholas
1718 3782 1755 3851 in
1775 3786 1906 3854 tuenda
1924 3785 2127 3876 disciplina.

1370 3952 1474 4033 Quae
1495 3961 1555 4026 εει
1577 3958 1744 4045 septima
1767 3953 1929 4052 reputa?

1254 4078 1471 4173 Saepissime
1501 4108 1624 4157 omnes
1645 4087 1788 4179 linguae
1813 4105 1965 4180 utuntur
1983 4091 2144 4164 relativis

1157 4183 1235 4251 loco
1258 4184 1433 4271 absoluti,
1456 4207 1520 4256 seu
1543 4189 1622 4259 loco
1645 4190 1890 4276 fundamenti,
1920 4207 1978 4263 ut:
2006 4193 2146 4266 Medici

1157 4284 1281 4361 dicunt
1296 4298 1632 4378 temperamentum,
1659 4314 1724 4383 pro
1741 4293 1826 4385 ipsis
1841 4295 2075 4386 qualitatibus
2093 4298 2145 4368 sic

1157 4386 1251 4455 inter
1275 4388 1462 4460 seiunctis
1485 4405 1520 4461 et
1540 4392 1752 4485 temperatis.
1805 4392 1979 4486 Voluptas
1998 4401 2146 4491 proprie

1156 4486 1330 4578 significat
1345 4491 1631 4564 convenientiam
1647 4497 1797 4565 actionis
1815 4513 1849 4568 ει
1867 4512 2026 4574 naturae.
2069 4497 2144 4572 Sed

1157 4613 1236 4660 cum
1270 4593 1475 4683 quaeritur,
1506 4618 1553 4664 an
1586 4598 1750 4687 voluptas
1783 4594 1828 4668 sit
1859 4599 1942 4669 finis
1974 4597 2146 4689 hominis,

1157 4692 1359 4785 quaeritur,
1385 4716 1432 4763 au
1447 4697 1545 4788 ipsae
1562 4698 1719 4768 actiones
1733 4720 1856 4769 suaves
1872 4705 1945 4772 sint
1967 4702 2051 4772 finis
2073 4699 2144 4775 ho-

1146 4794 1283 4874 minis,
1310 4819 1396 4888 quas
1412 4799 1545 4890 appetit
1568 4823 1607 4868 ea
1624 4824 1726 4891 pars,
1752 4826 1842 4894 quae
1866 4815 2012 4895 vocatur
2033 4830 2145 4899 appe-

1157 4896 1241 4966 titus
1258 4919 1436 4968 sensuum.

1265 4999 1297 5067 1.
1316 4995 1478 5074 Corinth.
1492 4996 1530 5072 6.
1560 4994 1762 5095 Expurgate
1794 5019 1894 5076 vetus
1915 5010 2143 5100 fermentum,

1158 5100 1291 5170 utsitis
1307 5124 1400 5171 nova
1418 5100 1656 5208 corrspersio.].
1705 5107 1744 5177 ld
1768 5122 1837 5192 eat,
1864 5110 1979 5180 eiicite
1996 5122 2143 5204 veteres,

1157 5201 1338 5293 epicureas
1364 5205 1505 5273 stelias
1527 5206 1632 5278 falsas
1653 5209 1843 5300 opiniones
1866 5215 1910 5281 de
1934 5209 2030 5298 Deo,
2057 5216 2144 5289 item

1157 5326 1283 5396 pravas
1296 5305 1527 5395 cupiditates,
1545 5322 1585 5380 ut
1599 5310 1676 5382 sitis
1691 5335 1783 5382 nova
1800 5334 1925 5386 massa.
1959 5313 2030 5386 llic
2045 5320 2143 5391 euim

1157 5405 1361 5498 conspersio
1371 5429 1449 5479 non
1465 5409 1688 5503 intelligatur
1700 5411 1775 5509 ipsa
1794 5414 1923 5487 relatio
1942 5417 1981 5486 in
2004 5420 2143 5495 abates·
