4538 5754
96 246 198 332 tere
312 231 317 242 '

241 433 579 528 Argumentum
606 452 659 503 ao
686 429 947 525 dispositio

396 565 556 648 Psalmi
588 563 790 652 cxxlx.

457 727 486 786 G
517 729 654 786 eduum
678 724 718 787 X.

144 856 272 944 Saepe
311 848 549 946 adfliuernnt
588 872 647 920 me
689 874 713 921 a
752 855 946 922 inventute
980 872 1081 940 meu,

145 955 254 1024 dicut
277 976 374 1024 ranno
401 955 537 1024 Israel.

194 1087 360 1157 Narratio
377 1100 428 1156 est
444 1085 596 1156 recitans
611 1084 872 1175 persecutiones
892 1099 927 1156 et
949 1087 1079 1155 libera-

96 1187 406 1272 tionesEcclesiae,
421 1202 461 1258 ut
476 1183 563 1257 haec
579 1188 652 1278 ipsa
670 1189 785 1277 imago
800 1189 974 1272 ostendat,
991 1212 1078 1282 qua-

96 1293 142 1364 les
172 1292 246 1361 sint
270 1314 457 1359 aerumnae
479 1287 658 1360 Ecclesiae
682 1291 842 1359 omnium
867 1303 1079 1380 temporum,

96 1408 123 1465 et
140 1393 242 1487 quod
261 1392 328 1460 lide
344 1406 379 1460 et
392 1414 454 1481 spe
470 1394 620 1482 petenda
638 1405 672 1462 et
686 1392 899 1480 expectanda
917 1392 963 1462 sit
985 1392 1078 1461 libe-

96 1497 208 1577 ratio,
234 1506 268 1562 et
285 1492 492 1562 celebranda
507 1493 555 1563 sit
570 1494 767 1584 praesentia
784 1491 871 1578 Dei,
885 1493 1077 1581 gratiarum

96 1598 253 1684 tatione,
280 1594 417 1687 quoties
433 1594 623 1685 eripimur,
657 1607 691 1663 et
706 1595 925 1684 agnoscenda
947 1596 1078 1673 volun-

96 1724 141 1771 as
162 1696 251 1781 Dei,
269 1696 331 1787 qui
345 1694 516 1764 immensa
532 1696 692 1766 bonitate
708 1710 852 1787 propter
866 1693 999 1765 Filium
1015 1720 1078 1766 sua

96 1799 252 1873 rotentia
284 1809 401 1866 servat
427 1792 621 1866 Ecclesiam
653 1799 820 1868 omnibus
848 1799 1078 1887 temporibus,

96 1917 349 1987 ntermagnas
365 1911 399 1967 et
415 1898 627 1989 multiplices
649 1899 771 1967 ruinas
795 1913 828 1968 et
853 1899 1078 1969 confusiones

96 2001 347 2097 mperiorum,
369 2014 404 2070 et
418 1999 514 2068 inter
528 2023 672 2090 magnas
692 2001 963 2090 persecutiones.

232 2206 574 2300 Argumentum
599 2226 652 2274 oe
678 2201 932 2296 dispositio

398 2337 557 2421 Psalmi
590 2335 774 2422 CXXX.

456 2484 648 2543 orarium
670 2481 726 2548 ru.

141 2609 206 2678 De
229 2599 433 2698 profundis
459 2608 621 2678 clamavi
645 2608 695 2680 ud
721 2619 760 2680 te
784 2612 959 2684 Domine.

196 2739 359 2810 Psalmus
381 2740 485 2810 valde
507 2743 656 2812 usitatus
678 2759 730 2815 est
753 2745 792 2814 in
817 2750 1080 2836 precationibus

96 2840 296 2926 Ecclesiae,
321 2854 355 2912 et
372 2842 616 2925 ardentissima
639 2847 764 2937 petitio
788 2863 839 2919 est
862 2854 1080 2925 remissionis

96 2957 332 3026 secutorum,
347 2955 381 3012 et
397 2944 503 3012 simul
517 2945 677 3016 doctrina
689 2974 728 3018 ac
737 2952 945 3038 consolatio,
962 2969 1080 3027 osteu-

96 3051 184 3116 iens
199 3044 443 3112 remissionem
466 3059 686 3134 peccatorum
713 3051 886 3120 iusticiam
911 3069 945 3124 et
969 3058 1079 3128 vitam

96 3160 276 3216 reternam
292 3169 366 3213 non
385 3145 480 3229 dari,
514 3147 584 3215 nisi
609 3165 754 3242 propter
766 3151 1001 3226 Mediatorem
1018 3160 1081 3232 Fi-

96 3250 186 3318 ,ium
213 3244 447 3340 Deigroiis,
479 3270 554 3316 uon
579 3264 723 3344 propter
744 3247 931 3326 bominum
955 3265 1080 3333 merita

96 3363 157 3421 sut
172 3348 393 3437 dignitatem.
443 3345 605 3441 Suntque
629 3354 813 3424 interserta
837 3349 966 3453 πάθη,
999 3366 1080 3457 qni-

96 3472 163 3522 ous
181 3449 387 3538 magnitudo
406 3450 569 3518 dolorum
587 3454 733 3524 iuveris
751 3462 947 3530 terroribus
967 3479 1001 3536 et
1024 3469 1080 3535 ln-

684 250 748 328 no
799 230 1164 329 communalem
1189 248 1240 323 nv
1265 247 1508 327 essenos.

1077 463 1080 468 ·
1112 438 1115 482 Ι
1138 419 1239 494 Hanc
1255 424 1531 495 consolationem
1540 477 1552 511 ,
1568 425 1705 520 inquit,
1722 450 1864 519 oppono
1881 430 2119 521 magnitudini

2027 212 2175 333 ieri
2254 330 2260 343 s

1137 532 1298 626 meorum
1313 540 1555 618 peccatorum,
1582 533 1678 621 quod
1695 533 1806 619 gratia
1821 532 1988 602 exuberat
2011 558 2116 624 supra

1135 627 1322 712 delictum,
1354 630 1450 720 quod
1472 630 1544 698 scio
1569 654 1624 698 me
1648 631 1758 723 recipi
1781 649 1814 703 et
1839 633 1976 723 placere
2003 648 2035 703 te
2058 659 2116 703 re·

1134 729 1294 800 mittente
1311 742 1467 820 peccata,
1491 745 1525 801 et
1540 732 1731 822 recipiente
1749 757 1806 802 me
1823 747 1967 826 propter
1975 731 2117 805 Media-v

1133 843 1266 914 torem,
1302 831 1392 899 sicut
1413 831 1498 900 alibi
1523 833 1656 926 inquitt
1689 831 1790 905 Beati
1816 860 1967 929 quorum
1982 838 2115 915 ¹remis-

1132 952 1189 998 sae
1205 945 1287 1000 sunt
1302 932 1526 1026 iniquitates,
1543 948 1576 1004 et
1590 959 1743 1028 quorum
1761 950 1848 1006 tecta
1863 951 1947 1008 sunt
1963 951 2113 1029 peccata.

1131 1029 1237 1102 Item:
1266 1031 1449 1105 lustificati
1466 1035 1535 1103 fide
1551 1061 1672 1127 pacem
1689 1031 1873 1112 habemus.

1232 1164 1346 1239 Addit
1362 1184 1496 1239 autem:
1523 1163 1616 1239 Ideo
1631 1167 1831 1253 timeberis,
1846 1172 1884 1240 id
1900 1186 1968 1258 est,
1991 1195 2113 1242 omnes
2149 1224 2153 1234 „

1129 1283 1320 1359 agnoscant
1335 1293 1372 1339 se
1393 1271 1559 1358 indignos
1582 1285 1616 1340 et
1641 1262 1846 1343 immundos
1871 1298 1963 1364 esse,
1997 1288 2030 1343 et
2053 1298 2113 1342 ex-

1131 1385 1318 1462 pavescant
1347 1395 1464 1441 coram
1487 1387 1541 1458 te,
1584 1398 1657 1442 uon
1681 1374 1755 1445 sint
1775 1391 1998 1464 arrogantes,
2038 1398 2112 1443 nou
2163 1414 2167 1418 ·

1130 1473 1309 1543 confidant
1325 1497 1387 1543 sua
1405 1474 1593 1562 dignitate,
1610 1475 1682 1545 suis
1696 1477 1909 1564 virtutibus,
1935 1477 2018 1570 quia
2032 1489 2129 1547 tau-·

1129 1586 1205 1644 tum
1220 1576 1345 1666 recipis
1361 1590 1506 1666 propter
1523 1577 1808 1669 propiciatorem.

1230 1707 1271 1780 ln
1291 1709 1417 1802 quinto
1433 1732 1537 1778 versu
1557 1712 1685 1780 modus
1710 1712 1962 1783 consolationis
1985 1713 2111 1782 recita-

1130 1823 1204 1881 tur:
1246 1806 1409 1905 Expecto
1437 1805 1668 1903 Dominum,
1708 1821 1854 1907 expecto
1883 1818 1936 1882 od
1965 1810 2109 1882 verbum

1129 1911 1220 1985 eius.
1272 1909 1341 1981 Hie
1356 1935 1515 2003 expresse
1530 1915 1760 1985 concionatur
1777 1916 1964 1987 desideat
1979 1917 2023 1982 de
2037 1938 2112 2006 spe,

1130 2026 1164 2084 et
1178 2015 1217 2082 fit
1232 2013 1364 2083 mentio
1380 2015 1479 2082 verbi
1495 2028 1528 2082 et
1545 2012 1704 2085 Domini.
1755 2014 1851 2085 Haec
1868 2029 1922 2085 est
1934 2040 1999 2082 vor
2018 2016 2111 2101 fidei,
2142 2032 2147 2043 ·’
2242 2088 2245 2101 ἱ

1130 2139 1221 2209 quae
1238 2115 1398 2185 intuetur
1411 2116 1680 2205 promissionem
1699 2130 1733 2187 et
1760 2119 2026 2208 patefactionem
2053 2118 2111 2187 di·
2144 2136 2147 2142 ·
2189 2188 2191 2193 ,

1131 2221 1266 2301 vinam,
1300 2230 1335 2287 et
1356 2216 1459 2287 illum
1482 2217 1597 2307 ipsum
1622 2217 1754 2289 Filium
1775 2218 1842 2289 Dei
1865 2216 2112 2301 Mediatorem,
2221 2288 2228 2297 ,

1081 2407 1082 2410 ¹
1131 2332 1309 2388 ostensum
1326 2317 1364 2386 iu
1379 2318 1612 2409 promissione
1627 2320 1786 2409 agnoscit
1806 2334 1841 2390 et
1863 2313 2110 2410 adprehendit.

1131 2418 1207 2490 Hac
1225 2420 1294 2488 fide
1316 2442 1454 2491 necesse
1479 2431 1530 2489 est
1550 2421 1661 2511 accipi
1686 2421 1928 2491 remissionem
1951 2434 2111 2510 peccato-

1130 2544 1232 2606 rum,
1264 2535 1299 2588 et
1314 2521 1353 2588 in
1377 2515 1442 2590 hae
1463 2521 1537 2610 ipsa
1563 2523 1803 2593 consolatione
1824 2522 1930 2592 simul
1953 2515 2013 2593 hic
2036 2523 2111 2614 ipse

1132 2621 1245 2692 Filius
1263 2618 1330 2691 Dei
1348 2636 1518 2693 sustentat
1536 2637 1570 2693 et
1584 2623 1738 2694 vivificat
1752 2625 1958 2695 luctantem.

1233 2738 1276 2809 ln
1291 2754 1386 2810 sexto
1402 2763 1508 2810 versu
1521 2733 1646 2821 πάθος
1660 2743 1832 2813 insertum
1855 2755 1906 2812 est
1927 2743 1972 2812 de
1993 2762 2111 2810 mora:

1131 2843 1295 2915 differtur
1312 2843 1407 2910 euim
1421 2843 1605 2928 liberatio,
1620 2856 1660 2911 ut
1672 2844 1974 2928 fidea,exerceatur
1985 2854 2019 2912 et
2034 2866 2111 2910 cre-

1131 2959 1221 3030 scat,
1253 2943 1344 3014 sicut
1357 2940 1502 3041 Abacuc
1523 2947 1561 3016 2.
1586 2943 1735 3014 ἀίοἰῑωε
1762 2922 1816 3015 Sl
1832 2967 1968 3012 moram
1989 2943 2112 3012 fecerit

1133 3047 1328 3130 Dominus,
1363 3060 1504 3136 expecta
1528 3069 1630 3129 eum,
1664 3045 1746 3137 quia
1768 3045 1916 3114 veniens
1937 3043 2055 3114 veniet
2077 3058 2111 3114 et

1131 3171 1205 3218 non
1225 3147 1390 3216 tardabit.
1448 3143 1496 3217 Et
1517 3142 1640 3218 Iudith
1661 3146 1715 3215 8.:
1751 3144 1825 3234 Qui
1850 3146 1931 3215 estis
1959 3167 2024 3213 vos
2045 3145 2109 3240 qui

1131 3249 1274 3321 tentatis
1290 3245 1506 3334 Dominum,
1532 3272 1605 3317 non
1622 3262 1673 3319 est
1689 3244 1747 3317 hic
1760 3272 1875 3318 sermo
1889 3246 1952 3340 qui
1972 3245 2111 3314 miseri-

1131 3352 1287 3422 cordiam
1306 3364 1488 3442 provocet,
1523 3353 1583 3419 sed
1599 3349 1716 3440 potius
1737 3349 1844 3430 iram,
1878 3345 2111 3419 constituistis

1132 3468 1270 3542 tempus
1286 3451 1521 3523 miserationis
1539 3448 1708 3524 Domino.
1743 3446 1790 3522 Et
1813 3448 1920 3523 Rom.
1943 3449 1979 3522 8.
2002 3449 2111 3536 longa

96 3568 149 3624 :ta
169 3551 252 3619 fidei
267 3552 304 3619 in
322 3550 524 3641 precatione
540 3552 763 3629 describitur.
1132 3554 1255 3625 concio
1271 3567 1323 3622 est
1339 3553 1384 3620 de
1399 3547 1465 3622 hac
1481 3567 1592 3643 speet
1608 3552 1865 3643 expectatione,
1892 3551 1955 3620 ubi
1975 3549 2110 3642 inquit:
2166 3597 2173 3600 -

201 3649 402 3743 Propositio
421 3665 473 3722 est
487 3652 525 3719 in
543 3657 656 3741 primo
673 3672 707 3727 et
722 3663 877 3731 seeundo
900 3690 1020 3747 versu,
1048 3684 1081 3741 er
1132 3657 1201 3745 Spe
1217 3654 1307 3722 salvi
1320 3653 1408 3722 facti
1430 3678 1564 3726 sumus.
1618 3652 1722 3721 ltem:
1744 3650 1898 3743 Spiritus
1917 3675 1983 3741 pro
2005 3652 2111 3721 nobis

96 3767 146 3825 est
163 3752 288 3844 petitio
304 3753 522 3822 remissionis
536 3775 758 3843 peccatorum
775 3775 808 3830 et
823 3767 966 3852 gratiae,
992 3767 1081 3839 Mo,
1132 3755 1333 3846 interpellat
1352 3755 1510 3842 gemitib.
1538 3754 1850 3828 inenarrabilibus.
1905 3751 1975 3822 Hic
1999 3753 2111 3839 gemiss

96 3869 216 3926 sutem
231 3855 351 3924 addita
374 3869 424 3926 est
445 3856 481 3922 in
504 3860 608 3928 tertio
630 3886 733 3931 versu
759 3867 890 3953 peccati
909 3872 1080 3941 confessio
1132 3872 1187 3927 1¹¹⁸
1203 3856 1418 3946 Slisslfiffllffl'
1435 3851 1614 3925 b⁰⁰l⁰⁶⁰²
1642 3851 1781 3924 Anima
1803 3877 1883 3923 Μία
1907 3849 1963 3925 “d
1974 3850 2111 3923 Dm·

96 3956 438 4028 etcommemoratio
455 3958 500 4025 tle
515 3963 760 4050 magnitudine
778 3965 852 4035 irae
868 3965 935 4038 Dei
962 3973 1082 4042 iustis.
1132 3982 1239 4038 num,
1274 3958 1310 4026 id
1337 3969 1408 4040 est,
1441 3957 1560 4026 intimi
1581 3957 1698 4027 cordis
1719 3957 1894 4027 desiderio
1920 3971 1954 4026 et
1977 3957 2111 4045 gemitu

96 4058 223 4128 simae:
250 4051 297 4125 Si
311 4053 528 4155 iniquitates
544 4059 788 4134 observaveris
801 4062 980 4153 Domine,
996 4069 1081 4143 Do.
1132 4059 1296 4148 coniugio
1315 4060 1358 4127 ad
1375 4056 1594 4147 Dominum,
1622 4059 1784 4129 videlicet
1802 4061 1847 4129 ad
1863 4081 1985 4128 verum
1995 4053 2110 4125 Deum

96 4156 196 4229 nine
225 4154 309 4255 qais
335 4156 559 4231 sustinebit?
596 4161 797 4236 Observare
820 4185 873 4242 est
895 4177 1081 4245 ostendere
1134 4162 1342 4253 patefactum
1360 4159 1397 4228 in
1413 4153 1482 4228 hoc
1496 4161 1629 4250 populo
1644 4185 1708 4250 per
1720 4159 2110 4248 promissionemsuam‚

96 4276 126 4332 st
151 4259 283 4353 exequi
305 4258 415 4345 iram,
449 4263 565 4354 qualis
588 4269 793 4337 conveniret
812 4271 1003 4345 immensa,
1023 4279 1080 4346 iu.
1132 4262 1194 4356 qui
1217 4284 1274 4329 me
1297 4274 1467 4330 sustentat
1489 4283 1552 4330 suo
1570 4259 1664 4330 Filio
1679 4260 1895 4343 Mediatore‚
1927 4271 1961 4327 et
1983 4258 2111 4327 liberat

96 4359 221 4434 stiriae
242 4373 366 4447 eontra
380 4363 662 4452 magnitudinem
677 4384 709 4439 et
726 4371 993 4445 multitudinem
1012 4401 1079 4447 no·
1133 4375 1394 4446 memo-¹1²,
1428 4375 1462 4430 ‘l
1477 4386 1519 4430 01
1543 4363 1654 4454 Portis
1679 4361 1894 4441 5¹¹fer⁰r¹1ms
1927 4373 2110 4431 01³⁰&ss-

96 4477 254 4536 strorum
278 4476 519 4553 peccatorum,
556 4491 736 4553 errorum,
771 4473 933 4567 lapsuum
958 4493 993 4549 er
1013 4503 1075 4548 no·
1132 4468 1185 4536 dit
1216 4458 1310 4533 hanc
1339 4461 1602 4534 invocationem
1632 4475 1668 4533 et
1688 4461 1859 4530 laeticiam
1884 4458 2021 4550 Spiritu
2045 4484 2111 4530 suo

96 4578 189 4638 strae
217 4564 481 4658 immunditiae,
523 4561 615 4641 banc
647 4573 736 4642 iram
769 4601 874 4647 nemo
908 4581 1081 4649 sustinere
1131 4578 1273 4646 sancto,
1301 4564 1349 4634 ita
1364 4577 1542 4635 sustentor
1558 4563 1738 4653 agnitione
1755 4562 2000 4654 promissionis
2016 4562 2110 4631 divi·

96 4676 233 4759 posset,
257 4664 354 4736 iuxta
368 4666 429 4735 illa
445 4668 555 4742 dicta:
571 4673 668 4745 Deus
685 4676 776 4764 ignis
794 4701 1004 4753 consumens
1018 4695 1080 4753 est.
1132 4691 1217 4753 ΜΘ,
1242 4690 1306 4738 1¹⁰⁶
1329 4666 1475 4754 sf³⁰b⁰f
1495 4689 1595 4735 ¹¹¹⁰ffl
1620 4677 1655 4735 ⁰¹
1676 4663 1911 4737 diuturnitate
1934 4663 2110 4735 adfllCllss·

96 4765 204 4841 llemt
221 4763 302 4836 Scio
319 4769 415 4859 quod
432 4793 506 4840 non
523 4777 636 4863 parcis
652 4776 887 4876 delinquenti,
900 4797 935 4855 et
944 4781 1080 4864 lob.9,;
1135 4793 1235 4843 1111111.

96 4865 192 4937 Vere
209 4867 281 4936 scio
298 4870 394 4961 quod
410 4894 484 4939 non
504 4875 711 4950 iustificetur
727 4874 833 4950 homo
858 4906 975 4955 coram
991 4884 1080 4968 Deo,
1232 4883 1313 4957 Duo
1343 4885 1460 4956 ultimi
1483 4908 1604 4956 versus
1623 4899 1707 4958 sunt
1727 4886 1902 4978 generalis
1927 4885 2111 4978 promissio

96 4967 208 5042 ltem:
234 4967 315 5038 Non
328 4968 438 5042 intres
456 4972 494 5042 in
509 4977 681 5052 iudicium
694 5004 775 5050 cum
788 5005 890 5054 servo
907 5001 982 5059 tuo.
1134 5004 1168 5061 et
1190 5001 1413 5082 praeceptum
1437 4988 1481 5055 de
1505 4987 1573 5056 lide
1596 4999 1630 5057 et
1656 5011 1734 5077 spe,
1774 5003 1894 5081 estque
1918 4989 2112 5059 necessaria

203 5065 246 5137 ln
268 5085 396 5187 quarto
420 5098 522 5146 versu
544 5082 705 5178 sequitur
732 5086 944 5157 consolatio:
978 5082 1082 5184 Quia
1133 5091 1312 5169 doctriua,
1341 5111 1562 5181 quamsaepe
1580 5090 1792 5180 repetimus,
1824 5085 2002 5183 Oportere
2029 5113 2111 5180 prp-

96 5162 207 5268 apud
227 5177 259 5238 le
271 5171 494 5267 propiciatio
508 5188 579 5267 est,
613 5187 649 5254 id
673 5198 744 5270 est,
776 5187 936 5260 remissio
960 5214 1083 5282 pecca·
1132 5192 1317 5263 missiones
1333 5191 1402 5259 tide
1417 5190 1547 5280 accipi,
1572 5190 1662 5261 sicut
1676 5187 1786 5264 Rom.
1803 5189 1838 5264 4.
1853 5193 1999 5263 dicitur:
2028 5188 2112 5260 ldeo

96 5288 229 5345 torum.
279 5271 327 5344 Et
346 5269 431 5345 baec
445 5277 664 5376 intelligatur
679 5289 830 5376 gratuita
847 5305 990 5384 propter
1002 5289 1083 5362 Mc·
1134 5295 1259 5363 exlide
1276 5291 1384 5383 gratis
1406 5307 1446 5364 ut
1467 5291 1568 5361 firma
1592 5292 1642 5360 sit·
1660 5292 1859 5382 promissio.
1910 5290 2024 5362 Simul
2049 5314 2114 5360 au-

96 5374 292 5459 ffial‘tfeffl,
318 5398 392 5446 ¹10ss
407 5395 551 5473 propter
565 5384 848 5482 ullamlnostram
861 5394 1083 5484 dignitatem.
1134 5407 1204 5467 tem
1219 5390 1279 5466 bio
1292 5406 1417 5466 notum
1435 5392 1481 5466 sit
1504 5393 1694 5465 discrimen
1717 5392 1962 5487 promissionis
1983 5391 2115 5482 gratiae
