4538 5754
184 188 285 283 cass
780 211 906 290 nutu.
934 211 1050 287 uun.
1074 215 1285 296 sentam
1312 222 1616 303 nxucurtca.
1936 322 1942 329 ,
2124 243 2212 320 uss

184 380 357 452 beneficio
391 381 577 451 confirmat
611 379 711 478 pios,
745 397 779 453 et
807 385 938 455 multos
972 386 1101 458 invitat
1132 392 1175 459 ad
1228 398 1378 468 miratur
1394 415 1428 468 et
1445 402 1573 491 probat
1590 404 1786 491 iusticiam,
1812 409 2029 494 castitatem,
2057 430 2214 486 coustau·

185 483 402 574 agnitionem
426 480 506 557 Dei.
558 479 665 551 Tales
686 484 831 556 suerunt
853 501 887 556 et
908 487 1037 578 Moisi‚
1061 491 1173 572 Elias,
1229 501 1313 568 tiam
1331 502 1369 569 in
1388 504 1604 593 perferendis
1618 508 2017 610 cruciatibus,propter
2031 518 2213 589 confessio-

185 584 340 669 Elisaei,
363 583 509 669 Esaiae,
535 581 719 671 leremiae,
741 584 903 657 Danielis
927 605 959 660 ct
981 593 1176 663 multorum
1229 626 1312 671 nem
1327 617 1441 673 rectae
1460 610 1667 682 sententiae.

186 689 339 758 aliorum
368 685 590 786 prophetiae.
659 685 768 758 Tales
799 686 998 788 Prophetae
1031 695 1176 765 suerunt

394 790 402 806 ι
1331 716 1415 789 ldeo
1432 744 1561 811 magna
1576 739 1628 794 est
1644 720 1824 797 Ecclesiae
1841 730 1955 820 gloria
1977 702 2017 801 in
2040 734 2114 804 illis
2135 736 2214 834 ipsis

188 804 222 860 et
240 787 415 881 Apostoli.

1227 821 1497 902 certaminibus,
1532 825 1569 893 in
1592 827 1651 918 qr'
1693 850 1722 897 ts
1743 832 1888 924 tyranni
1908 854 2011 902 suam
2038 838 2210 906 saevitiam

290 905 337 977 Et
361 930 566 1001 quanquam
591 909 787 998 posteriora
815 924 976 1009 tempora
1000 911 1177 985 Ecclesiae
1227 922 1384 1012 explent:
1418 936 1458 993 ut
1480 926 1584 995 etiam
1610 930 1743 998 cortici
1767 947 1980 1022 spectatores
2003 940 2214 1027 magnitudi-

188 1035 261 1080 non
278 1007 546 1104 habent‘coram
565 1012 700 1080 mundo
716 1012 865 1102 gloriam
883 1027 1030 1099 tautam,
1047 1031 1177 1109 quauta
1228 1046 1309 1090 nem
1324 1025 1466 1096 virtutis
1482 1026 1519 1093 in
1537 1026 1750 1117 Laurentio,
1765 1057 1847 1103 cum
1868 1036 2030 1106 viderent
2047 1064 2130 1108 eum
2146 1064 2212 1109 am·

189 1114 256 1184 init
273 1109 535 1204 Prophetarum
555 1111 722 1197 inlsrae'l‚
747 1127 867 1183 tamen
884 1116 1063 1187 interdum
1080 1116 1177 1188 Deus
1228 1126 1373 1195 bustum
1409 1142 1562 1220 tyranno
1595 1130 1787 1217 insultare,
1828 1138 1941 1227 magis
1973 1140 2096 1209 mirati
2129 1156 2213 1225 sunt,

189 1217 317 1285 excitat
333 1217 387 1283 vel
399 1209 596 1305 Prophetas
616 1215 734 1285 futura
751 1216 926 1302 dicentes,
951 1220 1067 1311 qualis
1088 1222 1177 1290 scri·
1228 1251 1333 1320 quam
1351 1230 1544 1318 potentiam
1561 1235 1717 1325 tyranni.
1769 1233 1890 1325 Quare
1906 1252 1942 1309 et
1962 1243 2126 1330 exempla
2150 1244 2213 1311 vir·

189 1320 289 1387 bitur
303 1318 410 1386 luisse
433 1311 641 1387 Methodius
664 1331 810 1410 martyr,
834 1319 1020 1411 episcopus
1035 1320 1178 1415 Lyciae,
1227 1342 1344 1398 tutum
1361 1332 1478 1399 omnis
1500 1335 1656 1421 generis,
1681 1337 1812 1408 multos
1836 1341 1881 1409 ad
1901 1337 2145 1432 Evangelium
2164 1345 2213 1411 iu-

189 1434 224 1490 et
240 1418 345 1489 multi
361 1419 434 1490 alii.
479 1419 664 1488 Interdum
679 1419 760 1488 sine
785 1421 1089 1511 praedictionibus
1113 1427 1179 1495 do·
1228 1431 1445 1504 vitaverunt.
2177 1452 2182 1461 '

190 1536 304 1592 ctores
328 1521 556 1611 excellentes,
589 1544 652 1612 per
672 1544 761 1615 quos
792 1537 940 1593 renovat
965 1526 1177 1612 doctrinam,

190 1639 224 1695 ²¹
242 1618 638 1714 repufssafflctlffilaffia
665 1647 755 1715 q¹¹⁰⁸
770 1623 873 1694 ‘llam
895 1627 1050 1695 mlfflbill
1069 1632 1177 1698 ¹¹¹⁰d⁰
1229 1674 1315 1736 nae,
1341 1650 1378 1719 in
1394 1676 1463 1743 qua
1478 1654 1588 1722 sancti
1605 1672 1775 1748 perpetuo
1792 1660 2023 1731 laetabuntur
2037 1686 2118 1731 cum
2132 1663 2211 1743 Deo,

191 1723 905 1811 (lesendll,Sicuiexclldvlilbmltl'osslum,
928 1725 1181 1819 Auglltllntm
1230 1766 1264 1821 et
1286 1753 1451 1822 fruemur
1478 1756 1680 1827 dulcissima
1710 1763 1969 1831 consuetudine
2002 1766 2212 1854 angelorum,

192 1842 228 1899 et
241 1829 370 1919 passim
395 1827 534 1920 aliquos
559 1848 705 1916 magnos
729 1828 825 1896 viros
839 1833 1028 1927 postremis
1042 1845 1179 1920 tempo·
1230 1867 1388 1944 patmm,
1414 1852 1688 1946 Prophetarum,
1715 1862 1993 1951 Apogcolomm‚
2018 1881 2052 1935 01
2068 1867 2211 1936 aliorum

89 1966 102 1979 =
192 1931 312 2013 ribus,
337 1931 396 1998 sed
417 1929 657 2010 obscuriores,
683 1927 935 2001 utTaulerum
960 1935 1181 2004 autsimiles.
1231 1957 1641 2028 ,ummorumvimmffi
1679 1959 2213 2052 Haecglofjanonduminhac

294 2061 341 2134 Et
374 2087 474 2135 nunc
504 2063 645 2135 incocta
680 2077 731 2134 ccc
765 2065 967 2136 emendacio
991 2063 1181 2153 Ecclesiae,
1231 2057 1303 2127 vita
1327 2050 1574 2147 conspicitur)
1588 2063 1647 2130 sed
1673 2077 1791 2131 tamen
1815 2089 1880 2135 nos
1903 2070 2089 2137 credentes
2104 2066 2214 2138 Evan-

192 2190 300 2264 quam
317 2189 389 2235 esse
412 2191 431 2234 a
447 2163 542 2251 Deo,
566 2166 721 2256 primum
748 2178 895 2238 testatur
916 2169 1031 2259 ipsum
1048 2164 1182 2240 doctri.
1232 2158 1324 2247 gelio
1336 2213 1346 2242 ,
1360 2173 1451 2228 certa
1467 2183 1528 2250 spe
1544 2175 1578 2230 et
1594 2166 1833 2252 expectatione
1850 2167 1940 2236 tanti
1959 2171 2121 2237 muneris
2138 2196 2213 2240 con·
2256 2176 2259 2261 i

193 2295 260 2340 nac
287 2290 414 2358 genus,
441 2269 523 2360 quia
546 2291 620 2336 non
648 2269 757 2338 tradit
781 2291 836 2337 rec
858 2293 970 2340 novas
988 2282 1084 2340 extra
1101 2296 1181 2340 ver.
1233 2260 1416 2328 solariuos
1431 2261 1717 2353 ipsosdehemus,
1736 2282 1770 2337 et
1786 2268 2215 2361 iudicareingentemglo-

164 2374 167 2379 ’
192 2375 279 2443 bum
295 2367 380 2452 Dei,
407 2373 467 2439 sed
485 2382 625 2439 revocat
638 2367 833 2439 Ecclesiam
850 2372 895 2439 ad
918 2371 1035 2463 ipsum
1054 2396 1182 2464 purum
1234 2361 1323 2429 flam
1335 2384 1422 2445 ‘⁸³⁰2
1446 2363 1542 2455 quod
1560 2365 1630 2455 53¹⁰
1650 2366 1761 2436 Simus
1777 2362 1945 2438 haeredes
1960 2372 2053 2457 lanii
2068 2366 2216 2455 h0¹¹01552

192 2471 429 2562 Evangelium
453 2468 539 2554 Dei,
579 2472 783 2564 ubicunque
815 2485 932 2541 autem
967 2487 1019 2542 est
1053 2497 1182 2566 purum
1234 2460 1464 2531 sicutl‘aulus
1480 2463 1609 2557 inquit,
1628 2467 1775 2556 gloriari
1790 2492 1856 2539 nos
1870 2472 1909 2539 in
1928 2473 2098 2561 spevitae
2113 2488 2215 2543 aeter-

194 2573 430 2662 Evangelium
455 2570 545 2655 Dei,
574 2573 625 2642 ibi
651 2595 791 2643 neccsse
814 2587 865 2642 cst
890 2597 963 2644 cccc
980 2599 1099 2645 veram
1114 2571 1184 2644 Ec.
1235 2587 1311 2632 nae.
1338 2562 1407 2633 Sed
1424 2558 1510 2634 haec
1524 2566 1636 2655 gloria
1655 2568 1765 2658 magis
1779 2571 2021 2662 conspicietur
2036 2587 2119 2664 post
2135 2572 2216 2644 hanc

193 2676 347 2747 clesiam.
401 2672 500 2744 Sicut
511 2669 676 2745 Christus
691 2675 756 2746 aits
785 2672 859 2764 Qui
877 2673 1002 2747 exDeo
1021 2690 1081 2762 est,
1105 2701 1186 2745 ver·
1235 2667 1356 2736 vitam.
1718 2692 1720 2697 ’
2257 2760 2259 2775 Ι

193 2780 279 2849 bum
295 2774 364 2846 Dei
377 2775 487 2850 audit
1338 2780 1409 2852 Est
1420 2796 1540 2853 autem
1556 2799 1590 2854 et
1606 2781 1674 2856 hoc
1690 2790 2012 2876 considerandum,
2038 2796 2136 2886 quod
2159 2795 2216 2862 im·
2257 2808 2259 2885 t

297 2894 481 2980 Secundo,
509 2890 681 2964 hahemus
705 2909 740 2966 et
761 2892 1087 2968 hoctestimonium
1103 2895 1187 2989 Spi-
1235 2885 1286 2977 pii
1311 2886 1467 2956 latentur
1489 2910 1526 2955 se
1545 2888 1715 2959 dubitare
1744 2892 1788 2960 de
1817 2891 1936 2963 lutura
1962 2895 2054 2974 vita,
2091 2910 2124 2967 et
2143 2909 2217 2965 sunt
2256 2908 2259 2987 ᾗ

196 2999 285 3069 ritus
303 2998 434 3081 sancti,
462 2997 558 3090 quod
583 3019 639 3064 res
663 2996 856 3094 patefactae
873 3013 957 3069 sunt
972 2999 1185 3069 necessariae
1236 2986 1483 3103 conlumqllffil
1498 2989 1535 3056 5¹¹
1554 2987 1687 3073 Deum.
1714 2992 1878 3064 dubim!
1895 3017 1939 3061 ³¹¹
1964 2995 2011 3062 ⁵51
2035 2997 2217 3083 provideo·
2257 2994 2259 3077 l

196 3116 231 3170 et
247 3099 469 3192 spirituales,
496 3100 541 3165 de
555 3097 797 3195 poenitentia,
812 3100 1071 3184 consolatione,
1095 3123 1185 3194 quae
1236 3090 1307 3171 13³,
1332 3110 1378 3155 ³¹¹
1395 3090 1480 3157 ¹⁰⁵5
1497 3089 1567 3158 ⁵5⁰¹
1584 3085 1742 3160 habflurl
1759 3095 1933 3183 Praemia,
1962 3095 2126 3168 scelerati
2142 3122 2215 3190 pst·

196 3203 235 3272 fit
253 3201 446 3292 perfidem.
498 3195 576 3267 Hae
600 3221 655 3267 res
681 3222 755 3266 non
779 3214 941 3290 poterant
956 3196 1187 3293 deprehendi,
1236 3211 1311 3257 nas.
1339 3186 1435 3258 Haec
1451 3189 1712 3279 ipsadubitatio
1731 3208 1784 3262 est
1799 3218 1921 3284 magna
1936 3194 2038 3265 labes
2056 3198 2096 3266 in
2112 3215 2214 3269 mente
2257 3302 2259 3307 Ι

197 3315 259 3372 aut
277 3302 375 3371 cerni
394 3299 546 3389 ingeniis
561 3293 739 3374 humanis.
792 3299 862 3372 Sed
888 3315 1025 3372 tautum
1050 3303 1186 3372 lumine
1235 3284 1410 3371 humanas
1436 3293 1859 3364 01²³l⁰⁰¹¹l⁰ffl²ll⁰⁵³l¹¹
1874 3293 2003 3371 Deum·

196 3403 352 3495 Spiritus
369 3402 482 3471 sancti
503 3424 568 3492 per
583 3399 745 3486 verbum,
759 3401 797 3470 in
816 3427 918 3472 cruce
936 3416 1186 3492 agnoscuntur.
1336 3418 1411 3489 Nos
1432 3419 1541 3511 igitur
1562 3417 1632 3492 hoc
1656 3428 1805 3497 nomine
1830 3432 2110 3523 antecellimus,
2134 3438 2215 3530 quod

287 3519 424 3604 Tertio,
444 3519 605 3588 videmus
622 3519 729 3588 etiarn
746 3519 921 3589 divinitus
938 3522 1081 3590 delendi
1096 3515 1186 3593 hanc
1207 3556 1211 3663 p
1236 3520 1423 3592 statuimus
1446 3537 1578 3594 restare
1608 3524 1731 3611 citam,-
1772 3544 1807 3599 et
1828 3532 2004 3603 iudicium
2034 3553 2113 3627 post
2137 3536 2215 3607 hanc

197 3622 417 3700 doctrinam,
443 3645 523 3690 cum
549 3621 715 3690 diabolus
738 3622 899 3714 undique
917 3624 1085 3692 adsersus
1108 3642 1183 3687 eam
1235 3623 1364 3708 vitam,
1391 3625 1522 3694 eteius
1545 3626 1595 3695 rei
1618 3639 1780 3699 tenemus
1795 3646 1925 3702 certam
1941 3638 2074 3724 tidem,
2099 3641 2215 3708 confir·

196 3723 366 3793 exuscitet
380 3717 514 3806 hostes,
532 3722 736 3820 pontifices,
755 3746 872 3813 reges,
890 3723 1085 3814 principes,
1116 3721 1185 3789 im·
1236 3737 1366 3794 matam
1387 3725 1425 3792 iu
1447 3727 1578 3824 anisnis
1604 3728 1683 3799 luce
1707 3733 1807 3800 verbi
1832 3730 1917 3819 Dei,
1948 3753 2052 3808 motu
2075 3742 2216 3831 Spiritus

195 3827 297 3924 pium
314 3824 461 3913 vulgus,
486 3824 557 3893 imo
577 3825 680 3894 etiam
700 3823 845 3898 'l'urcas
894 3822 1184 3895 ldeoenimdia-
1235 3825 1368 3910 sancti,
1403 3841 1438 3896 et
1460 3827 1582 3898 multis
1604 3831 1803 3901 illustribus
1829 3841 2051 3925 argumentis
2075 3853 2109 3913 et
2130 3844 2215 3915 testi·

195 3929 300 3999 bolus
317 3925 470 4025 impellit
486 3925 640 4006 Turras,
668 3940 708 3995 ut
725 3927 763 3994 in
779 3922 865 3994 haec
882 3928 958 3994 loca
972 3925 1184 4014 irrumpant,
1207 3993 1210 4043 Ι
1236 3926 1383 4012 moniis,
1409 3932 1666 4001 resurrectione
1680 3928 1836 4019 Christi,
1861 3952 1896 4006 et
1909 3938 2067 4010 aliorum
2085 3959 2213 4014 sancto·

194 4045 235 4101 ut
252 4030 460 4120 extinguant
474 4028 589 4096 lucem
599 4024 954 4116 Evangelii,⁴excitat
970 4025 1076 4094 etiam
1087 4024 1184 4093 varia
1205 4046 1210 4193 Ι
1234 4051 1328 4097 rum.
1387 4027 1483 4100 Haec
1507 4030 1582 4122 ipsa
1604 4036 1779 4123 sapientia
1803 4051 1854 4105 est
1877 4039 2004 4127 iugens
2027 4047 2158 4135 gloria,
2188 4059 2215 4113 et

195 4133 361 4202 scandala
376 4131 470 4201 inter
486 4152 551 4200 nos
567 4130 678 4220 ipsos,
700 4142 739 4198 ut
754 4129 928 4197 deformet
936 4123 1181 4216 Evangelium.
1234 4130 1362 4201 tribuit
1376 4128 1453 4199 Deo
1469 4134 1730 4223 providentiam
1755 4150 1789 4205 et
1805 4139 1995 4215 iusticiam.
2048 4143 2216 4217 Recensui

195 4233 295 4304 luter
319 4228 406 4302 haec
429 4231 586 4321 pericula
611 4240 729 4300 tamen
751 4229 851 4299 fulsit
866 4226 1121 4319 Evangelium,
1147 4240 1182 4297 et
1233 4232 1442 4329 praecipuos
1458 4236 1588 4322 gradus
1601 4236 1753 4325 gloriae,
1780 4263 1868 4332 quos
1884 4266 1968 4310 vera
1981 4239 2144 4317 Ecclesia
2161 4274 2217 4337 op·

193 4350 233 4406 ut
251 4357 432 4427 speramus
446 4333 608 4421 fulgebit.
660 4330 757 4401 Haec
773 4333 849 4422 ipsa
866 4331 1073 4420 magnitudo
1088 4330 1182 4421 peri·
1232 4355 1365 4422 ponere
1379 4334 1570 4425 impiorum
1582 4339 1718 4436 'gloriae
1735 4341 1850 4410 debet.
1901 4340 2218 4420 Nametafflictio-

195 4438 377 4516 culorum,
413 4449 447 4504 et
469 4435 670 4524 indignatio
692 4434 828 4502 diaboli
850 4432 1104 4502 commoventis
1126 4445 1182 4501 to·
1231 4455 1295 4501 nes
1317 4449 1456 4505 nostras
1480 4452 1514 4506 et
1537 4440 1689 4527 gloriam
1714 4443 1940 4513 considerare
1962 4469 2033 4517 nos
2049 4455 2217 4530 convertit,

194 4550 268 4611 tum
288 4539 462 4608 mundum
479 4539 647 4605 adversus
663 4560 747 4621 nos,
763 4549 815 4605 est
830 4537 991 4622 signum,
1005 4533 1099 4627 quod
1115 4534 1180 4601 do-
1232 4549 1270 4606 ut
1287 4532 1352 4603 nos
1367 4537 1592 4633 erudiamus,
1617 4543 1842 4613 consolemur
1863 4558 1898 4615 et
1910 4549 2176 4623 confirmemus.

194 4642 307 4712 ctrina
320 4639 560 4710 Ecclesiarum
576 4652 776 4708 nostrarum
794 4638 841 4709 sit
853 4633 1086 4725 Evangelium
1102 4631 1179 4704 Dei.
1333 4653 1429 4723 Haec
1451 4670 1490 4725 uc
1518 4659 1563 4727 dc
1588 4653 1745 4729 Ecclesia
1776 4661 1997 4751 colligerem,
2032 4674 2217 4741 admonito

295 4760 420 4832 Sextus
437 4759 567 4849 gradm
583 4771 658 4841 est,
683 4751 834 4826 Etiamsi
854 4752 1013 4826 Ecclesia
1028 4777 1106 4822 sera
1128 4766 1181 4823 est
1230 4769 1314 4825 runt
1329 4780 1385 4823 me
1401 4756 1596 4827 dulcissimi
1613 4763 1794 4831 versiculi:
1818 4756 1943 4858 Lapis
1968 4790 2082 4863 quem
2109 4798 2217 4870 repro

193 4876 425 4944 aerumnosa,
450 4861 527 4931 sine
548 4860 696 4949 opibus,
724 4858 994 4949 sinepotentia‚
1026 4856 1177 4925 etmulti
1231 4852 1369 4939 bostis,
1396 4849 1457 4926 hic
1475 4858 1608 4956 factus
1630 4869 1681 4929 est
1705 4861 2042 4961 iacaputangulr'.
2098 4875 2133 4944 A
2147 4870 2214 4944 Dc

192 4965 244 5051 pii
261 4947 525 5044 interficiuntur
541 4987 560 5030 a
578 4961 757 5055 tyrannis,
783 4974 901 5030 tamen
924 4958 1178 5058 ipsaevirtutes
1231 4956 1335 5026 ariao
1350 4958 1577 5054 factumest
1601 4955 1687 5043 hoc,
1717 4974 1749 5045 et
1777 4973 1828 5033 est
1848 4963 2030 5041 mirabile
2055 4974 2096 5044 ia
2114 4975 2203 5048 ocul'

195 5056 373 5135 Ecclesiae
399 5079 482 5133 sunt
512 5087 639 5152 magna
671 5063 797 5151 gloria.
855 5062 956 5133 Sicut
983 5082 1077 5131 neus
1109 5054 1177 5126 hu-
1231 5061 1383 5129 nostris.
1437 5063 1489 5133 Ut
1506 5067 1599 5131 enim
1619 5067 1761 5152 agnosci
1778 5068 1917 5157 possint
1936 5067 2028 5145 haec
2051 5082 2212 5150 mirabilis

97 5205 101 5213 ,
194 5186 299 5232 mana
329 5165 539 5235 naturaliter
564 5168 758 5235 detestatur
781 5164 1039 5243 crudelitatem,
1073 5181 1178 5249 vagas
1232 5185 1337 5251 opera
1364 5161 1430 5231 Dei
1457 5167 1493 5232 in
1518 5162 1692 5249 Ecclesia,
1725 5169 1914 5239 dicendum
1944 5168 2006 5244 hic
2031 5180 2117 5265 fuit,
2141 5182 2211 5272 quid

193 5280 228 5337 et
243 5265 460 5357 promiscuas
476 5267 662 5348 libidines,
678 5266 856 5357 periuria,
870 5263 1079 5343 calumnias,
1095 5263 1177 5354 qrri·
1230 5265 1277 5333 sit
1292 5259 1473 5347 Ecclesia,
1499 5268 1616 5360 qualis
1632 5270 1708 5337 eius
1722 5271 1766 5347 sit
1786 5273 1924 5360 speeies
1941 5299 2067 5350 coram
2086 5286 2211 5357 mundo,

191 5368 258 5438 bus
273 5368 370 5437 vitiis
393 5370 560 5440 omnibus
577 5369 719 5463 tyranni
735 5370 937 5437 abundant:
960 5365 1015 5439 ita¹
1034 5377 1175 5434 econtra
1232 5367 1348 5459 qualis
1375 5369 1519 5458 politia,
1553 5393 1614 5441 seu
1642 5371 1748 5463 quale
1771 5373 2042 5468 ministerium,
2074 5384 2208 5479 quaesit

1333 1548 1513 1640 Septimus
1528 1553 1657 1640 gradus
1674 1568 1747 1637 est,
1772 1554 1982 1630 Haereditas
2000 1561 2095 1632 vitae
2111 1576 2212 1633 aeter·
