<?xml version="1.0" encoding="UTF-8"?>
<!DOCTYPE html PUBLIC "-//W3C//DTD XHTML 1.0 Transitional//EN"
    "http://www.w3.org/TR/xhtml1/DTD/xhtml1-transitional.dtd">
<html xmlns="http://www.w3.org/1999/xhtml" xml:lang="en" lang="en">
 <head>
  <title>
</title>
<meta http-equiv="Content-Type" content="text/html;charset=utf-8" />
  <meta name='ocr-system' content='tesseract 3.04.00' />
  <meta name='ocr-capabilities' content='ocr_page ocr_carea ocr_par ocr_line ocrx_word'/>
</head>
<body>
  <div class='ocr_page' id='page_1' title='image "./corpusreformato11melagoog_0237.png"; bbox 0 0 4538 5754; ppageno 0'>
   <div class='ocr_carea' id='block_1_1' title="bbox 126 218 201 309">
    <p class='ocr_par' dir='ltr' id='par_1_1' title="bbox 126 218 201 309">
     <span class='ocr_line' id='line_1_1' title="bbox 126 218 201 309; baseline 0 -19"><span class='ocrx_word' id='word_1_1' title='bbox 126 218 201 309; x_wconf 78' lang='lat' dir='ltr'><strong>aas</strong></span> 
     </span>
    </p>
   </div>
   <div class='ocr_carea' id='block_1_2' title="bbox 118 377 1118 2390">
    <p class='ocr_par' dir='ltr' id='par_1_2' title="bbox 118 377 1107 582">
     <span class='ocr_line' id='line_1_2' title="bbox 118 377 1107 471; baseline -0.013 -13"><span class='ocrx_word' id='word_1_2' title='bbox 118 415 137 458; x_wconf 88' lang='lat' dir='ltr'><strong>a</strong></span> <span class='ocrx_word' id='word_1_3' title='bbox 162 383 279 455; x_wconf 89' lang='lat' dir='ltr'><strong>verbis</strong></span> <span class='ocrx_word' id='word_1_4' title='bbox 302 381 514 471; x_wconf 88' lang='lat' dir='ltr'><strong>scripturae,</strong></span> <span class='ocrx_word' id='word_1_5' title='bbox 549 400 628 449; x_wconf 89' lang='lat' dir='ltr'><strong>curn</strong></span> <span class='ocrx_word' id='word_1_6' title='bbox 657 378 855 449; x_wconf 75' lang='lat' dir='ltr'><strong>absurditas</strong></span> <span class='ocrx_word' id='word_1_7' title='bbox 877 390 1014 449; x_wconf 89' lang='lat' dir='ltr'><strong>tautum</strong></span> <span class='ocrx_word' id='word_1_8' title='bbox 1038 377 1107 446; x_wconf 89' lang='lat' dir='ltr'><strong>im·</strong></span> 
     </span>
     <span class='ocr_line' id='line_1_3' title="bbox 120 480 654 582; baseline -0.017 -25"><span class='ocrx_word' id='word_1_9' title='bbox 120 487 235 582; x_wconf 79' lang='lat' dir='ltr'>pingit</span> <span class='ocrx_word' id='word_1_10' title='bbox 250 484 288 551; x_wconf 91' lang='lat' dir='ltr'><strong>in</strong></span> <span class='ocrx_word' id='word_1_11' title='bbox 306 482 476 552; x_wconf 91' lang='lat' dir='ltr'><strong>iudicium</strong></span> <span class='ocrx_word' id='word_1_12' title='bbox 494 480 654 549; x_wconf 84' lang='lat' dir='ltr'><strong>rationis.</strong></span> 
     </span>
    </p>

    <p class='ocr_par' dir='ltr' id='par_1_3' title="bbox 121 577 1118 2390">
     <span class='ocr_line' id='line_1_4' title="bbox 184 577 1106 656; baseline -0.012 0"><span class='ocrx_word' id='word_1_13' title='bbox 184 618 191 633; x_wconf 93' lang='lat'><strong>·</strong></span> <span class='ocrx_word' id='word_1_14' title='bbox 221 584 516 656; x_wconf 85' lang='lat' dir='ltr'><strong>Confirmationes</strong></span> <span class='ocrx_word' id='word_1_15' title='bbox 546 596 580 650; x_wconf 94' lang='lat' dir='ltr'><strong>et</strong></span> <span class='ocrx_word' id='word_1_16' title='bbox 607 579 865 648; x_wconf 73' lang='lat' dir='ltr'><strong>confutationes</strong></span> <span class='ocrx_word' id='word_1_17' title='bbox 887 577 925 646; x_wconf 92' lang='lat' dir='ltr'><strong>in</strong></span> <span class='ocrx_word' id='word_1_18' title='bbox 942 578 1106 649; x_wconf 85' lang='lat' dir='ltr'><strong>eeclesia-</strong></span> 
     </span>
     <span class='ocr_line' id='line_1_5' title="bbox 121 679 1108 774; baseline -0.014 -13"><span class='ocrx_word' id='word_1_19' title='bbox 121 687 218 761; x_wconf 86' lang='lat' dir='ltr'><strong>sticis</strong></span> <span class='ocrx_word' id='word_1_20' title='bbox 232 685 388 774; x_wconf 82' lang='lat' dir='ltr'>negociis</span> <span class='ocrx_word' id='word_1_21' title='bbox 407 686 588 752; x_wconf 89' lang='lat' dir='ltr'><strong>ducuntur</strong></span> <span class='ocrx_word' id='word_1_22' title='bbox 612 705 653 749; x_wconf 87' lang='lat' dir='ltr'><strong>ex</strong></span> <span class='ocrx_word' id='word_1_23' title='bbox 678 679 890 748; x_wconf 75' lang='lat' dir='ltr'><strong>testimoniis</strong></span> <span class='ocrx_word' id='word_1_24' title='bbox 909 681 1108 772; x_wconf 79' lang='lat' dir='ltr'><strong>scripturae</strong></span> 
     </span>
     <span class='ocr_line' id='line_1_6' title="bbox 123 776 1109 860; baseline -0.014 0"><span class='ocrx_word' id='word_1_25' title='bbox 123 788 342 860; x_wconf 90' lang='lat' dir='ltr'><strong>clarioribus.</strong></span> <span class='ocrx_word' id='word_1_26' title='bbox 396 781 543 852; x_wconf 92' lang='lat' dir='ltr'><strong>lnterim</strong></span> <span class='ocrx_word' id='word_1_27' title='bbox 573 795 690 851; x_wconf 89' lang='lat' dir='ltr'><strong>tamen</strong></span> <span class='ocrx_word' id='word_1_28' title='bbox 721 805 762 849; x_wconf 84' lang='lat' dir='ltr'><strong>er</strong></span> <span class='ocrx_word' id='word_1_29' title='bbox 793 779 973 852; x_wconf 89' lang='lat' dir='ltr'><strong>dialectica</strong></span> <span class='ocrx_word' id='word_1_30' title='bbox 1005 776 1109 850; x_wconf 89' lang='lat' dir='ltr'><strong>adhi-</strong></span> 
     </span>
     <span class='ocr_line' id='line_1_7' title="bbox 124 882 1110 976; baseline -0.01 -16"><span class='ocrx_word' id='word_1_31' title='bbox 124 891 239 960; x_wconf 90' lang='lat' dir='ltr'><strong>benda</strong></span> <span class='ocrx_word' id='word_1_32' title='bbox 255 900 325 968; x_wconf 89' lang='lat' dir='ltr'><strong>est,</strong></span> <span class='ocrx_word' id='word_1_33' title='bbox 350 886 434 976; x_wconf 90' lang='lat' dir='ltr'><strong>quia</strong></span> <span class='ocrx_word' id='word_1_34' title='bbox 448 908 549 975; x_wconf 83' lang='lat' dir='ltr'><strong>saepe</strong></span> <span class='ocrx_word' id='word_1_35' title='bbox 565 907 605 952; x_wconf 85' lang='lat' dir='ltr'><strong>ex</strong></span> <span class='ocrx_word' id='word_1_36' title='bbox 626 882 851 963; x_wconf 84' lang='lat' dir='ltr'><strong>delinitione,</strong></span> <span class='ocrx_word' id='word_1_37' title='bbox 876 895 938 952; x_wconf 84' lang='lat' dir='ltr'><strong>eut</strong></span> <span class='ocrx_word' id='word_1_38' title='bbox 963 905 1004 951; x_wconf 85' lang='lat' dir='ltr'><strong>ex</strong></span> <span class='ocrx_word' id='word_1_39' title='bbox 1027 904 1110 951; x_wconf 85' lang='lat' dir='ltr'><strong>cau·</strong></span> 
     </span>
     <span class='ocr_line' id='line_1_8' title="bbox 121 982 1109 1082; baseline -0.009 -21"><span class='ocrx_word' id='word_1_40' title='bbox 121 993 190 1074; x_wconf 86' lang='lat' dir='ltr'><strong>sis,</strong></span> <span class='ocrx_word' id='word_1_41' title='bbox 225 1010 316 1082; x_wconf 84' lang='lat' dir='ltr'><strong>quae</strong></span> <span class='ocrx_word' id='word_1_42' title='bbox 339 999 424 1057; x_wconf 92' lang='lat' dir='ltr'><strong>sunt</strong></span> <span class='ocrx_word' id='word_1_43' title='bbox 447 986 485 1053; x_wconf 93' lang='lat' dir='ltr'><strong>in</strong></span> <span class='ocrx_word' id='word_1_44' title='bbox 509 985 702 1074; x_wconf 90' lang='lat' dir='ltr'><strong>scriptura,</strong></span> <span class='ocrx_word' id='word_1_45' title='bbox 735 982 940 1053; x_wconf 89' lang='lat' dir='ltr'><strong>ratiocinari</strong></span> <span class='ocrx_word' id='word_1_46' title='bbox 972 983 1109 1078; x_wconf 84' lang='lat' dir='ltr'><strong>aliquid</strong></span> 
     </span>
     <span class='ocr_line' id='line_1_9' title="bbox 122 1082 1112 1180; baseline -0.01 -18"><span class='ocrx_word' id='word_1_47' title='bbox 122 1091 291 1180; x_wconf 81' lang='lat' dir='ltr'><strong>cogimur.</strong></span> <span class='ocrx_word' id='word_1_48' title='bbox 325 1087 396 1158; x_wconf 85' lang='lat' dir='ltr'><strong>Sed</strong></span> <span class='ocrx_word' id='word_1_49' title='bbox 414 1082 473 1155; x_wconf 91' lang='lat' dir='ltr'><strong>hic</strong></span> <span class='ocrx_word' id='word_1_50' title='bbox 489 1087 683 1155; x_wconf 84' lang='lat' dir='ltr'><strong>videndum</strong></span> <span class='ocrx_word' id='word_1_51' title='bbox 698 1097 767 1167; x_wconf 91' lang='lat' dir='ltr'><strong>est,</strong></span> <span class='ocrx_word' id='word_1_52' title='bbox 795 1107 839 1151; x_wconf 88' lang='lat' dir='ltr'><strong>ne</strong></span> <span class='ocrx_word' id='word_1_53' title='bbox 855 1098 1112 1154; x_wconf 89' lang='lat' dir='ltr'><strong>connectantur</strong></span> 
     </span>
     <span class='ocr_line' id='line_1_10' title="bbox 122 1178 1111 1268; baseline -0.009 -6"><span class='ocrx_word' id='word_1_54' title='bbox 122 1194 216 1262; x_wconf 90' lang='lat' dir='ltr'><strong>male</strong></span> <span class='ocrx_word' id='word_1_55' title='bbox 240 1184 444 1258; x_wconf 85' lang='lat' dir='ltr'><strong>coherentia</strong></span> <span class='ocrx_word' id='word_1_56' title='bbox 472 1209 534 1258; x_wconf 89' lang='lat' dir='ltr'><strong>seu</strong></span> <span class='ocrx_word' id='word_1_57' title='bbox 558 1178 820 1268; x_wconf 70' lang='grc' dir='ltr'><strong><em>ἀνακόλουθα,</em></strong></span> <span class='ocrx_word' id='word_1_58' title='bbox 853 1208 915 1254; x_wconf 91' lang='lat' dir='ltr'><strong>seu</strong></span> <span class='ocrx_word' id='word_1_59' title='bbox 937 1200 975 1255; x_wconf 91' lang='lat' dir='ltr'><strong>ut</strong></span> <span class='ocrx_word' id='word_1_60' title='bbox 1000 1185 1111 1253; x_wconf 87' lang='lat' dir='ltr'><strong>diale-</strong></span> 
     </span>
     <span class='ocr_line' id='line_1_11' title="bbox 125 1287 1111 1382; baseline -0.01 -18"><span class='ocrx_word' id='word_1_61' title='bbox 125 1294 204 1364; x_wconf 90' lang='lat' dir='ltr'><strong>ctici</strong></span> <span class='ocrx_word' id='word_1_62' title='bbox 221 1294 429 1382; x_wconf 90' lang='lat' dir='ltr'><strong>loquuntur,</strong></span> <span class='ocrx_word' id='word_1_63' title='bbox 456 1313 502 1357; x_wconf 90' lang='lat' dir='ltr'><strong>ne</strong></span> <span class='ocrx_word' id='word_1_64' title='bbox 519 1290 632 1357; x_wconf 90' lang='lat' dir='ltr'><strong>malae</strong></span> <span class='ocrx_word' id='word_1_65' title='bbox 648 1287 920 1379; x_wconf 87' lang='lat' dir='ltr'><strong>consequentiae</strong></span> <span class='ocrx_word' id='word_1_66' title='bbox 936 1309 1111 1356; x_wconf 88' lang='lat' dir='ltr'><strong>consuan-</strong></span> 
     </span>
     <span class='ocr_line' id='line_1_12' title="bbox 126 1388 1114 1483; baseline -0.009 -19"><span class='ocrx_word' id='word_1_67' title='bbox 126 1410 196 1464; x_wconf 92' lang='lat' dir='ltr'><strong>tur.</strong></span> <span class='ocrx_word' id='word_1_68' title='bbox 248 1391 380 1471; x_wconf 90' lang='lat' dir='ltr'><strong>Porro,</strong></span> <span class='ocrx_word' id='word_1_69' title='bbox 414 1391 510 1483; x_wconf 93' lang='lat' dir='ltr'><strong>quod</strong></span> <span class='ocrx_word' id='word_1_70' title='bbox 537 1414 576 1458; x_wconf 82' lang='lat' dir='ltr'><strong>ex</strong></span> <span class='ocrx_word' id='word_1_71' title='bbox 602 1388 706 1457; x_wconf 91' lang='lat' dir='ltr'><strong>claris</strong></span> <span class='ocrx_word' id='word_1_72' title='bbox 730 1388 940 1457; x_wconf 86' lang='lat' dir='ltr'><strong>testimoniis</strong></span> <span class='ocrx_word' id='word_1_73' title='bbox 963 1389 1114 1457; x_wconf 86' lang='lat' dir='ltr'><strong>eflicitur</strong></span> 
     </span>
     <span class='ocr_line' id='line_1_13' title="bbox 125 1487 1114 1584; baseline -0.011 -19"><span class='ocrx_word' id='word_1_74' title='bbox 125 1499 221 1565; x_wconf 91' lang='lat' dir='ltr'><strong>bona</strong></span> <span class='ocrx_word' id='word_1_75' title='bbox 240 1493 510 1584; x_wconf 89' lang='lat' dir='ltr'><strong>consequentia,</strong></span> <span class='ocrx_word' id='word_1_76' title='bbox 535 1492 573 1559; x_wconf 94' lang='lat' dir='ltr'><strong>id</strong></span> <span class='ocrx_word' id='word_1_77' title='bbox 599 1512 740 1582; x_wconf 90' lang='lat' dir='ltr'><strong>quoque</strong></span> <span class='ocrx_word' id='word_1_78' title='bbox 762 1489 898 1558; x_wconf 84' lang='lat' dir='ltr'><strong>clarum</strong></span> <span class='ocrx_word' id='word_1_79' title='bbox 921 1511 993 1558; x_wconf 91' lang='lat' dir='ltr'><strong>esse</strong></span> <span class='ocrx_word' id='word_1_80' title='bbox 1017 1487 1114 1559; x_wconf 90' lang='lat' dir='ltr'><strong>iudi-</strong></span> 
     </span>
     <span class='ocr_line' id='line_1_14' title="bbox 127 1590 1114 1684; baseline -0.01 -18"><span class='ocrx_word' id='word_1_81' title='bbox 127 1610 241 1667; x_wconf 81' lang='lat' dir='ltr'><strong>cetur.</strong></span> <span class='ocrx_word' id='word_1_82' title='bbox 280 1592 329 1664; x_wconf 91' lang='lat' dir='ltr'><strong>Ut</strong></span> <span class='ocrx_word' id='word_1_83' title='bbox 346 1593 519 1684; x_wconf 87' lang='lat' dir='ltr'><strong>scriptura</strong></span> <span class='ocrx_word' id='word_1_84' title='bbox 529 1592 720 1667; x_wconf 37' lang='lat' dir='ltr'><strong>,manifeste</strong></span> <span class='ocrx_word' id='word_1_85' title='bbox 735 1590 863 1681; x_wconf 92' lang='lat' dir='ltr'><strong>probat</strong></span> <span class='ocrx_word' id='word_1_86' title='bbox 878 1590 1114 1679; x_wconf 84' lang='lat' dir='ltr'><strong>magistratus,</strong></span> 
     </span>
     <span class='ocr_line' id='line_1_15' title="bbox 128 1687 1116 1786; baseline -0.008 -20"><span class='ocrx_word' id='word_1_87' title='bbox 128 1719 210 1786; x_wconf 90' lang='lat' dir='ltr'><strong>ergo</strong></span> <span class='ocrx_word' id='word_1_88' title='bbox 229 1695 355 1786; x_wconf 88' lang='lat' dir='ltr'><strong>probat</strong></span> <span class='ocrx_word' id='word_1_89' title='bbox 372 1696 475 1762; x_wconf 91' lang='lat' dir='ltr'><strong>etiam</strong></span> <span class='ocrx_word' id='word_1_90' title='bbox 492 1695 583 1781; x_wconf 87' lang='lat' dir='ltr'><strong>leges</strong></span> <span class='ocrx_word' id='word_1_91' title='bbox 602 1692 734 1775; x_wconf 85' lang='lat' dir='ltr'><strong>civiles,</strong></span> <span class='ocrx_word' id='word_1_92' title='bbox 750 1691 911 1783; x_wconf 90' lang='lat' dir='ltr'><strong>quamvis</strong></span> <span class='ocrx_word' id='word_1_93' title='bbox 929 1687 1116 1762; x_wconf 85' lang='lat' dir='ltr'><strong>abEtltui·</strong></span> 
     </span>
     <span class='ocr_line' id='line_1_16' title="bbox 128 1789 1115 1884; baseline -0.007 -17"><span class='ocrx_word' id='word_1_94' title='bbox 128 1802 177 1867; x_wconf 92' lang='lat' dir='ltr'><strong>cis</strong></span> <span class='ocrx_word' id='word_1_95' title='bbox 192 1797 366 1876; x_wconf 88' lang='lat' dir='ltr'><strong>conditas,</strong></span> <span class='ocrx_word' id='word_1_96' title='bbox 392 1796 499 1863; x_wconf 91' lang='lat' dir='ltr'><strong>modo</strong></span> <span class='ocrx_word' id='word_1_97' title='bbox 519 1795 590 1862; x_wconf 90' lang='lat' dir='ltr'><strong>siut</strong></span> <span class='ocrx_word' id='word_1_98' title='bbox 607 1792 727 1862; x_wconf 91' lang='lat' dir='ltr'><strong>timori</strong></span> <span class='ocrx_word' id='word_1_99' title='bbox 747 1793 840 1862; x_wconf 88' lang='lat' dir='ltr'><strong>malo</strong></span> <span class='ocrx_word' id='word_1_100' title='bbox 857 1793 969 1884; x_wconf 88' lang='lat' dir='ltr'><strong>operi.</strong></span> <span class='ocrx_word' id='word_1_101' title='bbox 1018 1789 1115 1861; x_wconf 90' lang='lat' dir='ltr'><strong>Haec</strong></span> 
     </span>
     <span class='ocr_line' id='line_1_17' title="bbox 130 1888 1116 1990; baseline -0.008 -21"><span class='ocrx_word' id='word_1_102' title='bbox 130 1897 379 1990; x_wconf 89' lang='lat' dir='ltr'><strong>consequentia</strong></span> <span class='ocrx_word' id='word_1_103' title='bbox 404 1896 515 1978; x_wconf 74' lang='lat' dir='ltr'><strong>ualet,</strong></span> <span class='ocrx_word' id='word_1_104' title='bbox 548 1895 631 1987; x_wconf 88' lang='lat' dir='ltr'><strong>qnia</strong></span> <span class='ocrx_word' id='word_1_105' title='bbox 661 1895 716 1962; x_wconf 87' lang='lat' dir='ltr'><strong>lex</strong></span> <span class='ocrx_word' id='word_1_106' title='bbox 746 1888 839 1962; x_wconf 89' lang='lat' dir='ltr'><strong>nibil</strong></span> <span class='ocrx_word' id='word_1_107' title='bbox 870 1907 922 1962; x_wconf 90' lang='lat' dir='ltr'><strong>est</strong></span> <span class='ocrx_word' id='word_1_108' title='bbox 950 1893 1021 1962; x_wconf 91' lang='lat' dir='ltr'><strong>nisi</strong></span> <span class='ocrx_word' id='word_1_109' title='bbox 1049 1917 1116 1961; x_wconf 83' lang='lat' dir='ltr'><strong>vor</strong></span> 
     </span>
     <span class='ocr_line' id='line_1_18' title="bbox 130 1994 1116 2089; baseline -0.007 -21"><span class='ocrx_word' id='word_1_110' title='bbox 130 2004 364 2089; x_wconf 87' lang='lat' dir='ltr'><strong>magistratus.</strong></span> <span class='ocrx_word' id='word_1_111' title='bbox 397 1995 530 2066; x_wconf 91' lang='lat' dir='ltr'><strong>Locus:</strong></span> <span class='ocrx_word' id='word_1_112' title='bbox 560 1994 669 2073; x_wconf 86' lang='lat' dir='ltr'><strong>Vade,</strong></span> <span class='ocrx_word' id='word_1_113' title='bbox 695 1997 808 2064; x_wconf 84' lang='lat' dir='ltr'><strong>vende</strong></span> <span class='ocrx_word' id='word_1_114' title='bbox 823 1994 946 2064; x_wconf 88' lang='lat' dir='ltr'><strong>omnia</strong></span> <span class='ocrx_word' id='word_1_115' title='bbox 962 2007 1026 2064; x_wconf 89' lang='lat' dir='ltr'><strong>etc.</strong></span> <span class='ocrx_word' id='word_1_116' title='bbox 1041 2016 1116 2062; x_wconf 87' lang='lat' dir='ltr'><strong>nou</strong></span> 
     </span>
     <span class='ocr_line' id='line_1_19' title="bbox 131 2091 1116 2191; baseline -0.01 -19"><span class='ocrx_word' id='word_1_117' title='bbox 131 2102 223 2191; x_wconf 83' lang='lat' dir='ltr'><strong>cogit</strong></span> <span class='ocrx_word' id='word_1_118' title='bbox 246 2100 425 2169; x_wconf 88' lang='lat' dir='ltr'><strong>discedere</strong></span> <span class='ocrx_word' id='word_1_119' title='bbox 457 2122 476 2166; x_wconf 90' lang='lat' dir='ltr'><strong>a</strong></span> <span class='ocrx_word' id='word_1_120' title='bbox 507 2097 735 2167; x_wconf 87' lang='lat' dir='ltr'><strong>facultatibus</strong></span> <span class='ocrx_word' id='word_1_121' title='bbox 761 2091 1000 2180; x_wconf 86' lang='lat' dir='ltr'><strong>Christianos,</strong></span> <span class='ocrx_word' id='word_1_122' title='bbox 1033 2095 1116 2188; x_wconf 91' lang='lat' dir='ltr'><strong>qnia</strong></span> 
     </span>
     <span class='ocr_line' id='line_1_20' title="bbox 130 2196 1116 2291; baseline -0.01 -17"><span class='ocrx_word' id='word_1_123' title='bbox 130 2205 221 2274; x_wconf 87' lang='lat' dir='ltr'><strong>alius</strong></span> <span class='ocrx_word' id='word_1_124' title='bbox 240 2202 340 2270; x_wconf 87' lang='lat' dir='ltr'><strong>locus</strong></span> <span class='ocrx_word' id='word_1_125' title='bbox 363 2213 482 2291; x_wconf 86' lang='lat' dir='ltr'><strong>aperte</strong></span> <span class='ocrx_word' id='word_1_126' title='bbox 503 2199 638 2290; x_wconf 93' lang='lat' dir='ltr'><strong>inquit:</strong></span> <span class='ocrx_word' id='word_1_127' title='bbox 672 2196 840 2289; x_wconf 89' lang='lat' dir='ltr'><strong>Praecipe</strong></span> <span class='ocrx_word' id='word_1_128' title='bbox 862 2196 1034 2266; x_wconf 88' lang='lat' dir='ltr'><strong>divitibus</strong></span> <span class='ocrx_word' id='word_1_129' title='bbox 1052 2210 1116 2265; x_wconf 90' lang='lat' dir='ltr'><strong>etc.</strong></span> 
     </span>
     <span class='ocr_line' id='line_1_21' title="bbox 130 2294 1118 2390; baseline -0.01 -16"><span class='ocrx_word' id='word_1_130' title='bbox 130 2304 226 2374; x_wconf 86' lang='lat' dir='ltr'><strong>Hinc</strong></span> <span class='ocrx_word' id='word_1_131' title='bbox 241 2325 282 2371; x_wconf 85' lang='lat' dir='ltr'><strong>ex</strong></span> <span class='ocrx_word' id='word_1_132' title='bbox 296 2301 502 2370; x_wconf 86' lang='lat' dir='ltr'><strong>delinitione</strong></span> <span class='ocrx_word' id='word_1_133' title='bbox 519 2312 817 2385; x_wconf 88' lang='lat' dir='ltr'><strong>argumentamur.</strong></span> <span class='ocrx_word' id='word_1_134' title='bbox 853 2294 961 2367; x_wconf 86' lang='lat' dir='ltr'><strong>Dives</strong></span> <span class='ocrx_word' id='word_1_135' title='bbox 977 2309 1041 2383; x_wconf 87' lang='lat' dir='ltr'><strong>est,</strong></span> <span class='ocrx_word' id='word_1_136' title='bbox 1057 2297 1118 2390; x_wconf 89' lang='lat' dir='ltr'><strong>qui</strong></span> 
     </span>
    </p>
   </div>
   <div class='ocr_carea' id='block_1_3' title="bbox 4 2399 1118 2499">
    <p class='ocr_par' dir='ltr' id='par_1_4' title="bbox 4 2399 1118 2499">
     <span class='ocr_line' id='line_1_22' title="bbox 4 2399 1118 2499; baseline -0.01 -22"><span class='ocrx_word' id='word_1_137' title='bbox 4 2474 17 2489; x_wconf 83' lang='grc'><strong><em>,</em></strong></span> <span class='ocrx_word' id='word_1_138' title='bbox 132 2405 287 2499; x_wconf 83' lang='lat' dir='ltr'><strong>possidet</strong></span> <span class='ocrx_word' id='word_1_139' title='bbox 302 2403 485 2493; x_wconf 90' lang='lat' dir='ltr'><strong>proprium</strong></span> <span class='ocrx_word' id='word_1_140' title='bbox 508 2401 653 2469; x_wconf 89' lang='lat' dir='ltr'><strong>divitem</strong></span> <span class='ocrx_word' id='word_1_141' title='bbox 673 2422 747 2467; x_wconf 87' lang='lat' dir='ltr'><strong>esse</strong></span> <span class='ocrx_word' id='word_1_142' title='bbox 761 2399 862 2482; x_wconf 90' lang='lat' dir='ltr'><strong>licet,</strong></span> <span class='ocrx_word' id='word_1_143' title='bbox 887 2420 969 2489; x_wconf 87' lang='lat' dir='ltr'><strong>ergo</strong></span> <span class='ocrx_word' id='word_1_144' title='bbox 987 2412 1022 2469; x_wconf 92' lang='lat' dir='ltr'><strong>et</strong></span> <span class='ocrx_word' id='word_1_145' title='bbox 1035 2422 1118 2489; x_wconf 90' lang='lat' dir='ltr'><strong>pro·</strong></span> 
     </span>
    </p>
   </div>
   <div class='ocr_carea' id='block_1_4' title="bbox 132 2499 1120 2701">
    <p class='ocr_par' dir='ltr' id='par_1_5' title="bbox 132 2499 1120 2701">
     <span class='ocr_line' id='line_1_23' title="bbox 132 2499 1118 2599; baseline -0.009 -23"><span class='ocrx_word' id='word_1_146' title='bbox 132 2507 252 2599; x_wconf 91' lang='lat' dir='ltr'><strong>prium</strong></span> <span class='ocrx_word' id='word_1_147' title='bbox 262 2504 441 2595; x_wconf 86' lang='lat' dir='ltr'><strong>possidere</strong></span> <span class='ocrx_word' id='word_1_148' title='bbox 459 2502 550 2572; x_wconf 93' lang='lat' dir='ltr'><strong>licet.</strong></span> <span class='ocrx_word' id='word_1_149' title='bbox 579 2499 709 2588; x_wconf 87' lang='lat' dir='ltr'><strong>Magna</strong></span> <span class='ocrx_word' id='word_1_150' title='bbox 727 2524 806 2569; x_wconf 83' lang='lat' dir='ltr'><strong>curn</strong></span> <span class='ocrx_word' id='word_1_151' title='bbox 817 2499 955 2570; x_wconf 87' lang='lat' dir='ltr'><strong>ludaeis</strong></span> <span class='ocrx_word' id='word_1_152' title='bbox 973 2504 1017 2568; x_wconf 90' lang='lat' dir='ltr'><strong>de</strong></span> <span class='ocrx_word' id='word_1_153' title='bbox 1034 2500 1118 2569; x_wconf 90' lang='lat' dir='ltr'><strong>scri·</strong></span> 
     </span>
     <span class='ocr_line' id='line_1_24' title="bbox 133 2599 1120 2701; baseline -0.011 -23"><span class='ocrx_word' id='word_1_154' title='bbox 133 2623 194 2701; x_wconf 94' lang='lat' dir='ltr'><strong>pto</strong></span> <span class='ocrx_word' id='word_1_155' title='bbox 213 2605 394 2676; x_wconf 91' lang='lat' dir='ltr'><strong>contentio</strong></span> <span class='ocrx_word' id='word_1_156' title='bbox 418 2617 485 2673; x_wconf 92' lang='lat' dir='ltr'><strong>est:</strong></span> <span class='ocrx_word' id='word_1_157' title='bbox 521 2601 594 2693; x_wconf 89' lang='lat' dir='ltr'><strong>lpsi</strong></span> <span class='ocrx_word' id='word_1_158' title='bbox 616 2603 795 2671; x_wconf 91' lang='lat' dir='ltr'><strong>somniant</strong></span> <span class='ocrx_word' id='word_1_159' title='bbox 816 2624 964 2690; x_wconf 90' lang='lat' dir='ltr'><strong>regnum</strong></span> <span class='ocrx_word' id='word_1_160' title='bbox 988 2599 1120 2672; x_wconf 87' lang='lat' dir='ltr'><strong>Christi</strong></span> 
     </span>
    </p>
   </div>
   <div class='ocr_carea' id='block_1_5' title="bbox 35 2702 1121 2798">
    <p class='ocr_par' dir='ltr' id='par_1_6' title="bbox 35 2702 1121 2798">
     <span class='ocr_line' id='line_1_25' title="bbox 35 2702 1121 2798; baseline -0.01 -19"><span class='ocrx_word' id='word_1_161' title='bbox 35 2795 37 2798; x_wconf 11' lang='lat' dir='ltr'>y</span> <span class='ocrx_word' id='word_1_162' title='bbox 133 2708 377 2790; x_wconf 90' lang='lat' dir='ltr'><strong>mundanum,</strong></span> <span class='ocrx_word' id='word_1_163' title='bbox 412 2705 597 2784; x_wconf 89' lang='lat' dir='ltr'><strong>videlicet,</strong></span> <span class='ocrx_word' id='word_1_164' title='bbox 629 2704 726 2796; x_wconf 86' lang='lat' dir='ltr'><strong>quod</strong></span> <span class='ocrx_word' id='word_1_165' title='bbox 762 2716 965 2794; x_wconf 88' lang='lat' dir='ltr'><strong>recuperata</strong></span> <span class='ocrx_word' id='word_1_166' title='bbox 998 2702 1121 2794; x_wconf 88' lang='lat' dir='ltr'><strong>patria,</strong></span> 
     </span>
    </p>
   </div>
   <div class='ocr_carea' id='block_1_6' title="bbox 134 2804 1136 3202">
    <p class='ocr_par' dir='ltr' id='par_1_7' title="bbox 134 2804 1136 3202">
     <span class='ocr_line' id='line_1_26' title="bbox 134 2804 1122 2902; baseline -0.01 -22"><span class='ocrx_word' id='word_1_167' title='bbox 134 2807 393 2902; x_wconf 87' lang='lat' dir='ltr'><strong>Hierosolymis</strong></span> <span class='ocrx_word' id='word_1_168' title='bbox 409 2805 588 2896; x_wconf 90' lang='lat' dir='ltr'><strong>regnaturi</strong></span> <span class='ocrx_word' id='word_1_169' title='bbox 607 2805 691 2888; x_wconf 88' lang='lat' dir='ltr'><strong>sint,</strong></span> <span class='ocrx_word' id='word_1_170' title='bbox 718 2827 784 2873; x_wconf 93' lang='lat' dir='ltr'><strong>nos</strong></span> <span class='ocrx_word' id='word_1_171' title='bbox 803 2804 1026 2874; x_wconf 83' lang='lat' dir='ltr'><strong>defendimus</strong></span> <span class='ocrx_word' id='word_1_172' title='bbox 1042 2827 1122 2872; x_wconf 91' lang='lat' dir='ltr'><strong>sen·</strong></span> 
     </span>
     <span class='ocr_line' id='line_1_27' title="bbox 135 2905 1121 3001; baseline -0.011 -18"><span class='ocrx_word' id='word_1_173' title='bbox 135 2912 305 2993; x_wconf 89' lang='lat' dir='ltr'><strong>tentiam,</strong></span> <span class='ocrx_word' id='word_1_174' title='bbox 331 2922 365 2978; x_wconf 89' lang='lat' dir='ltr'><strong>et</strong></span> <span class='ocrx_word' id='word_1_175' title='bbox 381 2909 597 3001; x_wconf 91' lang='lat' dir='ltr'><strong>opponimus</strong></span> <span class='ocrx_word' id='word_1_176' title='bbox 613 2907 747 2974; x_wconf 89' lang='lat' dir='ltr'><strong>clarum</strong></span> <span class='ocrx_word' id='word_1_177' title='bbox 767 2907 1012 2976; x_wconf 91' lang='lat' dir='ltr'><strong>testimonium</strong></span> <span class='ocrx_word' id='word_1_178' title='bbox 1036 2905 1121 2974; x_wconf 89' lang='lat' dir='ltr'><strong>seri-</strong></span> 
     </span>
     <span class='ocr_line' id='line_1_28' title="bbox 136 3004 1124 3105; baseline -0.012 -20"><span class='ocrx_word' id='word_1_179' title='bbox 136 3028 278 3105; x_wconf 88' lang='lat' dir='ltr'><strong>pturae:</strong></span> <span class='ocrx_word' id='word_1_180' title='bbox 305 3008 470 3100; x_wconf 88' lang='lat' dir='ltr'><strong>Regnum</strong></span> <span class='ocrx_word' id='word_1_181' title='bbox 493 3004 629 3079; x_wconf 90' lang='lat' dir='ltr'><strong>Christi</strong></span> <span class='ocrx_word' id='word_1_182' title='bbox 649 3009 716 3076; x_wconf 85' lang='lat' dir='ltr'><strong>erit</strong></span> <span class='ocrx_word' id='word_1_183' title='bbox 737 3020 938 3089; x_wconf 92' lang='lat' dir='ltr'><strong>aeternum,</strong></span> <span class='ocrx_word' id='word_1_184' title='bbox 963 3021 999 3077; x_wconf 87' lang='lat' dir='ltr'><strong>at</strong></span> <span class='ocrx_word' id='word_1_185' title='bbox 1019 3029 1124 3075; x_wconf 92' lang='lat' dir='ltr'><strong>mun-</strong></span> 
     </span>
     <span class='ocr_line' id='line_1_29' title="bbox 137 3109 1136 3202; baseline -0.013 -16"><span class='ocrx_word' id='word_1_186' title='bbox 137 3118 230 3186; x_wconf 88' lang='lat' dir='ltr'><strong>dana</strong></span> <span class='ocrx_word' id='word_1_187' title='bbox 245 3135 351 3201; x_wconf 90' lang='lat' dir='ltr'><strong>regna</strong></span> <span class='ocrx_word' id='word_1_188' title='bbox 368 3136 443 3181; x_wconf 89' lang='lat' dir='ltr'><strong>non</strong></span> <span class='ocrx_word' id='word_1_189' title='bbox 459 3124 608 3202; x_wconf 87' lang='lat' dir='ltr'><strong>possunt</strong></span> <span class='ocrx_word' id='word_1_190' title='bbox 625 3133 698 3179; x_wconf 89' lang='lat' dir='ltr'><strong>esse</strong></span> <span class='ocrx_word' id='word_1_191' title='bbox 713 3122 874 3191; x_wconf 89' lang='lat' dir='ltr'><strong>aeterna,</strong></span> <span class='ocrx_word' id='word_1_192' title='bbox 897 3109 1006 3196; x_wconf 90' lang='lat' dir='ltr'><strong>igitur</strong></span> <span class='ocrx_word' id='word_1_193' title='bbox 1019 3131 1136 3180; x_wconf 87' lang='lat' dir='ltr'><strong>mun-·</strong></span> 
     </span>
    </p>
   </div>
   <div class='ocr_carea' id='block_1_7' title="bbox 38 3207 1123 3307">
    <p class='ocr_par' dir='ltr' id='par_1_8' title="bbox 38 3207 1123 3307">
     <span class='ocr_line' id='line_1_30' title="bbox 38 3207 1123 3307; baseline -0.01 -20"><span class='ocrx_word' id='word_1_194' title='bbox 38 3299 42 3307; x_wconf 29' lang='grc' dir='ltr'>Ι</span> <span class='ocrx_word' id='word_1_195' title='bbox 138 3220 271 3287; x_wconf 75' lang='lat' dir='ltr'><strong>danaim</strong></span> <span class='ocrx_word' id='word_1_196' title='bbox 299 3237 447 3302; x_wconf 89' lang='lat' dir='ltr'><strong>reguum</strong></span> <span class='ocrx_word' id='word_1_197' title='bbox 472 3236 547 3281; x_wconf 92' lang='lat' dir='ltr'><strong>non</strong></span> <span class='ocrx_word' id='word_1_198' title='bbox 571 3225 682 3302; x_wconf 90' lang='lat' dir='ltr'><strong>potest</strong></span> <span class='ocrx_word' id='word_1_199' title='bbox 713 3232 787 3278; x_wconf 90' lang='lat' dir='ltr'><strong>esse</strong></span> <span class='ocrx_word' id='word_1_200' title='bbox 808 3207 944 3280; x_wconf 88' lang='lat' dir='ltr'><strong>Christi</strong></span> <span class='ocrx_word' id='word_1_201' title='bbox 976 3232 1123 3299; x_wconf 90' lang='lat' dir='ltr'><strong>regnum</strong></span> 
     </span>
    </p>
   </div>
   <div class='ocr_carea' id='block_1_8' title="bbox 139 3309 1126 3605">
    <p class='ocr_par' dir='ltr' id='par_1_9' title="bbox 139 3309 1126 3605">
     <span class='ocr_line' id='line_1_31' title="bbox 139 3309 1126 3401; baseline -0.009 -14"><span class='ocrx_word' id='word_1_202' title='bbox 139 3333 202 3387; x_wconf 88' lang='lat' dir='ltr'><strong>etc.</strong></span> <span class='ocrx_word' id='word_1_203' title='bbox 255 3314 324 3384; x_wconf 91' lang='lat' dir='ltr'><strong>Sed</strong></span> <span class='ocrx_word' id='word_1_204' title='bbox 346 3324 421 3381; x_wconf 81' lang='lat' dir='ltr'><strong>no&#39;n</strong></span> <span class='ocrx_word' id='word_1_205' title='bbox 447 3326 499 3382; x_wconf 93' lang='lat' dir='ltr'><strong>est</strong></span> <span class='ocrx_word' id='word_1_206' title='bbox 524 3336 613 3400; x_wconf 89' lang='lat' dir='ltr'><strong>opus</strong></span> <span class='ocrx_word' id='word_1_207' title='bbox 636 3332 823 3379; x_wconf 85' lang='lat' dir='ltr'><strong>recensere</strong></span> <span class='ocrx_word' id='word_1_208' title='bbox 838 3311 941 3400; x_wconf 90' lang='lat' dir='ltr'><strong>plura</strong></span> <span class='ocrx_word' id='word_1_209' title='bbox 958 3309 1126 3401; x_wconf 84' lang='lat' dir='ltr'><strong>exempla,</strong></span> 
     </span>
     <span class='ocr_line' id='line_1_32' title="bbox 140 3411 923 3503; baseline -0.009 -16"><span class='ocrx_word' id='word_1_210' title='bbox 140 3440 220 3487; x_wconf 90' lang='lat' dir='ltr'><strong>cum</strong></span> <span class='ocrx_word' id='word_1_211' title='bbox 234 3437 319 3483; x_wconf 88' lang='lat' dir='ltr'><strong>usus</strong></span> <span class='ocrx_word' id='word_1_212' title='bbox 338 3437 458 3482; x_wconf 90' lang='lat' dir='ltr'><strong>rerum</strong></span> <span class='ocrx_word' id='word_1_213' title='bbox 481 3413 592 3480; x_wconf 91' lang='lat' dir='ltr'><strong>multa</strong></span> <span class='ocrx_word' id='word_1_214' title='bbox 609 3411 769 3503; x_wconf 90' lang='lat' dir='ltr'><strong>quotidie</strong></span> <span class='ocrx_word' id='word_1_215' title='bbox 784 3411 923 3480; x_wconf 85' lang='lat' dir='ltr'><strong>offerat.</strong></span> 
     </span>
     <span class='ocr_line' id='line_1_33' title="bbox 242 3512 1126 3605; baseline -0.005 -21"><span class='ocrx_word' id='word_1_216' title='bbox 242 3513 283 3584; x_wconf 90' lang='lat' dir='ltr'><strong>In</strong></span> <span class='ocrx_word' id='word_1_217' title='bbox 299 3517 377 3583; x_wconf 91' lang='lat' dir='ltr'><strong>foro</strong></span> <span class='ocrx_word' id='word_1_218' title='bbox 394 3528 427 3584; x_wconf 89' lang='lat' dir='ltr'><strong>et</strong></span> <span class='ocrx_word' id='word_1_219' title='bbox 444 3513 618 3602; x_wconf 90' lang='lat' dir='ltr'><strong>negociis,</strong></span> <span class='ocrx_word' id='word_1_220' title='bbox 644 3535 733 3605; x_wconf 90' lang='lat' dir='ltr'><strong>quae</strong></span> <span class='ocrx_word' id='word_1_221' title='bbox 751 3512 890 3582; x_wconf 90' lang='lat' dir='ltr'><strong>ratione</strong></span> <span class='ocrx_word' id='word_1_222' title='bbox 912 3512 1126 3594; x_wconf 86' lang='lat' dir='ltr'><strong>iudicantur,</strong></span> 
     </span>
    </p>
   </div>
   <div class='ocr_carea' id='block_1_9' title="bbox 367 202 1903 285">
    <p class='ocr_par' dir='ltr' id='par_1_10' title="bbox 367 202 1903 285">
     <span class='ocr_line' id='line_1_34' title="bbox 367 202 1903 285; baseline 0.001 -1"><span class='ocrx_word' id='word_1_223' title='bbox 367 206 576 284; x_wconf 85' lang='lat' dir='ltr'><strong>SCRIPTA</strong></span> <span class='ocrx_word' id='word_1_224' title='bbox 604 206 680 281; x_wconf 89' lang='lat' dir='ltr'><strong>PH.</strong></span> <span class='ocrx_word' id='word_1_225' title='bbox 706 202 823 280; x_wconf 71' lang='lat' dir='ltr'><strong>Mur..</strong></span> <span class='ocrx_word' id='word_1_226' title='bbox 849 202 916 277; x_wconf 81' lang='grc' dir='ltr'><strong>ΑΙ)</strong></span> <span class='ocrx_word' id='word_1_227' title='bbox 942 204 1070 280; x_wconf 81' lang='lat' dir='ltr'><strong>tttsT.</strong></span> <span class='ocrx_word' id='word_1_228' title='bbox 1098 202 1242 284; x_wconf 83' lang='lat' dir='ltr'><strong>PROF.</strong></span> <span class='ocrx_word' id='word_1_229' title='bbox 1269 203 1334 279; x_wconf 84' lang='grc' dir='ltr'><strong>ΕΤ</strong></span> <span class='ocrx_word' id='word_1_230' title='bbox 1363 205 1557 284; x_wconf 79' lang='lat' dir='ltr'><strong>PHILOS.</strong></span> <span class='ocrx_word' id='word_1_231' title='bbox 1583 205 1903 285; x_wconf 77' lang='lat' dir='ltr'><strong>SPECTANTIA.</strong></span> 
     </span>
    </p>
   </div>
   <div class='ocr_carea' id='block_1_10' title="bbox 2077 212 2155 286">
    <p class='ocr_par' dir='ltr' id='par_1_11' title="bbox 2077 212 2155 286">
     <span class='ocr_line' id='line_1_35' title="bbox 2077 212 2155 286; baseline -0.013 0"><span class='ocrx_word' id='word_1_232' title='bbox 2077 212 2155 286; x_wconf 79' lang='lat'><strong>444</strong></span> 
     </span>
    </p>
   </div>
   <div class='ocr_carea' id='block_1_11' title="bbox 1160 375 2157 1767">
    <p class='ocr_par' dir='ltr' id='par_1_12' title="bbox 1160 375 2157 1767">
     <span class='ocr_line' id='line_1_36' title="bbox 1160 375 2154 476; baseline 0.003 -28"><span class='ocrx_word' id='word_1_233' title='bbox 1160 380 1408 469; x_wconf 87' lang='lat' dir='ltr'><strong>suspendatur.</strong></span> <span class='ocrx_word' id='word_1_234' title='bbox 1463 375 1517 448; x_wconf 93' lang='lat' dir='ltr'><strong>lbi</strong></span> <span class='ocrx_word' id='word_1_235' title='bbox 1539 379 1745 471; x_wconf 89' lang='lat' dir='ltr'><strong>intelligunt</strong></span> <span class='ocrx_word' id='word_1_236' title='bbox 1768 383 1934 476; x_wconf 90' lang='lat' dir='ltr'><strong>quidam,</strong></span> <span class='ocrx_word' id='word_1_237' title='bbox 1960 394 2000 451; x_wconf 92' lang='lat' dir='ltr'><strong>ut</strong></span> <span class='ocrx_word' id='word_1_238' title='bbox 2021 382 2067 451; x_wconf 89' lang='lat' dir='ltr'><strong>ab</strong></span> <span class='ocrx_word' id='word_1_239' title='bbox 2096 405 2154 451; x_wconf 87' lang='lat' dir='ltr'><strong>ar-</strong></span> 
     </span>
     <span class='ocr_line' id='line_1_37' title="bbox 1160 477 2153 574; baseline 0.004 -26"><span class='ocrx_word' id='word_1_240' title='bbox 1160 480 1247 550; x_wconf 88' lang='lat' dir='ltr'><strong>bore</strong></span> <span class='ocrx_word' id='word_1_241' title='bbox 1281 480 1527 570; x_wconf 90' lang='lat' dir='ltr'><strong>suspendatur.</strong></span> <span class='ocrx_word' id='word_1_242' title='bbox 1595 477 1670 551; x_wconf 82' lang='lat' dir='ltr'><strong>Alii</strong></span> <span class='ocrx_word' id='word_1_243' title='bbox 1703 484 1825 556; x_wconf 90' lang='lat' dir='ltr'><strong>mitius</strong></span> <span class='ocrx_word' id='word_1_244' title='bbox 1858 486 2153 574; x_wconf 89' lang='lat' dir='ltr'><strong>interpretantur,</strong></span> 
     </span>
     <span class='ocr_line' id='line_1_38' title="bbox 1161 581 2152 675; baseline 0.01 -28"><span class='ocrx_word' id='word_1_245' title='bbox 1161 581 1329 671; x_wconf 88' lang='lat' dir='ltr'><strong>suspendi</strong></span> <span class='ocrx_word' id='word_1_246' title='bbox 1347 595 1485 651; x_wconf 89' lang='lat' dir='ltr'><strong>tantum</strong></span> <span class='ocrx_word' id='word_1_247' title='bbox 1501 605 1575 652; x_wconf 89' lang='lat' dir='ltr'><strong>esse</strong></span> <span class='ocrx_word' id='word_1_248' title='bbox 1590 583 1711 653; x_wconf 87' lang='lat' dir='ltr'><strong>feriari</strong></span> <span class='ocrx_word' id='word_1_249' title='bbox 1731 587 1776 655; x_wconf 90' lang='lat' dir='ltr'><strong>ab</strong></span> <span class='ocrx_word' id='word_1_250' title='bbox 1793 585 1910 656; x_wconf 89' lang='lat' dir='ltr'><strong>officio</strong></span> <span class='ocrx_word' id='word_1_251' title='bbox 1934 588 1978 653; x_wconf 88' lang='lat' dir='ltr'><strong>ad</strong></span> <span class='ocrx_word' id='word_1_252' title='bbox 2003 599 2152 675; x_wconf 87' lang='lat' dir='ltr'><strong>tempus.</strong></span> 
     </span>
     <span class='ocr_line' id='line_1_39' title="bbox 1161 680 2153 777; baseline 0.004 -28"><span class='ocrx_word' id='word_1_253' title='bbox 1161 680 1230 757; x_wconf 86' lang='lat' dir='ltr'><strong>Hic</strong></span> <span class='ocrx_word' id='word_1_254' title='bbox 1254 695 1366 752; x_wconf 90' lang='lat' dir='ltr'><strong>status</strong></span> <span class='ocrx_word' id='word_1_255' title='bbox 1387 697 1558 772; x_wconf 86' lang='lat' dir='ltr'><strong>cognatus</strong></span> <span class='ocrx_word' id='word_1_256' title='bbox 1589 699 1639 754; x_wconf 91' lang='lat' dir='ltr'><strong>est</strong></span> <span class='ocrx_word' id='word_1_257' title='bbox 1669 687 1863 777; x_wconf 88' lang='lat' dir='ltr'><strong>superiori,</strong></span> <span class='ocrx_word' id='word_1_258' title='bbox 1897 682 2003 755; x_wconf 89' lang='lat' dir='ltr'><strong>habet</strong></span> <span class='ocrx_word' id='word_1_259' title='bbox 2034 701 2153 756; x_wconf 87' lang='lat' dir='ltr'><strong>autem</strong></span> 
     </span>
     <span class='ocr_line' id='line_1_40' title="bbox 1162 778 2155 878; baseline 0.002 -27"><span class='ocrx_word' id='word_1_260' title='bbox 1162 778 1254 852; x_wconf 86' lang='lat' dir='ltr'><strong>hane</strong></span> <span class='ocrx_word' id='word_1_261' title='bbox 1270 783 1495 875; x_wconf 87' lang='lat' dir='ltr'><strong>praecipuam</strong></span> <span class='ocrx_word' id='word_1_262' title='bbox 1512 785 1682 876; x_wconf 90' lang='lat' dir='ltr'><strong>regulam.</strong></span> <span class='ocrx_word' id='word_1_263' title='bbox 1710 786 1886 878; x_wconf 86' lang='lat' dir='ltr'><strong>Ambigua</strong></span> <span class='ocrx_word' id='word_1_264' title='bbox 1904 788 1972 856; x_wconf 86' lang='lat' dir='ltr'><strong>alia</strong></span> <span class='ocrx_word' id='word_1_265' title='bbox 1989 786 2155 855; x_wconf 88' lang='lat' dir='ltr'><strong>iudican-</strong></span> 
     </span>
     <span class='ocr_line' id='line_1_41' title="bbox 1162 881 2153 984; baseline 0.004 -31"><span class='ocrx_word' id='word_1_266' title='bbox 1162 896 1223 953; x_wconf 91' lang='lat' dir='ltr'><strong>tur</strong></span> <span class='ocrx_word' id='word_1_267' title='bbox 1244 908 1286 952; x_wconf 85' lang='lat' dir='ltr'><strong>ex</strong></span> <span class='ocrx_word' id='word_1_268' title='bbox 1302 881 1543 957; x_wconf 88' lang='lat' dir='ltr'><strong>Grammatica</strong></span> <span class='ocrx_word' id='word_1_269' title='bbox 1566 910 1627 957; x_wconf 88' lang='lat' dir='ltr'><strong>seu</strong></span> <span class='ocrx_word' id='word_1_270' title='bbox 1645 884 1762 984; x_wconf 82' lang='lat' dir='ltr'><strong>‹ppoicn</strong></span> <span class='ocrx_word' id='word_1_271' title='bbox 1778 904 1811 959; x_wconf 93' lang='lat' dir='ltr'><strong>et</strong></span> <span class='ocrx_word' id='word_1_272' title='bbox 1826 890 1963 978; x_wconf 84' lang='lat' dir='ltr'><strong>figuris,</strong></span> <span class='ocrx_word' id='word_1_273' title='bbox 1989 901 2042 956; x_wconf 92' lang='lat' dir='ltr'><strong>nt:</strong></span> <span class='ocrx_word' id='word_1_274' title='bbox 2071 886 2153 957; x_wconf 87' lang='lat' dir='ltr'><strong>Nou</strong></span> 
     </span>
     <span class='ocr_line' id='line_1_42' title="bbox 1163 988 2154 1082; baseline 0.004 -29"><span class='ocrx_word' id='word_1_275' title='bbox 1163 988 1397 1075; x_wconf 86' lang='lat' dir='ltr'><strong>cognoscebat</strong></span> <span class='ocrx_word' id='word_1_276' title='bbox 1420 1010 1515 1072; x_wconf 89' lang='lat' dir='ltr'><strong>eam,</strong></span> <span class='ocrx_word' id='word_1_277' title='bbox 1541 990 1654 1057; x_wconf 91' lang='lat' dir='ltr'><strong>donec</strong></span> <span class='ocrx_word' id='word_1_278' title='bbox 1679 991 1816 1082; x_wconf 89' lang='lat' dir='ltr'><strong>peperit</strong></span> <span class='ocrx_word' id='word_1_279' title='bbox 1840 991 1953 1059; x_wconf 87' lang='lat' dir='ltr'><strong>filium</strong></span> <span class='ocrx_word' id='word_1_280' title='bbox 1975 990 2154 1080; x_wconf 90' lang='lat' dir='ltr'><strong>primoge-</strong></span> 
     </span>
     <span class='ocr_line' id='line_1_43' title="bbox 1164 1085 2154 1181; baseline 0.003 -26"><span class='ocrx_word' id='word_1_281' title='bbox 1164 1087 1292 1160; x_wconf 88' lang='lat' dir='ltr'><strong>nitum.</strong></span> <span class='ocrx_word' id='word_1_282' title='bbox 1334 1085 1426 1155; x_wconf 92' lang='lat' dir='ltr'><strong>Nam</strong></span> <span class='ocrx_word' id='word_1_283' title='bbox 1442 1089 1613 1181; x_wconf 88' lang='lat' dir='ltr'><strong>particula</strong></span> <span class='ocrx_word' id='word_1_284' title='bbox 1636 1091 1748 1159; x_wconf 91' lang='lat' dir='ltr'><strong>donec</strong></span> <span class='ocrx_word' id='word_1_285' title='bbox 1775 1093 1912 1160; x_wconf 89' lang='lat' dir='ltr'><strong>varium</strong></span> <span class='ocrx_word' id='word_1_286' title='bbox 1930 1087 2035 1161; x_wconf 88' lang='lat' dir='ltr'><strong>habet</strong></span> <span class='ocrx_word' id='word_1_287' title='bbox 2049 1113 2154 1160; x_wconf 88' lang='lat' dir='ltr'><strong>nsum</strong></span> 
     </span>
     <span class='ocr_line' id='line_1_44' title="bbox 1163 1186 2156 1283; baseline 0.004 -28"><span class='ocrx_word' id='word_1_288' title='bbox 1163 1188 1203 1255; x_wconf 92' lang='lat' dir='ltr'><strong>in</strong></span> <span class='ocrx_word' id='word_1_289' title='bbox 1218 1209 1391 1260; x_wconf 86' lang='lat' dir='ltr'><strong>sermone.</strong></span> <span class='ocrx_word' id='word_1_290' title='bbox 1446 1186 1526 1259; x_wconf 88' lang='lat' dir='ltr'><strong>Alia</strong></span> <span class='ocrx_word' id='word_1_291' title='bbox 1542 1190 1748 1260; x_wconf 88' lang='lat' dir='ltr'><strong>indicantur</strong></span> <span class='ocrx_word' id='word_1_292' title='bbox 1764 1216 1804 1260; x_wconf 82' lang='lat' dir='ltr'><strong>er</strong></span> <span class='ocrx_word' id='word_1_293' title='bbox 1826 1194 1980 1272; x_wconf 86' lang='lat' dir='ltr'><strong>artibus,</strong></span> <span class='ocrx_word' id='word_1_294' title='bbox 2008 1216 2048 1261; x_wconf 91' lang='lat' dir='ltr'><strong>ex</strong></span> <span class='ocrx_word' id='word_1_295' title='bbox 2074 1192 2156 1283; x_wconf 91' lang='lat' dir='ltr'><strong>qui-</strong></span> 
     </span>
     <span class='ocr_line' id='line_1_45' title="bbox 1165 1289 2151 1384; baseline 0.003 -26"><span class='ocrx_word' id='word_1_296' title='bbox 1165 1289 1232 1358; x_wconf 89' lang='lat' dir='ltr'><strong>bus</strong></span> <span class='ocrx_word' id='word_1_297' title='bbox 1248 1303 1458 1370; x_wconf 88' lang='lat' dir='ltr'><strong>sumuntur,</strong></span> <span class='ocrx_word' id='word_1_298' title='bbox 1485 1304 1542 1361; x_wconf 88' lang='lat' dir='ltr'><strong>ut:</strong></span> <span class='ocrx_word' id='word_1_299' title='bbox 1571 1291 1652 1361; x_wconf 87' lang='lat' dir='ltr'><strong>Non</strong></span> <span class='ocrx_word' id='word_1_300' title='bbox 1668 1294 1794 1362; x_wconf 87' lang='lat' dir='ltr'><strong>reddas</strong></span> <span class='ocrx_word' id='word_1_301' title='bbox 1811 1295 1942 1362; x_wconf 90' lang='lat' dir='ltr'><strong>malum</strong></span> <span class='ocrx_word' id='word_1_302' title='bbox 1961 1316 2024 1384; x_wconf 93' lang='lat' dir='ltr'><strong>pro</strong></span> <span class='ocrx_word' id='word_1_303' title='bbox 2042 1293 2151 1375; x_wconf 90' lang='lat' dir='ltr'><strong>malo,</strong></span> 
     </span>
     <span class='ocr_line' id='line_1_46' title="bbox 1166 1391 2155 1485; baseline 0.004 -28"><span class='ocrx_word' id='word_1_304' title='bbox 1166 1391 1341 1480; x_wconf 90' lang='lat' dir='ltr'><strong>generalis</strong></span> <span class='ocrx_word' id='word_1_305' title='bbox 1355 1393 1529 1462; x_wconf 88' lang='lat' dir='ltr'><strong>sententia</strong></span> <span class='ocrx_word' id='word_1_306' title='bbox 1548 1407 1617 1477; x_wconf 87' lang='lat' dir='ltr'><strong>est,</strong></span> <span class='ocrx_word' id='word_1_307' title='bbox 1642 1417 1733 1485; x_wconf 91' lang='lat' dir='ltr'><strong>quae</strong></span> <span class='ocrx_word' id='word_1_308' title='bbox 1756 1418 1797 1462; x_wconf 85' lang='lat' dir='ltr'><strong>ex</strong></span> <span class='ocrx_word' id='word_1_309' title='bbox 1820 1396 1993 1485; x_wconf 88' lang='lat' dir='ltr'><strong>scriptura</strong></span> <span class='ocrx_word' id='word_1_310' title='bbox 2019 1394 2155 1463; x_wconf 91' lang='lat' dir='ltr'><strong>iudica-</strong></span> 
     </span>
     <span class='ocr_line' id='line_1_47' title="bbox 1167 1495 2155 1585; baseline 0.001 -25"><span class='ocrx_word' id='word_1_311' title='bbox 1167 1504 1243 1574; x_wconf 90' lang='lat' dir='ltr'><strong>tur,</strong></span> <span class='ocrx_word' id='word_1_312' title='bbox 1270 1515 1311 1559; x_wconf 83' lang='lat' dir='ltr'><strong>er</strong></span> <span class='ocrx_word' id='word_1_313' title='bbox 1336 1514 1405 1583; x_wconf 88' lang='lat' dir='ltr'><strong>qua</strong></span> <span class='ocrx_word' id='word_1_314' title='bbox 1431 1506 1568 1563; x_wconf 85' lang='lat' dir='ltr'><strong>constat</strong></span> <span class='ocrx_word' id='word_1_315' title='bbox 1594 1507 1731 1565; x_wconf 92' lang='lat' dir='ltr'><strong>tantum</strong></span> <span class='ocrx_word' id='word_1_316' title='bbox 1759 1497 1934 1585; x_wconf 87' lang='lat' dir='ltr'><strong>privatam</strong></span> <span class='ocrx_word' id='word_1_317' title='bbox 1960 1495 2155 1564; x_wconf 86' lang='lat' dir='ltr'><strong>vindictam</strong></span> 
     </span>
     <span class='ocr_line' id='line_1_48' title="bbox 1168 1589 2157 1686; baseline 0.001 -26"><span class='ocrx_word' id='word_1_318' title='bbox 1168 1589 1369 1682; x_wconf 88' lang='lat' dir='ltr'><strong>prohiberi,</strong></span> <span class='ocrx_word' id='word_1_319' title='bbox 1402 1595 1687 1684; x_wconf 68' lang='lat' dir='ltr'><strong>publicanum</strong></span> <span class='ocrx_word' id='word_1_320' title='bbox 1716 1592 1911 1686; x_wconf 86' lang='lat' dir='ltr'><strong>prohiberi.</strong></span> <span class='ocrx_word' id='word_1_321' title='bbox 1971 1593 2157 1667; x_wconf 85' lang='lat' dir='ltr'><strong>Caeterum</strong></span> 
     </span>
     <span class='ocr_line' id='line_1_49' title="bbox 1168 1688 2156 1767; baseline 0.001 -4"><span class='ocrx_word' id='word_1_322' title='bbox 1168 1707 1198 1763; x_wconf 89' lang='lat' dir='ltr'><strong>et</strong></span> <span class='ocrx_word' id='word_1_323' title='bbox 1222 1694 1267 1762; x_wconf 88' lang='lat' dir='ltr'><strong>ad</strong></span> <span class='ocrx_word' id='word_1_324' title='bbox 1292 1688 1539 1765; x_wconf 85' lang='lat' dir='ltr'><strong>honestatum</strong></span> <span class='ocrx_word' id='word_1_325' title='bbox 1563 1690 1755 1765; x_wconf 89' lang='lat' dir='ltr'><strong>adhibendi</strong></span> <span class='ocrx_word' id='word_1_326' title='bbox 1779 1711 1863 1767; x_wconf 90' lang='lat' dir='ltr'><strong>sunt</strong></span> <span class='ocrx_word' id='word_1_327' title='bbox 1886 1697 1954 1765; x_wconf 91' lang='lat' dir='ltr'><strong>loci</strong></span> <span class='ocrx_word' id='word_1_328' title='bbox 1969 1696 2156 1765; x_wconf 86' lang='lat' dir='ltr'><strong>dialectici.</strong></span> 
     </span>
    </p>
   </div>
   <div class='ocr_carea' id='block_1_12' title="bbox 1168 1793 2156 1986">
    <p class='ocr_par' dir='ltr' id='par_1_13' title="bbox 1168 1793 2156 1986">
     <span class='ocr_line' id='line_1_50' title="bbox 1168 1793 2156 1886; baseline 0 -23"><span class='ocrx_word' id='word_1_329' title='bbox 1168 1794 1257 1864; x_wconf 91' lang='lat' dir='ltr'><strong>Nam</strong></span> <span class='ocrx_word' id='word_1_330' title='bbox 1283 1793 1449 1886; x_wconf 86' lang='lat' dir='ltr'><strong>ambigua</strong></span> <span class='ocrx_word' id='word_1_331' title='bbox 1472 1797 1740 1867; x_wconf 84' lang='lat' dir='ltr'><strong>definitionibus</strong></span> <span class='ocrx_word' id='word_1_332' title='bbox 1766 1812 1800 1869; x_wconf 92' lang='lat' dir='ltr'><strong>et</strong></span> <span class='ocrx_word' id='word_1_333' title='bbox 1830 1797 2066 1867; x_wconf 85' lang='lat' dir='ltr'><strong>divisionibus</strong></span> <span class='ocrx_word' id='word_1_334' title='bbox 2097 1820 2156 1863; x_wconf 86' lang='lat' dir='ltr'><strong>ex-</strong></span> 
     </span>
     <span class='ocr_line' id='line_1_51' title="bbox 1169 1896 1358 1986; baseline 0.005 -23"><span class='ocrx_word' id='word_1_335' title='bbox 1169 1896 1358 1986; x_wconf 86' lang='lat' dir='ltr'><strong>plicantur.</strong></span> 
     </span>
    </p>
   </div>
   <div class='ocr_carea' id='block_1_13' title="bbox 1527 2071 1799 2141">
    <p class='ocr_par' dir='ltr' id='par_1_14' title="bbox 1527 2071 1799 2141">
     <span class='ocr_line' id='line_1_52' title="bbox 1527 2071 1799 2141; baseline 0.007 -3"><span class='ocrx_word' id='word_1_336' title='bbox 1527 2071 1799 2141; x_wconf 77' lang='lat' dir='ltr'><strong>Ratiocinatio.</strong></span> 
     </span>
    </p>
   </div>
   <div class='ocr_carea' id='block_1_14' title="bbox 1171 2191 2166 3607">
    <p class='ocr_par' dir='ltr' id='par_1_15' title="bbox 1171 2191 2166 3607">
     <span class='ocr_line' id='line_1_53' title="bbox 1273 2191 2157 2291; baseline 0.005 -27"><span class='ocrx_word' id='word_1_337' title='bbox 1273 2197 1330 2265; x_wconf 82' lang='lat' dir='ltr'><strong>Ad</strong></span> <span class='ocrx_word' id='word_1_338' title='bbox 1357 2191 1453 2266; x_wconf 89' lang='lat' dir='ltr'><strong>huuc</strong></span> <span class='ocrx_word' id='word_1_339' title='bbox 1477 2209 1606 2268; x_wconf 91' lang='lat' dir='ltr'><strong>statum</strong></span> <span class='ocrx_word' id='word_1_340' title='bbox 1630 2201 1807 2288; x_wconf 89' lang='lat' dir='ltr'><strong>pertinent</strong></span> <span class='ocrx_word' id='word_1_341' title='bbox 1833 2223 1953 2283; x_wconf 90' lang='lat' dir='ltr'><strong>casus,</strong></span> <span class='ocrx_word' id='word_1_342' title='bbox 1992 2201 2157 2291; x_wconf 90' lang='lat' dir='ltr'><strong>quicum</strong></span> 
     </span>
     <span class='ocr_line' id='line_1_54' title="bbox 1171 2292 2159 2388; baseline 0.003 -22"><span class='ocrx_word' id='word_1_343' title='bbox 1171 2321 1244 2366; x_wconf 92' lang='lat' dir='ltr'><strong>non</strong></span> <span class='ocrx_word' id='word_1_344' title='bbox 1263 2292 1416 2368; x_wconf 91' lang='lat' dir='ltr'><strong>habeant</strong></span> <span class='ocrx_word' id='word_1_345' title='bbox 1433 2313 1564 2367; x_wconf 88' lang='lat' dir='ltr'><strong>certam</strong></span> <span class='ocrx_word' id='word_1_346' title='bbox 1580 2301 1711 2388; x_wconf 91' lang='lat' dir='ltr'><strong>legem,</strong></span> <span class='ocrx_word' id='word_1_347' title='bbox 1730 2302 1933 2370; x_wconf 88' lang='lat' dir='ltr'><strong>referuntur</strong></span> <span class='ocrx_word' id='word_1_348' title='bbox 1948 2304 1993 2369; x_wconf 89' lang='lat' dir='ltr'><strong>ad</strong></span> <span class='ocrx_word' id='word_1_349' title='bbox 2016 2302 2159 2384; x_wconf 79' lang='lat' dir='ltr'><strong>similia,</strong></span> 
     </span>
     <span class='ocr_line' id='line_1_55' title="bbox 1173 2401 2159 2493; baseline -0.001 -24"><span class='ocrx_word' id='word_1_350' title='bbox 1173 2414 1233 2469; x_wconf 87' lang='lat' dir='ltr'><strong>aut</strong></span> <span class='ocrx_word' id='word_1_351' title='bbox 1259 2401 1303 2468; x_wconf 90' lang='lat' dir='ltr'><strong>ad</strong></span> <span class='ocrx_word' id='word_1_352' title='bbox 1328 2412 1494 2487; x_wconf 88' lang='lat' dir='ltr'><strong>cognata,</strong></span> <span class='ocrx_word' id='word_1_353' title='bbox 1524 2425 1604 2468; x_wconf 90' lang='lat' dir='ltr'><strong>cum</strong></span> <span class='ocrx_word' id='word_1_354' title='bbox 1634 2403 1764 2493; x_wconf 93' lang='lat' dir='ltr'><strong>quibus</strong></span> <span class='ocrx_word' id='word_1_355' title='bbox 1795 2403 1963 2472; x_wconf 89' lang='lat' dir='ltr'><strong>videntur</strong></span> <span class='ocrx_word' id='word_1_356' title='bbox 1996 2404 2159 2471; x_wconf 89' lang='lat' dir='ltr'><strong>connecti</strong></span> 
     </span>
     <span class='ocr_line' id='line_1_56' title="bbox 1174 2498 2160 2593; baseline 0.001 -24"><span class='ocrx_word' id='word_1_357' title='bbox 1174 2522 1285 2593; x_wconf 90' lang='lat' dir='ltr'><strong>posse.</strong></span> <span class='ocrx_word' id='word_1_358' title='bbox 1339 2498 1587 2568; x_wconf 84' lang='lat' dir='ltr'><strong>Iurisconsulti</strong></span> <span class='ocrx_word' id='word_1_359' title='bbox 1602 2504 1711 2570; x_wconf 92' lang='lat' dir='ltr'><strong>multa</strong></span> <span class='ocrx_word' id='word_1_360' title='bbox 1729 2504 1886 2573; x_wconf 88' lang='lat' dir='ltr'><strong>iudicant</strong></span> <span class='ocrx_word' id='word_1_361' title='bbox 1907 2529 1948 2571; x_wconf 81' lang='lat' dir='ltr'><strong>ex</strong></span> <span class='ocrx_word' id='word_1_362' title='bbox 1971 2504 2160 2584; x_wconf 90' lang='lat' dir='ltr'><strong>similibus,</strong></span> 
     </span>
     <span class='ocr_line' id='line_1_57' title="bbox 1174 2596 2161 2695; baseline 0.002 -25"><span class='ocrx_word' id='word_1_363' title='bbox 1174 2625 1283 2695; x_wconf 88' lang='lat' dir='ltr'><strong>quere</strong></span> <span class='ocrx_word' id='word_1_364' title='bbox 1301 2596 1407 2669; x_wconf 89' lang='lat' dir='ltr'><strong>huius</strong></span> <span class='ocrx_word' id='word_1_365' title='bbox 1422 2615 1533 2670; x_wconf 86' lang='lat' dir='ltr'><strong>status</strong></span> <span class='ocrx_word' id='word_1_366' title='bbox 1550 2602 1652 2670; x_wconf 90' lang='lat' dir='ltr'><strong>facile</strong></span> <span class='ocrx_word' id='word_1_367' title='bbox 1674 2605 1784 2673; x_wconf 88' lang='lat' dir='ltr'><strong>multa</strong></span> <span class='ocrx_word' id='word_1_368' title='bbox 1807 2605 1963 2695; x_wconf 84' lang='lat' dir='ltr'><strong>exempla</strong></span> <span class='ocrx_word' id='word_1_369' title='bbox 1985 2605 2161 2687; x_wconf 87' lang='lat' dir='ltr'><strong>invenias,</strong></span> 
     </span>
     <span class='ocr_line' id='line_1_58' title="bbox 1176 2697 2159 2794; baseline -0.001 -20"><span class='ocrx_word' id='word_1_370' title='bbox 1176 2717 1230 2774; x_wconf 92' lang='lat' dir='ltr'><strong>ut:</strong></span> <span class='ocrx_word' id='word_1_371' title='bbox 1257 2701 1347 2771; x_wconf 60' lang='lat' dir='ltr'><strong>,Non</strong></span> <span class='ocrx_word' id='word_1_372' title='bbox 1374 2701 1456 2771; x_wconf 90' lang='lat' dir='ltr'><strong>lieet</strong></span> <span class='ocrx_word' id='word_1_373' title='bbox 1485 2697 1697 2776; x_wconf 90' lang='lat' dir='ltr'><strong>haeredibus</strong></span> <span class='ocrx_word' id='word_1_374' title='bbox 1721 2707 1927 2794; x_wconf 89' lang='lat' dir='ltr'><strong>pecuniam,</strong></span> <span class='ocrx_word' id='word_1_375' title='bbox 1959 2705 2095 2775; x_wconf 87' lang='lat' dir='ltr'><strong>civitati</strong></span> <span class='ocrx_word' id='word_1_376' title='bbox 2115 2706 2159 2773; x_wconf 92' lang='lat' dir='ltr'><strong>ad</strong></span> 
     </span>
     <span class='ocr_line' id='line_1_59' title="bbox 1175 2803 2160 2896; baseline -0.001 -22"><span class='ocrx_word' id='word_1_377' title='bbox 1175 2803 1371 2896; x_wconf 85' lang='lat' dir='ltr'><strong>spectacula</strong></span> <span class='ocrx_word' id='word_1_378' title='bbox 1390 2804 1558 2892; x_wconf 90' lang='lat' dir='ltr'><strong>legatam,</strong></span> <span class='ocrx_word' id='word_1_379' title='bbox 1585 2818 1759 2896; x_wconf 89' lang='lat' dir='ltr'><strong>repetere,</strong></span> <span class='ocrx_word' id='word_1_380' title='bbox 1788 2807 1898 2893; x_wconf 89' lang='lat' dir='ltr'><strong>igitur</strong></span> <span class='ocrx_word' id='word_1_381' title='bbox 1921 2830 1986 2876; x_wconf 91' lang='lat' dir='ltr'><strong>nec</strong></span> <span class='ocrx_word' id='word_1_382' title='bbox 2007 2807 2160 2895; x_wconf 90' lang='lat' dir='ltr'><strong>legatum</strong></span> 
     </span>
     <span class='ocr_line' id='line_1_60' title="bbox 1177 2903 2161 2998; baseline -0.001 -23"><span class='ocrx_word' id='word_1_383' title='bbox 1177 2909 1220 2975; x_wconf 92' lang='lat' dir='ltr'><strong>ad</strong></span> <span class='ocrx_word' id='word_1_384' title='bbox 1245 2905 1322 2996; x_wconf 91' lang='lat' dir='ltr'><strong>pios</strong></span> <span class='ocrx_word' id='word_1_385' title='bbox 1344 2926 1428 2974; x_wconf 88' lang='lat' dir='ltr'><strong>usus</strong></span> <span class='ocrx_word' id='word_1_386' title='bbox 1446 2918 1603 2994; x_wconf 89' lang='lat' dir='ltr'><strong>repetere</strong></span> <span class='ocrx_word' id='word_1_387' title='bbox 1626 2905 1721 2976; x_wconf 87' lang='lat' dir='ltr'><strong>licet.</strong></span> <span class='ocrx_word' id='word_1_388' title='bbox 1774 2904 2018 2998; x_wconf 87' lang='lat' dir='ltr'><strong>Reperiuntur</strong></span> <span class='ocrx_word' id='word_1_389' title='bbox 2032 2903 2161 2977; x_wconf 88' lang='lat' dir='ltr'><strong>huius-</strong></span> 
     </span>
     <span class='ocr_line' id='line_1_61' title="bbox 1177 3006 2163 3102; baseline 0 -27"><span class='ocrx_word' id='word_1_390' title='bbox 1177 3008 1277 3076; x_wconf 92' lang='lat' dir='ltr'><strong>modi</strong></span> <span class='ocrx_word' id='word_1_391' title='bbox 1292 3006 1552 3076; x_wconf 87' lang='lat' dir='ltr'><strong>controversiae</strong></span> <span class='ocrx_word' id='word_1_392' title='bbox 1567 3021 1601 3075; x_wconf 90' lang='lat' dir='ltr'><strong>et</strong></span> <span class='ocrx_word' id='word_1_393' title='bbox 1614 3008 1711 3091; x_wconf 88' lang='lat' dir='ltr'><strong>alias,</strong></span> <span class='ocrx_word' id='word_1_394' title='bbox 1739 3022 1778 3077; x_wconf 94' lang='lat' dir='ltr'><strong>ut</strong></span> <span class='ocrx_word' id='word_1_395' title='bbox 1793 3010 1823 3076; x_wconf 91' lang='lat' dir='ltr'><strong>si</strong></span> <span class='ocrx_word' id='word_1_396' title='bbox 1838 3015 1918 3102; x_wconf 91' lang='lat' dir='ltr'><strong>quis</strong></span> <span class='ocrx_word' id='word_1_397' title='bbox 1934 3011 2100 3099; x_wconf 89' lang='lat' dir='ltr'><strong>disputet,</strong></span> <span class='ocrx_word' id='word_1_398' title='bbox 2115 3033 2163 3075; x_wconf 87' lang='lat' dir='ltr'><strong>an</strong></span> 
     </span>
     <span class='ocr_line' id='line_1_62' title="bbox 1178 3102 2164 3200; baseline -0.001 -23"><span class='ocrx_word' id='word_1_399' title='bbox 1178 3110 1282 3177; x_wconf 90' lang='lat' dir='ltr'><strong>liceat</strong></span> <span class='ocrx_word' id='word_1_400' title='bbox 1299 3102 1502 3176; x_wconf 87' lang='lat' dir='ltr'><strong>Christiano</strong></span> <span class='ocrx_word' id='word_1_401' title='bbox 1519 3107 1557 3175; x_wconf 92' lang='lat' dir='ltr'><strong>in</strong></span> <span class='ocrx_word' id='word_1_402' title='bbox 1574 3110 1653 3176; x_wconf 88' lang='lat' dir='ltr'><strong>foro</strong></span> <span class='ocrx_word' id='word_1_403' title='bbox 1678 3132 1799 3178; x_wconf 87' lang='lat' dir='ltr'><strong>causas</strong></span> <span class='ocrx_word' id='word_1_404' title='bbox 1822 3134 1940 3200; x_wconf 87' lang='lat' dir='ltr'><strong>agere,</strong></span> <span class='ocrx_word' id='word_1_405' title='bbox 1962 3110 2082 3178; x_wconf 90' lang='lat' dir='ltr'><strong>nullus</strong></span> <span class='ocrx_word' id='word_1_406' title='bbox 2108 3110 2164 3177; x_wconf 94' lang='lat' dir='ltr'><strong>lo-</strong></span> 
     </span>
     <span class='ocr_line' id='line_1_63' title="bbox 1179 3205 2163 3302; baseline -0.003 -22"><span class='ocrx_word' id='word_1_407' title='bbox 1179 3232 1239 3280; x_wconf 88' lang='lat' dir='ltr'><strong>cus</strong></span> <span class='ocrx_word' id='word_1_408' title='bbox 1261 3221 1331 3298; x_wconf 89' lang='lat' dir='ltr'><strong>est,</strong></span> <span class='ocrx_word' id='word_1_409' title='bbox 1358 3210 1420 3302; x_wconf 92' lang='lat' dir='ltr'><strong>qui</strong></span> <span class='ocrx_word' id='word_1_410' title='bbox 1445 3233 1604 3298; x_wconf 90' lang='lat' dir='ltr'><strong>expresse</strong></span> <span class='ocrx_word' id='word_1_411' title='bbox 1628 3205 1695 3279; x_wconf 89' lang='lat' dir='ltr'><strong>hoc</strong></span> <span class='ocrx_word' id='word_1_412' title='bbox 1716 3214 1902 3289; x_wconf 89' lang='lat' dir='ltr'><strong>concedat,</strong></span> <span class='ocrx_word' id='word_1_413' title='bbox 1933 3215 1993 3278; x_wconf 92' lang='lat' dir='ltr'><strong>sed</strong></span> <span class='ocrx_word' id='word_1_414' title='bbox 2019 3211 2163 3279; x_wconf 91' lang='lat' dir='ltr'><strong>ratioci-</strong></span> 
     </span>
     <span class='ocr_line' id='line_1_64' title="bbox 1179 3311 2165 3402; baseline 0.002 -24"><span class='ocrx_word' id='word_1_415' title='bbox 1179 3311 1323 3380; x_wconf 90' lang='lat' dir='ltr'><strong>natione</strong></span> <span class='ocrx_word' id='word_1_416' title='bbox 1340 3313 1559 3402; x_wconf 91' lang='lat' dir='ltr'><strong>querendum</strong></span> <span class='ocrx_word' id='word_1_417' title='bbox 1581 3326 1632 3380; x_wconf 90' lang='lat' dir='ltr'><strong>est</strong></span> <span class='ocrx_word' id='word_1_418' title='bbox 1653 3311 1915 3401; x_wconf 86' lang='lat' dir='ltr'><strong>testimonium,</strong></span> <span class='ocrx_word' id='word_1_419' title='bbox 1943 3312 2017 3380; x_wconf 88' lang='lat' dir='ltr'><strong>sive</strong></span> <span class='ocrx_word' id='word_1_420' title='bbox 2040 3336 2081 3379; x_wconf 83' lang='lat' dir='ltr'><strong>ex</strong></span> <span class='ocrx_word' id='word_1_421' title='bbox 2106 3335 2165 3380; x_wconf 91' lang='lat' dir='ltr'><strong>co-</strong></span> 
     </span>
     <span class='ocr_line' id='line_1_65' title="bbox 1179 3406 2166 3503; baseline 0.004 -24"><span class='ocrx_word' id='word_1_422' title='bbox 1179 3412 1314 3501; x_wconf 90' lang='lat' dir='ltr'><strong>gnatis,</strong></span> <span class='ocrx_word' id='word_1_423' title='bbox 1340 3412 1415 3479; x_wconf 86' lang='lat' dir='ltr'><strong>sive</strong></span> <span class='ocrx_word' id='word_1_424' title='bbox 1430 3435 1471 3479; x_wconf 88' lang='lat' dir='ltr'><strong>ex</strong></span> <span class='ocrx_word' id='word_1_425' title='bbox 1495 3412 1683 3485; x_wconf 91' lang='lat' dir='ltr'><strong>similibus.</strong></span> <span class='ocrx_word' id='word_1_426' title='bbox 1736 3409 1968 3502; x_wconf 87' lang='lat' dir='ltr'><strong>Evangelium</strong></span> <span class='ocrx_word' id='word_1_427' title='bbox 1992 3406 2166 3503; x_wconf 86' lang='lat' dir='ltr'><strong>approbat</strong></span> 
     </span>
     <span class='ocr_line' id='line_1_66' title="bbox 1179 3513 2165 3607; baseline -0.001 -25"><span class='ocrx_word' id='word_1_428' title='bbox 1179 3513 1310 3582; x_wconf 89' lang='lat' dir='ltr'><strong>iudicia</strong></span> <span class='ocrx_word' id='word_1_429' title='bbox 1333 3526 1367 3582; x_wconf 93' lang='lat' dir='ltr'><strong>et</strong></span> <span class='ocrx_word' id='word_1_430' title='bbox 1383 3513 1536 3595; x_wconf 90' lang='lat' dir='ltr'><strong>iudices,</strong></span> <span class='ocrx_word' id='word_1_431' title='bbox 1570 3538 1653 3602; x_wconf 89' lang='lat' dir='ltr'><strong>crgo</strong></span> <span class='ocrx_word' id='word_1_432' title='bbox 1676 3538 1740 3583; x_wconf 90' lang='lat' dir='ltr'><strong>uec</strong></span> <span class='ocrx_word' id='word_1_433' title='bbox 1762 3516 1917 3607; x_wconf 89' lang='lat' dir='ltr'><strong>reliquos</strong></span> <span class='ocrx_word' id='word_1_434' title='bbox 1947 3514 2165 3584; x_wconf 91' lang='lat' dir='ltr'><strong>iudiciorum</strong></span> 
     </span>
    </p>
   </div>
   <div class='ocr_carea' id='block_1_15' title="bbox 113 3613 2175 5025">
    <p class='ocr_par' dir='ltr' id='par_1_16' title="bbox 142 3613 2168 4116">
     <span class='ocr_line' id='line_1_67' title="bbox 142 3613 2166 3706; baseline -0.004 -17"><span class='ocrx_word' id='word_1_435' title='bbox 142 3616 340 3689; x_wconf 89' lang='lat' dir='ltr'><strong>absurditas</strong></span> <span class='ocrx_word' id='word_1_436' title='bbox 356 3628 425 3696; x_wconf 89' lang='lat' dir='ltr'><strong>est,</strong></span> <span class='ocrx_word' id='word_1_437' title='bbox 451 3614 482 3682; x_wconf 90' lang='lat' dir='ltr'><strong>si</strong></span> <span class='ocrx_word' id='word_1_438' title='bbox 497 3613 582 3706; x_wconf 90' lang='lat' dir='ltr'><strong>quid</strong></span> <span class='ocrx_word' id='word_1_439' title='bbox 600 3613 771 3683; x_wconf 89' lang='lat' dir='ltr'><strong>aratione</strong></span> <span class='ocrx_word' id='word_1_440' title='bbox 785 3614 968 3699; x_wconf 89' lang='lat' dir='ltr'><strong>dissentit,</strong></span> <span class='ocrx_word' id='word_1_441' title='bbox 993 3627 1055 3684; x_wconf 91' lang='lat' dir='ltr'><strong>aut</strong></span> <span class='ocrx_word' id='word_1_442' title='bbox 1071 3637 1124 3682; x_wconf 90' lang='lat' dir='ltr'><strong>re-</strong></span> <span class='ocrx_word' id='word_1_443' title='bbox 1181 3615 1362 3683; x_wconf 90' lang='lat' dir='ltr'><strong>ministros</strong></span> <span class='ocrx_word' id='word_1_444' title='bbox 1377 3615 1565 3705; x_wconf 84' lang='lat' dir='ltr'><strong>improbet.</strong></span> <span class='ocrx_word' id='word_1_445' title='bbox 1616 3613 1680 3684; x_wconf 84' lang='lat' dir='ltr'><strong>Est</strong></span> <span class='ocrx_word' id='word_1_446' title='bbox 1695 3629 1809 3684; x_wconf 91' lang='lat' dir='ltr'><strong>autem</strong></span> <span class='ocrx_word' id='word_1_447' title='bbox 1825 3616 2021 3685; x_wconf 88' lang='lat' dir='ltr'><strong>causidicus</strong></span> <span class='ocrx_word' id='word_1_448' title='bbox 2039 3615 2166 3684; x_wconf 90' lang='lat' dir='ltr'><strong>iudicis</strong></span> 
     </span>
     <span class='ocr_line' id='line_1_68' title="bbox 142 3714 2168 3810; baseline -0.003 -20"><span class='ocrx_word' id='word_1_449' title='bbox 142 3733 246 3810; x_wconf 89' lang='lat' dir='ltr'><strong>cepto</strong></span> <span class='ocrx_word' id='word_1_450' title='bbox 262 3718 356 3802; x_wconf 92' lang='lat' dir='ltr'><strong>iure,</strong></span> <span class='ocrx_word' id='word_1_451' title='bbox 380 3730 414 3786; x_wconf 89' lang='lat' dir='ltr'><strong>et</strong></span> <span class='ocrx_word' id='word_1_452' title='bbox 429 3715 512 3809; x_wconf 89' lang='lat' dir='ltr'><strong>quia</strong></span> <span class='ocrx_word' id='word_1_453' title='bbox 528 3715 617 3784; x_wconf 87' lang='lat' dir='ltr'><strong>ellici</strong></span> <span class='ocrx_word' id='word_1_454' title='bbox 635 3716 757 3801; x_wconf 90' lang='lat' dir='ltr'><strong>debet,</strong></span> <span class='ocrx_word' id='word_1_455' title='bbox 783 3729 823 3786; x_wconf 91' lang='lat' dir='ltr'><strong>ut</strong></span> <span class='ocrx_word' id='word_1_456' title='bbox 839 3716 1033 3785; x_wconf 89' lang='lat' dir='ltr'><strong>adversarii</strong></span> <span class='ocrx_word' id='word_1_457' title='bbox 1048 3714 1126 3807; x_wconf 84' lang='lat' dir='ltr'><strong>opi-</strong></span> <span class='ocrx_word' id='word_1_458' title='bbox 1182 3716 1363 3800; x_wconf 90' lang='lat' dir='ltr'><strong>minister,</strong></span> <span class='ocrx_word' id='word_1_459' title='bbox 1401 3741 1484 3783; x_wconf 91' lang='lat' dir='ltr'><strong>nam</strong></span> <span class='ocrx_word' id='word_1_460' title='bbox 1516 3715 1591 3783; x_wconf 88' lang='lat' dir='ltr'><strong>sine</strong></span> <span class='ocrx_word' id='word_1_461' title='bbox 1621 3716 1790 3784; x_wconf 88' lang='lat' dir='ltr'><strong>causidici</strong></span> <span class='ocrx_word' id='word_1_462' title='bbox 1819 3717 2025 3806; x_wconf 87' lang='lat' dir='ltr'><strong>diligentia,</strong></span> <span class='ocrx_word' id='word_1_463' title='bbox 2060 3740 2168 3807; x_wconf 89' lang='lat' dir='ltr'><strong>opera</strong></span> 
     </span>
     <span class='ocr_line' id='line_1_69' title="bbox 142 3817 2167 3908; baseline 0 -19"><span class='ocrx_word' id='word_1_464' title='bbox 142 3821 205 3889; x_wconf 89' lang='lat' dir='ltr'><strong>nio</strong></span> <span class='ocrx_word' id='word_1_465' title='bbox 223 3821 384 3890; x_wconf 86' lang='lat' dir='ltr'><strong>videatur</strong></span> <span class='ocrx_word' id='word_1_466' title='bbox 400 3819 572 3903; x_wconf 88' lang='lat' dir='ltr'><strong>absurda,</strong></span> <span class='ocrx_word' id='word_1_467' title='bbox 593 3819 685 3907; x_wconf 87' lang='lat' dir='ltr'><strong>leges</strong></span> <span class='ocrx_word' id='word_1_468' title='bbox 704 3831 738 3888; x_wconf 91' lang='lat' dir='ltr'><strong>et</strong></span> <span class='ocrx_word' id='word_1_469' title='bbox 752 3818 906 3887; x_wconf 87' lang='lat' dir='ltr'><strong>rationes</strong></span> <span class='ocrx_word' id='word_1_470' title='bbox 929 3818 1127 3887; x_wconf 82' lang='lat' dir='ltr'><strong>afferendae</strong></span> <span class='ocrx_word' id='word_1_471' title='bbox 1182 3832 1215 3888; x_wconf 94' lang='lat' dir='ltr'><strong>et</strong></span> <span class='ocrx_word' id='word_1_472' title='bbox 1242 3841 1343 3900; x_wconf 87' lang='lat' dir='ltr'><strong>voce,</strong></span> <span class='ocrx_word' id='word_1_473' title='bbox 1384 3817 1489 3885; x_wconf 82' lang='lat' dir='ltr'><strong>iudex</strong></span> <span class='ocrx_word' id='word_1_474' title='bbox 1515 3841 1589 3885; x_wconf 89' lang='lat' dir='ltr'><strong>non</strong></span> <span class='ocrx_word' id='word_1_475' title='bbox 1624 3830 1737 3907; x_wconf 91' lang='lat' dir='ltr'><strong>potest</strong></span> <span class='ocrx_word' id='word_1_476' title='bbox 1770 3841 1908 3887; x_wconf 88' lang='lat' dir='ltr'><strong>causam</strong></span> <span class='ocrx_word' id='word_1_477' title='bbox 1945 3840 2167 3908; x_wconf 88' lang='lat' dir='ltr'><strong>cognoscere.</strong></span> 
     </span>
     <span class='ocr_line' id='line_1_70' title="bbox 144 3916 2168 4014; baseline -0.003 -22"><span class='ocrx_word' id='word_1_478' title='bbox 144 3935 244 4005; x_wconf 90' lang='lat' dir='ltr'><strong>sunt,</strong></span> <span class='ocrx_word' id='word_1_479' title='bbox 269 3944 357 4014; x_wconf 90' lang='lat' dir='ltr'><strong>quae</strong></span> <span class='ocrx_word' id='word_1_480' title='bbox 373 3921 561 3990; x_wconf 83' lang='lat' dir='ltr'><strong>ostendant</strong></span> <span class='ocrx_word' id='word_1_481' title='bbox 576 3943 652 3987; x_wconf 91' lang='lat' dir='ltr'><strong>eam</strong></span> <span class='ocrx_word' id='word_1_482' title='bbox 670 3943 749 3988; x_wconf 89' lang='lat' dir='ltr'><strong>eum</strong></span> <span class='ocrx_word' id='word_1_483' title='bbox 765 3920 890 3989; x_wconf 85' lang='lat' dir='ltr'><strong>iureet</strong></span> <span class='ocrx_word' id='word_1_484' title='bbox 912 3933 1038 3988; x_wconf 88' lang='lat' dir='ltr'><strong>natura</strong></span> <span class='ocrx_word' id='word_1_485' title='bbox 1063 3941 1129 4009; x_wconf 90' lang='lat' dir='ltr'><strong>pu·</strong></span> <span class='ocrx_word' id='word_1_486' title='bbox 1181 3916 1277 4007; x_wconf 87' lang='lat' dir='ltr'><strong>Ergo</strong></span> <span class='ocrx_word' id='word_1_487' title='bbox 1296 3918 1386 3987; x_wconf 90' lang='lat' dir='ltr'><strong>sicut</strong></span> <span class='ocrx_word' id='word_1_488' title='bbox 1409 3918 1537 3987; x_wconf 91' lang='lat' dir='ltr'><strong>iudicis</strong></span> <span class='ocrx_word' id='word_1_489' title='bbox 1560 3918 1736 3999; x_wconf 88' lang='lat' dir='ltr'><strong>officium,</strong></span> <span class='ocrx_word' id='word_1_490' title='bbox 1767 3921 1816 3987; x_wconf 90' lang='lat' dir='ltr'><strong>ita</strong></span> <span class='ocrx_word' id='word_1_491' title='bbox 1841 3921 2009 3989; x_wconf 88' lang='lat' dir='ltr'><strong>causidici</strong></span> <span class='ocrx_word' id='word_1_492' title='bbox 2028 3919 2168 3987; x_wconf 86' lang='lat' dir='ltr'><strong>functio</strong></span> 
     </span>
     <span class='ocr_line' id='line_1_71' title="bbox 144 4018 1363 4116; baseline -0.002 -23"><span class='ocrx_word' id='word_1_493' title='bbox 144 4047 262 4116; x_wconf 90' lang='lat' dir='ltr'><strong>gnare.</strong></span> <span class='ocrx_word' id='word_1_494' title='bbox 314 4018 384 4090; x_wconf 91' lang='lat' dir='ltr'><strong>Hic</strong></span> <span class='ocrx_word' id='word_1_495' title='bbox 407 4022 535 4090; x_wconf 88' lang='lat' dir='ltr'><strong>iterum</strong></span> <span class='ocrx_word' id='word_1_496' title='bbox 561 4021 712 4089; x_wconf 88' lang='lat' dir='ltr'><strong>eundern</strong></span> <span class='ocrx_word' id='word_1_497' title='bbox 746 4035 797 4091; x_wconf 91' lang='lat' dir='ltr'><strong>est</strong></span> <span class='ocrx_word' id='word_1_498' title='bbox 826 4021 931 4089; x_wconf 91' lang='lat' dir='ltr'><strong>nobis</strong></span> <span class='ocrx_word' id='word_1_499' title='bbox 961 4021 1006 4088; x_wconf 89' lang='lat' dir='ltr'><strong>ad</strong></span> <span class='ocrx_word' id='word_1_500' title='bbox 1033 4019 1129 4087; x_wconf 90' lang='lat' dir='ltr'><strong>locos</strong></span> <span class='ocrx_word' id='word_1_501' title='bbox 1182 4022 1363 4111; x_wconf 89' lang='lat' dir='ltr'><strong>probatur.</strong></span> 
     </span>
    </p>

    <p class='ocr_par' dir='ltr' id='par_1_17' title="bbox 113 4119 2175 5025">
     <span class='ocr_line' id='line_1_72' title="bbox 146 4119 2169 4213; baseline -0.004 -16"><span class='ocrx_word' id='word_1_502' title='bbox 146 4123 368 4207; x_wconf 87' lang='lat' dir='ltr'><strong>dialecticos,</strong></span> <span class='ocrx_word' id='word_1_503' title='bbox 394 4145 477 4190; x_wconf 88' lang='lat' dir='ltr'><strong>narn</strong></span> <span class='ocrx_word' id='word_1_504' title='bbox 497 4144 537 4189; x_wconf 84' lang='lat' dir='ltr'><strong>ex</strong></span> <span class='ocrx_word' id='word_1_505' title='bbox 553 4121 667 4190; x_wconf 88' lang='lat' dir='ltr'><strong>causis</strong></span> <span class='ocrx_word' id='word_1_506' title='bbox 685 4134 719 4191; x_wconf 89' lang='lat' dir='ltr'><strong>et</strong></span> <span class='ocrx_word' id='word_1_507' title='bbox 742 4122 926 4192; x_wconf 85' lang='lat' dir='ltr'><strong>effectibus</strong></span> <span class='ocrx_word' id='word_1_508' title='bbox 951 4120 1130 4210; x_wconf 89' lang='lat' dir='ltr'><strong>colligitur</strong></span> <span class='ocrx_word' id='word_1_509' title='bbox 1285 4119 1325 4190; x_wconf 88' lang='lat' dir='ltr'><strong>Si</strong></span> <span class='ocrx_word' id='word_1_510' title='bbox 1341 4133 1549 4213; x_wconf 89' lang='lat' dir='ltr'><strong>quaeratur,</strong></span> <span class='ocrx_word' id='word_1_511' title='bbox 1574 4147 1620 4192; x_wconf 90' lang='lat' dir='ltr'><strong>an</strong></span> <span class='ocrx_word' id='word_1_512' title='bbox 1635 4124 1738 4191; x_wconf 88' lang='lat' dir='ltr'><strong>liceat</strong></span> <span class='ocrx_word' id='word_1_513' title='bbox 1752 4119 1956 4192; x_wconf 89' lang='lat' dir='ltr'><strong>Christiano</strong></span> <span class='ocrx_word' id='word_1_514' title='bbox 1974 4124 2111 4212; x_wconf 89' lang='lat' dir='ltr'><strong>litigare</strong></span> <span class='ocrx_word' id='word_1_515' title='bbox 2129 4123 2169 4188; x_wconf 91' lang='lat' dir='ltr'><strong>in</strong></span> 
     </span>
     <span class='ocr_line' id='line_1_73' title="bbox 113 4219 2170 4320; baseline -0.003 -23"><span class='ocrx_word' id='word_1_516' title='bbox 113 4253 115 4257; x_wconf 45' lang='lat'><strong>¹</strong></span> <span class='ocrx_word' id='word_1_517' title='bbox 145 4226 314 4320; x_wconf 88' lang='lat' dir='ltr'><strong>aequitas.</strong></span> <span class='ocrx_word' id='word_1_518' title='bbox 364 4219 431 4294; x_wconf 87' lang='lat' dir='ltr'><strong>Est</strong></span> <span class='ocrx_word' id='word_1_519' title='bbox 446 4219 563 4293; x_wconf 80' lang='lat' dir='ltr'><strong>autem</strong></span> <span class='ocrx_word' id='word_1_520' title='bbox 580 4223 741 4309; x_wconf 87' lang='lat' dir='ltr'><strong>generale</strong></span> <span class='ocrx_word' id='word_1_521' title='bbox 761 4235 1005 4315; x_wconf 88' lang='lat' dir='ltr'><strong>praeceptum,</strong></span> <span class='ocrx_word' id='word_1_522' title='bbox 1031 4222 1130 4290; x_wconf 90' lang='lat' dir='ltr'><strong>euius</strong></span> <span class='ocrx_word' id='word_1_523' title='bbox 1184 4222 1345 4302; x_wconf 89' lang='lat' dir='ltr'><strong>iudiciis,</strong></span> <span class='ocrx_word' id='word_1_524' title='bbox 1372 4223 1494 4292; x_wconf 90' lang='lat' dir='ltr'><strong>nullus</strong></span> <span class='ocrx_word' id='word_1_525' title='bbox 1509 4224 1607 4294; x_wconf 90' lang='lat' dir='ltr'><strong>locus</strong></span> <span class='ocrx_word' id='word_1_526' title='bbox 1629 4238 1747 4314; x_wconf 90' lang='lat' dir='ltr'><strong>aperte</strong></span> <span class='ocrx_word' id='word_1_527' title='bbox 1773 4225 1953 4307; x_wconf 92' lang='lat' dir='ltr'><strong>concedit,</strong></span> <span class='ocrx_word' id='word_1_528' title='bbox 1976 4226 2035 4293; x_wconf 89' lang='lat' dir='ltr'><strong>sed</strong></span> <span class='ocrx_word' id='word_1_529' title='bbox 2060 4224 2170 4293; x_wconf 87' lang='lat' dir='ltr'><strong>ratio-</strong></span> 
     </span>
     <span class='ocr_line' id='line_1_74' title="bbox 145 4317 2171 4416; baseline -0.003 -18"><span class='ocrx_word' id='word_1_530' title='bbox 145 4329 296 4398; x_wconf 86' lang='lat' dir='ltr'><strong>maxime</strong></span> <span class='ocrx_word' id='word_1_531' title='bbox 315 4348 400 4396; x_wconf 89' lang='lat' dir='ltr'><strong>usus</strong></span> <span class='ocrx_word' id='word_1_532' title='bbox 421 4338 474 4396; x_wconf 91' lang='lat' dir='ltr'><strong>est</strong></span> <span class='ocrx_word' id='word_1_533' title='bbox 495 4323 534 4392; x_wconf 92' lang='lat' dir='ltr'><strong>in</strong></span> <span class='ocrx_word' id='word_1_534' title='bbox 557 4317 625 4391; x_wconf 92' lang='lat' dir='ltr'><strong>hoc</strong></span> <span class='ocrx_word' id='word_1_535' title='bbox 650 4328 776 4412; x_wconf 88' lang='lat' dir='ltr'><strong>genere</strong></span> <span class='ocrx_word' id='word_1_536' title='bbox 799 4323 1131 4405; x_wconf 88' lang='lat' dir='ltr'><strong>controversiarum,</strong></span> <span class='ocrx_word' id='word_1_537' title='bbox 1185 4325 1338 4394; x_wconf 89' lang='lat' dir='ltr'><strong>cinando</strong></span> <span class='ocrx_word' id='word_1_538' title='bbox 1361 4325 1545 4416; x_wconf 85' lang='lat' dir='ltr'><strong>quaeritur</strong></span> <span class='ocrx_word' id='word_1_539' title='bbox 1573 4325 1827 4396; x_wconf 89' lang='lat' dir='ltr'><strong>testimonium.</strong></span> <span class='ocrx_word' id='word_1_540' title='bbox 1878 4324 1977 4395; x_wconf 88' lang='lat' dir='ltr'><strong>Licet</strong></span> <span class='ocrx_word' id='word_1_541' title='bbox 2006 4325 2060 4394; x_wconf 90' lang='lat' dir='ltr'><strong>uti</strong></span> <span class='ocrx_word' id='word_1_542' title='bbox 2091 4325 2171 4393; x_wconf 89' lang='lat' dir='ltr'><strong>aliis</strong></span> 
     </span>
     <span class='ocr_line' id='line_1_75' title="bbox 144 4423 2173 4516; baseline -0.002 -18"><span class='ocrx_word' id='word_1_543' title='bbox 144 4443 187 4500; x_wconf 88' lang='lat' dir='ltr'><strong>ut</strong></span> <span class='ocrx_word' id='word_1_544' title='bbox 203 4429 428 4498; x_wconf 87' lang='lat' dir='ltr'><strong>excuciantur</strong></span> <span class='ocrx_word' id='word_1_545' title='bbox 445 4425 749 4508; x_wconf 86' lang='lat' dir='ltr'><strong>circumstantiae,</strong></span> <span class='ocrx_word' id='word_1_546' title='bbox 774 4451 815 4496; x_wconf 81' lang='lat' dir='ltr'><strong>ex</strong></span> <span class='ocrx_word' id='word_1_547' title='bbox 834 4423 890 4496; x_wconf 89' lang='lat' dir='ltr'><strong>bis</strong></span> <span class='ocrx_word' id='word_1_548' title='bbox 907 4426 1003 4495; x_wconf 89' lang='lat' dir='ltr'><strong>enirn</strong></span> <span class='ocrx_word' id='word_1_549' title='bbox 1031 4448 1132 4515; x_wconf 90' lang='lat' dir='ltr'><strong>saepe</strong></span> <span class='ocrx_word' id='word_1_550' title='bbox 1186 4426 1351 4495; x_wconf 84' lang='lat' dir='ltr'><strong>civilibus</strong></span> <span class='ocrx_word' id='word_1_551' title='bbox 1365 4427 1487 4504; x_wconf 87' lang='lat' dir='ltr'><strong>rebus,</strong></span> <span class='ocrx_word' id='word_1_552' title='bbox 1511 4427 1594 4497; x_wconf 91' lang='lat' dir='ltr'><strong>licet</strong></span> <span class='ocrx_word' id='word_1_553' title='bbox 1612 4439 1729 4516; x_wconf 89' lang='lat' dir='ltr'><strong>petere</strong></span> <span class='ocrx_word' id='word_1_554' title='bbox 1752 4427 1994 4495; x_wconf 84' lang='lat' dir='ltr'><strong>defensionem</strong></span> <span class='ocrx_word' id='word_1_555' title='bbox 2016 4451 2035 4495; x_wconf 92' lang='lat' dir='ltr'><strong>a</strong></span> <span class='ocrx_word' id='word_1_556' title='bbox 2058 4428 2173 4515; x_wconf 90' lang='lat' dir='ltr'><strong>magi-</strong></span> 
     </span>
     <span class='ocr_line' id='line_1_76' title="bbox 114 4525 2171 4612; baseline -0 -16"><span class='ocrx_word' id='word_1_557' title='bbox 114 4541 118 4548; x_wconf 88' lang='lat'>&#39;</span> <span class='ocrx_word' id='word_1_558' title='bbox 145 4552 317 4598; x_wconf 89' lang='lat' dir='ltr'><strong>venamur</strong></span> <span class='ocrx_word' id='word_1_559' title='bbox 342 4527 569 4610; x_wconf 88' lang='lat' dir='ltr'><strong>senteutiam,</strong></span> <span class='ocrx_word' id='word_1_560' title='bbox 599 4538 633 4595; x_wconf 90' lang='lat' dir='ltr'><strong>et</strong></span> <span class='ocrx_word' id='word_1_561' title='bbox 655 4525 870 4607; x_wconf 87' lang='lat' dir='ltr'><strong>iudicamus,</strong></span> <span class='ocrx_word' id='word_1_562' title='bbox 897 4541 1018 4598; x_wconf 90' lang='lat' dir='ltr'><strong>utrum</strong></span> <span class='ocrx_word' id='word_1_563' title='bbox 1045 4526 1131 4595; x_wconf 87' lang='lat' dir='ltr'><strong>scri-</strong></span> <span class='ocrx_word' id='word_1_564' title='bbox 1185 4540 1297 4596; x_wconf 89' lang='lat' dir='ltr'><strong>stratu</strong></span> <span class='ocrx_word' id='word_1_565' title='bbox 1313 4540 1447 4596; x_wconf 88' lang='lat' dir='ltr'><strong>armato</strong></span> <span class='ocrx_word' id='word_1_566' title='bbox 1466 4529 1632 4597; x_wconf 88' lang='lat' dir='ltr'><strong>adversus</strong></span> <span class='ocrx_word' id='word_1_567' title='bbox 1649 4528 1823 4607; x_wconf 90' lang='lat' dir='ltr'><strong>latrones,</strong></span> <span class='ocrx_word' id='word_1_568' title='bbox 1849 4550 1932 4612; x_wconf 86' lang='lat' dir='ltr'><strong>ergo</strong></span> <span class='ocrx_word' id='word_1_569' title='bbox 1955 4528 2069 4596; x_wconf 90' lang='lat' dir='ltr'><strong>multo</strong></span> <span class='ocrx_word' id='word_1_570' title='bbox 2094 4552 2171 4595; x_wconf 84' lang='lat' dir='ltr'><strong>me-</strong></span> 
     </span>
     <span class='ocr_line' id='line_1_77' title="bbox 146 4624 2172 4721; baseline -0.002 -21"><span class='ocrx_word' id='word_1_571' title='bbox 146 4642 247 4721; x_wconf 89' lang='lat' dir='ltr'><strong>ptum</strong></span> <span class='ocrx_word' id='word_1_572' title='bbox 264 4643 299 4699; x_wconf 91' lang='lat' dir='ltr'><strong>et</strong></span> <span class='ocrx_word' id='word_1_573' title='bbox 310 4630 473 4699; x_wconf 90' lang='lat' dir='ltr'><strong>voluntas</strong></span> <span class='ocrx_word' id='word_1_574' title='bbox 485 4628 706 4698; x_wconf 88' lang='lat' dir='ltr'><strong>consentiant</strong></span> <span class='ocrx_word' id='word_1_575' title='bbox 716 4629 1008 4703; x_wconf 85' lang='lat' dir='ltr'><strong>autdisseutiant.</strong></span> <span class='ocrx_word' id='word_1_576' title='bbox 1039 4624 1133 4698; x_wconf 90' lang='lat' dir='ltr'><strong>Vera</strong></span> <span class='ocrx_word' id='word_1_577' title='bbox 1186 4628 1239 4718; x_wconf 85' lang='lat' dir='ltr'><strong>gis</strong></span> <span class='ocrx_word' id='word_1_578' title='bbox 1253 4628 1337 4703; x_wconf 86' lang='lat' dir='ltr'><strong>licet</strong></span> <span class='ocrx_word' id='word_1_579' title='bbox 1358 4651 1377 4697; x_wconf 85' lang='lat' dir='ltr'><strong>a</strong></span> <span class='ocrx_word' id='word_1_580' title='bbox 1395 4629 1510 4697; x_wconf 90' lang='lat' dir='ltr'><strong>iudice</strong></span> <span class='ocrx_word' id='word_1_581' title='bbox 1532 4630 1680 4714; x_wconf 88' lang='lat' dir='ltr'><strong>inermi,</strong></span> <span class='ocrx_word' id='word_1_582' title='bbox 1702 4629 1873 4698; x_wconf 82' lang='lat' dir='ltr'><strong>auxilium</strong></span> <span class='ocrx_word' id='word_1_583' title='bbox 1898 4636 1942 4696; x_wconf 87' lang='lat' dir='ltr'><strong>ad</strong></span> <span class='ocrx_word' id='word_1_584' title='bbox 1966 4630 2172 4698; x_wconf 90' lang='lat' dir='ltr'><strong>retinendas</strong></span> 
     </span>
     <span class='ocr_line' id='line_1_78' title="bbox 148 4726 2172 4821; baseline -0.001 -22"><span class='ocrx_word' id='word_1_585' title='bbox 148 4744 200 4801; x_wconf 86' lang='lat' dir='ltr'><strong>est</strong></span> <span class='ocrx_word' id='word_1_586' title='bbox 222 4730 317 4800; x_wconf 86' lang='lat' dir='ltr'><strong>enim</strong></span> <span class='ocrx_word' id='word_1_587' title='bbox 341 4754 408 4800; x_wconf 81' lang='lat' dir='ltr'><strong>vox</strong></span> <span class='ocrx_word' id='word_1_588' title='bbox 428 4726 576 4800; x_wconf 86' lang='lat' dir='ltr'><strong>Hilarii:</strong></span> <span class='ocrx_word' id='word_1_589' title='bbox 611 4727 906 4802; x_wconf 86' lang='lat' dir='ltr'><strong>Circumstantiae</strong></span> <span class='ocrx_word' id='word_1_590' title='bbox 927 4729 1134 4801; x_wconf 86' lang='lat' dir='ltr'><strong>illuminant</strong></span> <span class='ocrx_word' id='word_1_591' title='bbox 1186 4730 1368 4801; x_wconf 87' lang='lat' dir='ltr'><strong>facultates</strong></span> <span class='ocrx_word' id='word_1_592' title='bbox 1385 4745 1512 4821; x_wconf 88' lang='lat' dir='ltr'><strong>petere.</strong></span> <span class='ocrx_word' id='word_1_593' title='bbox 1555 4730 1663 4818; x_wconf 82' lang='lat' dir='ltr'><strong>item,</strong></span> <span class='ocrx_word' id='word_1_594' title='bbox 1685 4730 1715 4798; x_wconf 90' lang='lat' dir='ltr'><strong>si</strong></span> <span class='ocrx_word' id='word_1_595' title='bbox 1732 4731 1953 4816; x_wconf 85' lang='lat' dir='ltr'><strong>magistratus</strong></span> <span class='ocrx_word' id='word_1_596' title='bbox 1969 4744 2021 4799; x_wconf 91' lang='lat' dir='ltr'><strong>est</strong></span> <span class='ocrx_word' id='word_1_597' title='bbox 2039 4726 2172 4799; x_wconf 92' lang='lat' dir='ltr'><strong>honori</strong></span> 
     </span>
     <span class='ocr_line' id='line_1_79' title="bbox 149 4828 2174 4924; baseline -0.002 -23"><span class='ocrx_word' id='word_1_598' title='bbox 149 4832 261 4924; x_wconf 28' lang='lat' dir='ltr'><strong>dicta..</strong></span> <span class='ocrx_word' id='word_1_599' title='bbox 1187 4831 1310 4911; x_wconf 90' lang='lat' dir='ltr'><strong>bonis,</strong></span> <span class='ocrx_word' id='word_1_600' title='bbox 1354 4854 1436 4919; x_wconf 89' lang='lat' dir='ltr'><strong>ergo</strong></span> <span class='ocrx_word' id='word_1_601' title='bbox 1462 4832 1585 4911; x_wconf 88' lang='lat' dir='ltr'><strong>iudex,</strong></span> <span class='ocrx_word' id='word_1_602' title='bbox 1619 4854 1699 4899; x_wconf 91' lang='lat' dir='ltr'><strong>cum</strong></span> <span class='ocrx_word' id='word_1_603' title='bbox 1728 4831 1887 4900; x_wconf 89' lang='lat' dir='ltr'><strong>defendit</strong></span> <span class='ocrx_word' id='word_1_604' title='bbox 1917 4828 2174 4910; x_wconf 88' lang='lat' dir='ltr'><strong>Christianum,</strong></span> 
     </span>
     <span class='ocr_line' id='line_1_80' title="bbox 1188 4933 2175 5025; baseline -0.001 -25"><span class='ocrx_word' id='word_1_605' title='bbox 1188 4957 1261 5001; x_wconf 89' lang='lat' dir='ltr'><strong>nou</strong></span> <span class='ocrx_word' id='word_1_606' title='bbox 1279 4935 1423 5023; x_wconf 86' lang='lat' dir='ltr'><strong>praebet</strong></span> <span class='ocrx_word' id='word_1_607' title='bbox 1438 4933 1706 5002; x_wconf 68' lang='lat' dir='ltr'><strong>eioccasionem</strong></span> <span class='ocrx_word' id='word_1_608' title='bbox 1724 4933 1911 5022; x_wconf 87' lang='lat' dir='ltr'><strong>peccandi,</strong></span> <span class='ocrx_word' id='word_1_609' title='bbox 1939 4934 2073 5025; x_wconf 87' lang='lat' dir='ltr'><strong>alioqui</strong></span> <span class='ocrx_word' id='word_1_610' title='bbox 2097 4956 2175 5001; x_wconf 89' lang='lat' dir='ltr'><strong>non</strong></span> 
     </span>
    </p>
   </div>
   <div class='ocr_carea' id='block_1_16' title="bbox 502 4998 2176 5124">
    <p class='ocr_par' dir='ltr' id='par_1_18' title="bbox 502 4998 2176 5124">
     <span class='ocr_line' id='line_1_81' title="bbox 502 4998 2176 5124; baseline 0.009 -36"><span class='ocrx_word' id='word_1_611' title='bbox 502 5003 563 5072; x_wconf 64' lang='lat' dir='ltr'><strong>De</strong></span> <span class='ocrx_word' id='word_1_612' title='bbox 589 4998 775 5099; x_wconf 68' lang='lat' dir='ltr'><strong>ambigna.</strong></span> <span class='ocrx_word' id='word_1_613' title='bbox 1189 5048 1278 5103; x_wconf 90' lang='lat' dir='ltr'><strong>esset</strong></span> <span class='ocrx_word' id='word_1_614' title='bbox 1294 5035 1327 5102; x_wconf 88' lang='lat' dir='ltr'><strong>ei</strong></span> <span class='ocrx_word' id='word_1_615' title='bbox 1341 5029 1489 5118; x_wconf 86' lang='lat' dir='ltr'><strong>honori,</strong></span> <span class='ocrx_word' id='word_1_616' title='bbox 1514 5037 1574 5102; x_wconf 91' lang='lat' dir='ltr'><strong>sed</strong></span> <span class='ocrx_word' id='word_1_617' title='bbox 1594 5034 1710 5124; x_wconf 92' lang='lat' dir='ltr'><strong>potius</strong></span> <span class='ocrx_word' id='word_1_618' title='bbox 1726 5034 1903 5104; x_wconf 88' lang='lat' dir='ltr'><strong>dedecori.</strong></span> <span class='ocrx_word' id='word_1_619' title='bbox 1937 5037 1978 5100; x_wconf 92' lang='lat' dir='ltr'><strong>ln</strong></span> <span class='ocrx_word' id='word_1_620' title='bbox 1997 5030 2064 5102; x_wconf 86' lang='lat' dir='ltr'><strong>hoe</strong></span> <span class='ocrx_word' id='word_1_621' title='bbox 2078 5046 2176 5104; x_wconf 88' lang='lat' dir='ltr'><strong>statu</strong></span> 
     </span>
    </p>
   </div>
   <div class='ocr_carea' id='block_1_17' title="bbox 149 5102 2177 5441">
    <p class='ocr_par' dir='ltr' id='par_1_19' title="bbox 149 5102 2177 5441">
     <span class='ocr_line' id='line_1_82' title="bbox 250 5102 2177 5226; baseline -0.002 -21"><span class='ocrx_word' id='word_1_622' title='bbox 250 5131 577 5205; x_wconf 77' lang='lat' dir='ltr'><strong>Controversiaeex</strong></span> <span class='ocrx_word' id='word_1_623' title='bbox 593 5135 759 5224; x_wconf 88' lang='lat' dir='ltr'><strong>ambiguo</strong></span> <span class='ocrx_word' id='word_1_624' title='bbox 780 5148 872 5215; x_wconf 88' lang='lat' dir='ltr'><strong>sunt,</strong></span> <span class='ocrx_word' id='word_1_625' title='bbox 890 5102 969 5207; x_wconf 86' lang='lat' dir='ltr'><strong>cum</strong></span> <span class='ocrx_word' id='word_1_626' title='bbox 985 5135 1134 5206; x_wconf 86' lang='lat' dir='ltr'><strong>verbum</strong></span> <span class='ocrx_word' id='word_1_627' title='bbox 1188 5135 1384 5226; x_wconf 89' lang='lat' dir='ltr'><strong>plurimum</strong></span> <span class='ocrx_word' id='word_1_628' title='bbox 1402 5136 1532 5204; x_wconf 66' lang='lat' dir='ltr'><strong>calent</strong></span> <span class='ocrx_word' id='word_1_629' title='bbox 1561 5134 1636 5205; x_wconf 82' lang='lat' dir='ltr'><strong>loci</strong></span> <span class='ocrx_word' id='word_1_630' title='bbox 1662 5158 1881 5205; x_wconf 86' lang='lat' dir='ltr'><strong>communes.</strong></span> <span class='ocrx_word' id='word_1_631' title='bbox 1932 5133 2023 5203; x_wconf 85' lang='lat' dir='ltr'><strong>Nam</strong></span> <span class='ocrx_word' id='word_1_632' title='bbox 2053 5159 2093 5202; x_wconf 81' lang='lat' dir='ltr'><strong>ex</strong></span> <span class='ocrx_word' id='word_1_633' title='bbox 2118 5129 2177 5202; x_wconf 89' lang='lat' dir='ltr'><strong>his</strong></span> 
     </span>
     <span class='ocr_line' id='line_1_83' title="bbox 149 5231 2175 5330; baseline -0.002 -23"><span class='ocrx_word' id='word_1_634' title='bbox 149 5239 291 5330; x_wconf 85' lang='lat' dir='ltr'><strong>aliquod</strong></span> <span class='ocrx_word' id='word_1_635' title='bbox 312 5237 475 5325; x_wconf 69' lang='lat' dir='ltr'><strong>gerarde</strong></span> <span class='ocrx_word' id='word_1_636' title='bbox 498 5247 559 5303; x_wconf 85' lang='lat' dir='ltr'><strong>aut</strong></span> <span class='ocrx_word' id='word_1_637' title='bbox 580 5237 807 5325; x_wconf 81' lang='lat' dir='ltr'><strong>ambiguum,</strong></span> <span class='ocrx_word' id='word_1_638' title='bbox 831 5237 925 5326; x_wconf 89' lang='lat' dir='ltr'><strong>parit</strong></span> <span class='ocrx_word' id='word_1_639' title='bbox 944 5237 1136 5308; x_wconf 67' lang='lat' dir='ltr'><strong>dimensio·</strong></span> <span class='ocrx_word' id='word_1_640' title='bbox 1189 5238 1301 5308; x_wconf 86' lang='lat' dir='ltr'><strong>multa</strong></span> <span class='ocrx_word' id='word_1_641' title='bbox 1319 5237 1523 5307; x_wconf 89' lang='lat' dir='ltr'><strong>iudicantur</strong></span> <span class='ocrx_word' id='word_1_642' title='bbox 1538 5251 1572 5307; x_wconf 91' lang='lat' dir='ltr'><strong>et</strong></span> <span class='ocrx_word' id='word_1_643' title='bbox 1589 5231 1790 5307; x_wconf 87' lang='lat' dir='ltr'><strong>trahuntur.</strong></span> <span class='ocrx_word' id='word_1_644' title='bbox 1815 5234 1949 5307; x_wconf 87' lang='lat' dir='ltr'><strong>Pendet</strong></span> <span class='ocrx_word' id='word_1_645' title='bbox 1964 5250 2081 5304; x_wconf 87' lang='lat' dir='ltr'><strong>autem</strong></span> <span class='ocrx_word' id='word_1_646' title='bbox 2100 5248 2175 5304; x_wconf 89' lang='lat' dir='ltr'><strong>tota</strong></span> 
     </span>
     <span class='ocr_line' id='line_1_84' title="bbox 150 5335 2176 5441; baseline -0.004 -28"><span class='ocrx_word' id='word_1_647' title='bbox 150 5360 254 5427; x_wconf 76' lang='lat' dir='ltr'><strong>nem,</strong></span> <span class='ocrx_word' id='word_1_648' title='bbox 286 5349 327 5411; x_wconf 86' lang='lat' dir='ltr'><strong>ut</strong></span> <span class='ocrx_word' id='word_1_649' title='bbox 348 5337 389 5405; x_wconf 90' lang='lat' dir='ltr'><strong>in</strong></span> <span class='ocrx_word' id='word_1_650' title='bbox 402 5335 567 5411; x_wconf 80' lang='lat' dir='ltr'><strong>Caunus.</strong></span> <span class='ocrx_word' id='word_1_651' title='bbox 593 5380 609 5427; x_wconf 68' lang='lat'><strong>.‘</strong></span> <span class='ocrx_word' id='word_1_652' title='bbox 628 5335 959 5441; x_wconf 73' lang='lat' dir='ltr'><strong>Sacerdos-ducens</strong></span> <span class='ocrx_word' id='word_1_653' title='bbox 979 5356 1137 5424; x_wconf 69' lang='lat' dir='ltr'><strong>uromm,</strong></span> <span class='ocrx_word' id='word_1_654' title='bbox 1189 5336 1496 5431; x_wconf 65' lang='lat' dir='ltr'><strong>mediolacum,</strong></span> <span class='ocrx_word' id='word_1_655' title='bbox 1522 5361 1603 5409; x_wconf 89' lang='lat' dir='ltr'><strong>cum</strong></span> <span class='ocrx_word' id='word_1_656' title='bbox 1619 5362 1660 5409; x_wconf 85' lang='lat' dir='ltr'><strong>ex</strong></span> <span class='ocrx_word' id='word_1_657' title='bbox 1679 5359 1793 5437; x_wconf 77' lang='lat' dir='ltr'><strong>causa,</strong></span> <span class='ocrx_word' id='word_1_658' title='bbox 1817 5361 1859 5406; x_wconf 81' lang='lat' dir='ltr'><strong>ex</strong></span> <span class='ocrx_word' id='word_1_659' title='bbox 1877 5352 1962 5422; x_wconf 88' lang='lat' dir='ltr'><strong>toto,</strong></span> <span class='ocrx_word' id='word_1_660' title='bbox 1984 5360 2025 5405; x_wconf 83' lang='lat' dir='ltr'><strong>er</strong></span> <span class='ocrx_word' id='word_1_661' title='bbox 2046 5359 2176 5426; x_wconf 84' lang='lat' dir='ltr'><strong>genere</strong></span> 
     </span>
    </p>
   </div>
   <div class='ocr_carea' id='block_1_18' title="bbox 0 0 2311 5748">
    <p class='ocr_par' dir='ltr' id='par_1_20' title="bbox 0 0 2311 5748">
     <span class='ocr_line' id='line_1_85' title="bbox 0 0 2311 5748; baseline 0 0"><span class='ocrx_word' id='word_1_662' title='bbox 0 0 2311 5748; x_wconf 95' lang='lat' dir='ltr'><strong> </strong></span> 
     </span>
    </p>
   </div>
  </div>
 </body>
</html>
