4538 5754
124 247 217 319 1391

124 434 292 511 tanquam
316 415 459 508 propria
484 426 519 483 et
540 436 559 482 a
581 413 686 482 nobis
704 425 819 502 parta:
847 415 908 482 sed
922 426 963 483 ut
979 413 1023 482 iis
1036 426 1116 484 uta-

124 544 206 591 mur
227 535 395 611 tanquam
418 515 723 585 administratores
741 515 849 584 alieni
869 516 1053 600 beneficii,
1083 527 1116 585 et

82 608 87 620 ¹
123 622 392 692 meminerimus
406 612 493 687 haec
507 618 720 686 conferenda
737 640 810 686 esse
822 620 865 686 ad
879 618 1027 706 gloriam
1036 615 1116 702 Dei,

124 739 159 796 et
181 725 225 793 ad
248 720 437 792 utilitatem
462 719 641 810 publicam
658 743 698 788 ac
714 717 791 788 Deo
809 721 1026 789 reddendam
1042 742 1115 789 esse

72 890 76 903 ,
124 826 298 897 rationem
315 837 456 892 nostrae
470 820 801 895 administrationis.

173 1023 264 1100 Non
278 1021 416 1096 mortui
431 1017 643 1094 laudabunt
658 1033 690 1093 te
705 1020 888 1109 Domine,
915 1032 976 1097 rie.

225 1177 456 1253 Memorabili
478 1179 649 1248 sententia
671 1177 1018 1257 clauditPsalmum,
1044 1200 1113 1270 qua

122 1287 250 1380 repetit
267 1283 522 1377 precationem,
549 1303 638 1372 quae
654 1280 757 1350 estin
775 1275 843 1349 hoc
858 1278 998 1349 Psalmo
1013 1303 1115 1370 prae-

123 1393 244 1483 cipua,
279 1385 461 1462 videlicet,
493 1395 534 1452 ut
555 1379 652 1451 Deus
676 1383 858 1466 exaudiat,
893 1383 1060 1452 defendat
1079 1394 1114 1451 et

121 1504 236 1564 servet
256 1487 426 1581 populum
444 1508 506 1554 seu
521 1479 733 1568 Ecclesiam,
761 1498 904 1576 propter
920 1507 1018 1554 suam
1036 1484 1129 1573 glo-'

122 1597 231 1679 riam,
257 1603 297 1662 nt
310 1588 417 1681 possit
433 1586 583 1669 laudari,
609 1598 650 1655 ut
666 1599 887 1677 praestentur
900 1587 931 1656 ei
946 1587 1021 1654 veri
1036 1586 1113 1655 cul-

123 1713 199 1781 tus,
222 1693 284 1788 qui
308 1702 392 1761 sunt
413 1687 591 1756 invocatio
613 1711 692 1756 cum
716 1689 804 1774 lide,
831 1713 921 1782 quae
940 1700 1034 1758 certo
1052 1712 1112 1758 ex-

122 1811 236 1892 pectet
265 1794 435 1864 auxilinm
463 1802 498 1859 et
521 1789 787 1874 liberationem,
823 1792 952 1860 deinde
977 1791 1055 1859 laus
1076 1804 1113 1861 et

121 1901 314 1994 gratiarum
340 1894 430 1964 actio
456 1915 520 1982 pro
543 1891 634 1960 datis
660 1889 860 1973 beneficiis,
893 1917 958 1984 pro
981 1893 1111 1962 libera-

121 2005 219 2075 tione
240 2012 304 2071 etc.
357 1981 496 2083 Allegat
522 2015 604 2082 ergo
631 1993 777 2062 eandem
804 2018 942 2064 causam
969 1995 1112 2085 petitio-

121 2107 198 2188 nis,
231 2123 336 2195 quam
367 2120 470 2188 supra
502 2094 540 2162 in
562 2117 681 2164 versu:
714 2093 797 2164 Non
819 2096 923 2166 nobis
943 2094 1111 2183 Domine,

121 2200 341 2277 sedNomini
357 2214 419 2269 tuo
435 2200 477 2265 da
494 2197 642 2286 gloriam
660 2208 738 2279 etc,
761 2199 849 2289 petit
866 2199 1043 2284 exaudiri,
1070 2213 1111 2270 ut

122 2313 317 2380 innotescat
332 2313 366 2370 et
381 2301 578 2369 celebretur
592 2299 704 2389 gloria
712 2296 794 2384 Dei,
820 2325 910 2395 quae
927 2315 988 2385 est,
1013 2303 1109 2395 quod

119 2415 220 2485 Deus
248 2405 410 2476 exaudiat
439 2399 583 2494 gratis,
614 2424 679 2493 per
701 2401 1003 2493 misericordiam,
1036 2427 1109 2486 nou

120 2525 265 2606 propter
284 2493 441 2576 nostram
458 2504 682 2591 dignitatem:
711 2505 770 2572 sed
790 2505 933 2575 adiuvet
948 2518 983 2575 et
999 2505 1111 2576 salvet

122 2614 306 2703 indignos,
340 2630 414 2676 non
443 2606 530 2675 velit
549 2627 616 2674 nos
637 2605 753 2696 perire
777 2607 914 2676 etiamsi
938 2602 1109 2677 babemus

120 2728 313 2810 peccatum.
380 2706 464 2777 ldeo
494 2707 558 2778 ait:
600 2702 690 2779 Non
721 2706 861 2778 mortui
887 2703 1110 2794 laudabant,

120 2818 219 2915 quasi
237 2816 349 2892 dicat,
375 2809 413 2881 si
431 2810 653 2880 sentiendum
669 2823 776 2895 esset,
802 2826 877 2880 turn
892 2814 1034 2881 demum
1050 2813 1108 2880 in·

119 2921 319 2993 vocandum
345 2936 435 2995 esse,
469 2925 529 2981 aut
551 2914 778 2981 statuendum
803 2915 896 3006 quod
922 2912 1020 2983 Deus
1043 2937 1110 2983 nos

120 3021 302 3102 exandiat,
330 3016 358 3085 si
375 3036 440 3083 nos
455 3008 664 3084 haberemus
680 3015 763 3084 satis
778 3015 1009 3101 meritorum,
1035 3041 1110 3086 non

119 3135 236 3219 posset
260 3118 431 3189 celebrari
457 3116 568 3205 gloria
592 3116 682 3196 Dei,
709 3142 800 3209 qnae
823 3117 900 3186 laus
924 3142 996 3187 non
1021 3133 1110 3189 esset

117 3221 401 3304 misericordiae,
435 3219 494 3287 sed
527 3231 667 3287 nostrae
694 3219 891 3306 dignitatis:
935 3221 1006 3291 imo
1035 3245 1108 3290 non

118 3342 235 3422 posset
253 3324 398 3395 existere
415 3321 519 3403 fides,
543 3331 603 3388 aut
618 3320 814 3405 invocatio,
841 3323 900 3391 sed
917 3322 1029 3391 animi
1045 3349 1109 3414 op-

72 3456 76 3473 *
118 3433 358 3524 primerentur
391 3421 616 3492 dubitatione
645 3435 678 3491 et
711 3423 978 3513 desperatione,
1025 3426 1108 3519 quia

118 3554 256 3623 semper
272 3525 443 3598 habemus
460 3535 651 3615 peccatum.

221 3647 343 3737 Quare
358 3644 406 3713 ita
422 3643 648 3726 invocamus,
673 3667 748 3712 non
764 3659 972 3735 quaerentes
987 3661 1108 3719 nostra

118 3753 262 3835 merita,
289 3761 350 3818 aut
372 3744 597 3836 respicientes
619 3747 664 3812 ad
684 3746 864 3836 propriam
883 3748 1108 3838 dignitatem:

119 3858 179 3925 sed
203 3852 420 3924 confidentes
443 3859 504 3916 tua
526 3845 787 3931 misericordia,
812 3851 909 3939 quod
927 3853 1035 3939 gratis
1052 3878 1107 3923 re·

120 3959 249 4048 cipias,
279 3949 460 4031 exaudias,
493 3948 624 4031 salves,
657 3949 750 4017 iuxta
776 3951 1045 4038 promissiones,
1076 3968 1109 4023 et

120 4062 199 4129 ideo
224 4055 378 4146 petimus
403 4072 468 4118 nos
493 4049 670 4133 exaudiri,
695 4063 736 4118 ut
756 4051 822 4119 tibi
841 4052 1019 4124 tribuatur
1033 4057 1108 4125 laus

117 4156 401 4236 misericordiae,
434 4165 468 4221 et
490 4151 686 4220 innotescat
712 4152 824 4241 gloria
851 4170 923 4227 tua.
973 4152 1109 4250 Estque

119 4260 323 4355 gravissima
356 4254 546 4337 sententia,
590 4276 680 4344 quae
711 4254 837 4343 allegat
864 4255 941 4326 Deo
969 4260 1109 4328 miseri·

119 4365 277 4436 cordiam
301 4373 334 4428 et
355 4357 569 4438 bonitatem,
596 4365 629 4423 et
655 4357 756 4424 docet
770 4351 837 4424 bac
853 4358 922 4425 fide
937 4359 1109 4430 invocan-

119 4470 204 4537 dum
229 4485 322 4551 esse,
356 4472 388 4528 et
415 4458 662 4548 expectandam
686 4481 705 4525 a
726 4454 803 4527 Deo
826 4459 992 4546 salulem,
1026 4463 1108 4555 quia

119 4568 215 4640 Deus
244 4587 316 4633 non
347 4561 433 4629 velit
462 4582 528 4627 nos
554 4558 690 4648 perire,
725 4561 784 4628 sed
816 4562 901 4632 velit
930 4566 1109 4650 adiuvare,

120 4667 258 4740 etiamsi
272 4686 394 4735 sumus
411 4661 549 4748 indigui
566 4673 606 4729 ut
620 4660 729 4750 possit
745 4660 893 4736 laudari.

417 4914 615 4998 Psalnus
653 4911 810 5000 cxvl.

172 5069 199 5142 l.
234 5067 385 5153 misai,
412 5062 509 5156 qaod
522 5060 687 5133 exaudit
703 5064 889 5136 Dominus
901 5084 1028 5136 aecem
1043 5062 1110 5135 de·

221 5171 481 5262 precationum
495 5186 682 5236 mearum.

173 5292 215 5363 ll.
246 5293 345 5375 Quia
361 5286 524 5358 inclinat
538 5305 791 5355 auremsuam
802 5285 912 5376 mibi,
938 5294 1110 5360 etomni·

215 5393 287 5466 bus
299 5387 435 5465 diebus
449 5392 544 5461 meis
561 5384 749 5460 invocabo.

707 240 834 314 PHIL.
872 237 988 313 MEL.
1017 238 1229 315 SCRPITA
1254 240 1554 321 EXEGETICA.

2067 256 2146 333 libi

1221 412 1288 485 lll.
1329 417 1672 494 Circumdederunt
1699 445 1760 495 me
1787 420 1909 517 funes
1932 434 2090 517 nsortis,
2117 442 2147 502 et

1272 525 1479 615 angustiae
1501 519 1650 617 inferni
1670 529 1897 600 invenerunt
1919 552 2005 621 me,
2036 532 2147 605 tnta-

1268 625 1451 694 lationem
1468 634 1507 695 et
1520 648 1699 718 pavorem
1715 634 1856 701 iuveni.

1219 755 1282 831 lV.
1323 763 1371 829 Et
1405 781 1540 833 nomen
1567 764 1725 836 Domini
1755 760 1959 859 invocabo,
2013 770 2145 844 Obsecro

1269 863 1452 958 Domine,
1481 868 1587 958 eripe
1602 872 1773 939 animam
1791 890 1934 944 meam.

1219 994 1263 1068 V.
1295 1000 1518 1072 Misericors
1543 1002 1732 1076 Dominus
1755 1010 1968 1097 minatus,
2001 1020 2042 1081 et
2063 1012 2147 1083 Deus

1267 1105 1632 1177 nostermiseretur.
2174 1118 2179 1131 '

1217 1234 1282 1310 Vl.
1315 1232 1488 1311 Custodit
1502 1245 1681 1333 parvulos
1695 1245 1906 1336 Dominus,
1932 1249 2147 1321 Attenuatas

1267 1363 1375 1430 sum,
1401 1351 1439 1412 et
1453 1346 1619 1416 salvavit
1632 1365 1706 1417 me.

1216 1475 1296 1548 Vll.
1331 1483 1531 1552 Reaertere
1550 1487 1679 1556 anima
1695 1507 1781 1557 mea
1797 1491 1839 1558 iu
1852 1491 2029 1581 requiem
2046 1501 2146 1579 taam,

1268 1584 1364 1666 Quia
1382 1583 1570 1657 Dominus
1587 1582 1776 1682 benefecit
1792 1586 1875 1662 tibi.

1217 1712 1316 1784 Vlll.
1353 1721 1451 1802 Quia
1468 1724 1648 1812 eripuisti
1666 1726 1838 1795 animam
1853 1747 1986 1799 meam
2002 1725 2049 1798 de
2066 1749 2147 1797 mor

1265 1826 1326 1993 te}
1348 1822 1471 1893 oculos
1494 1845 1597 1896 meos
1620 1827 1853 1911 uberrimis,
1880 1827 2025 1922 pedem
2039 1851 2147 1901 meum

1267 1943 1291 1992 a
1326 1944 1437 2014 apsa.

1215 2051 1277 2124 IX.
1318 2051 1475 2127 Ansbulo
1501 2077 1627 2129 coram
1650 2061 1813 2134 Domino
1835 2071 2013 2137 interra
2037 2071 2145 2137 viven-

1267 2159 1377 2227 tium.

1217 2359 1242 2429 l.
1278 2360 1394 2434 Credo
1404 2373 1610 2456 propterea
1623 2368 1769 2461 loquor,
1797 2375 1871 2467 Epo
1887 2383 2023 2445 autem
2038 2372 2144 2445 bumi-

1264 2466 1385 2536 liatns
1398 2488 1484 2537 sum
1499 2465 1619 2539 valde.

1215 2592 1261 2665 lt.
1305 2601 1378 2694 Epo
1405 2596 1489 2669 divi
1511 2603 1552 2671 iu
1573 2613 1878 2680 consternatione
1897 2627 2002 2682 osee:
2037 2616 2142 2683 Omnis

1264 2698 1370 2772 bomo
1388 2700 1569 2775 mendace.

1215 2833 1282 2907 lll.
1319 2836 1419 2922 Quid
1438 2839 1597 2913 reddam
1610 2845 1795 2933 Domino,
1818 2871 1887 2939 pro
1908 2850 2083 2924 amnibus
2096 2850 2140 2922 be

1264 2937 1415 3038 neiiciis
1430 2965 1520 3040 erga
1538 2941 1626 3016 me?

1215 3073 1276 3144 lV.
1310 3077 1476 3150 calicem
1495 3079 1709 3153 salutarem
1731 3086 1944 3176 accipiam,
1974 3096 2014 3158 et
2030 3109 2140 3159 nomm

1189 3211 1195 3218 ·
1263 3180 1420 3251 Domini
1439 3180 1629 3254 invocabo.

1212 3313 1257 3390 V.
1294 3319 1389 3389 Vota
1415 3340 1502 3390 mea
1519 3319 1681 3392 Domina
1700 3319 1877 3413 reddam,
1906 3347 2043 3397 coram
2059 3332 2139 3399 omni

1261 3422 1394 3514 populo
1413 3425 1507 3495 eius.

1216 3554 1278 3624 Vl.
1313 3561 1492 3630 Preciosa
1509 3562 1552 3629 in
1568 3570 1769 3653 conspectu
1781 3563 1941 3634 Domini
1957 3572 2141 3640 morsSan-

1265 3668 1411 3732 ctornm
1428 3665 1523 3732 eius.

1213 3794 1295 3866 Vll.
1332 3795 1489 3868 Obsecro
1506 3798 1693 3887 Domine,
1720 3805 1809 3894 gaia
1831 3825 1895 3899 ego
1920 3829 2009 3878 sam
2032 3832 2141 3879 servus

1263 3907 1370 3987 inus,
1397 3903 1470 3995 ligo
1485 3922 1568 3972 sum
1582 3924 1712 3973 servas
1727 3912 1835 3994 tuus,
1861 3915 1900 3976 et
1914 3904 2026 4004 fidius
2040 3913 2142 3984 ancii-

1261 4002 1323 4072 lae
1339 4009 1446 4085 inae,
1475 4006 1538 4094 qui
1556 4002 1741 4097 dirumpis
1756 4011 1910 4079 uincula
1928 4034 2033 4084 mea.

1215 4136 1315 4209 vltt.
1360 4133 1448 4210 Tibi
1482 4136 1708 4237 sacrificabo
1741 4141 1981 4242 sacrificium
2019 4150 2142 4235 laudis,

1262 4245 1311 4311 Et
1323 4263 1459 4312 nomen
1477 4237 1638 4315 Domini
1654 4245 1841 4319 invocabo.

1213 4374 1275 4446 lx,
1305 4377 1340 4446 V
1337 4385 1400 4448 ota
1415 4398 1504 4447 mea
1518 4378 1682 4451 Domino
1697 4380 1879 4473 reddam,
1908 4409 2049 4462 coram
2061 4394 2142 4463 omni

1262 4481 1395 4571 populo
1411 4484 1507 4559 eins.

1212 4612 1256 4685 X.
1297 4620 1342 4684 lu
1367 4620 1483 4687 atriis
1507 4614 1639 4690 domus
1663 4620 1837 4711 Domini,
1875 4628 1924 4694 ln
1948 4627 2079 4704 medio
2101 4632 2142 4700 tvi

1262 4720 1480 4791 Ierusalem.

1338 4932 1585 5007 Enarratio
1620 4938 1786 5028 l'salmi
1820 4942 1978 5023 CXVI.

1264 5082 1329 5158 Est
1345 5101 1380 5157 et
1396 5083 1623 5159 hicPsalmus
1640 5094 1742 5163 valde
1757 5096 1981 5187 celebratus,
2010 5110 2139 5200 quiam

1161 5187 1317 5278 insignes
1340 5190 1517 5271 continet,
1545 5195 1824 5267 consolationem
1847 5201 1886 5266 in
1912 5228 2061 5280 summa
2083 5226 2138 5282 ten·

1162 5290 1313 5374 tatione,
1338 5291 1502 5362 videlicet
1524 5296 1635 5362 animi
1662 5296 1828 5367 luctantis
1851 5325 1938 5375 cum
1963 5315 2137 5382 terroribus

1162 5405 1323 5463 aeternae
1346 5395 1472 5465 mortis
1493 5408 1528 5468 et
1548 5396 1621 5467 irae
1636 5395 1715 5470 Dei.
1769 5401 1861 5471 Item
1883 5415 2137 5489 mandatnmde
