4538 5754
185 237 263 317 aaa
431 211 642 302 sentem
666 212 744 286 eu.
769 210 888 292 uus.
912 208 981 287 su
1007 207 1137 287 ursr.
1164 199 1972 289 euor.urr111nos.seucmnr1s.
2141 214 2211 292 sss

562 386 801 459 111111113ῑῖ1οῐ
920 426 924 447 ·
1229 387 1337 458 nibus
1360 385 1579 456 differentiae
1599 399 1634 457 et
1661 385 1820 476 proprii,
1844 387 1945 458 stab
1967 387 2211 480 utroqueloeo

343 493 525 573 Abraham
542 490 676 580 accepit
691 487 766 578 agri
782 485 982 558 dominium
998 509 1064 577 pro
1081 497 1179 555 certo
1230 490 1356 560 eodem
1382 489 1490 557 modo
1515 488 1696 558 ducuntur
1720 503 1926 578 argumenta
1948 488 2163 562 affirmative
2184 504 2213 562 et
2252 525 2254 593 ἰ

397 598 515 692 precio
540 596 586 663 ab
608 589 809 683 hospitibus
828 589 1051 673 volentibus,
1078 587 1179 657 vide·
1230 591 1409 682 negative,
1433 602 1490 661 ut:

396 704 495 784 licet,
521 720 586 787 pro
602 692 780 763 coronatis
800 691 886 765 160.
1383 690 1453 761 llic
1469 691 1559 784 lapis
1575 686 1687 764 trahit
1699 693 1849 780 ferrum,

328 798 457 894 'lgitur
472 822 554 871 vere
570 797 666 868 emit.
1382 789 1572 884 Est‘igitur
1586 791 1746 884 Magnes.

293 906 401 977 Valet.
419 899 687 992 consequentia,
713 895 795 988 quia
818 894 875 965 cui
891 895 1064 966 tribuitur
1076 894 1179 963 dilie—
1330 889 1385 964 Ex
1407 890 1475 965 hoc
1497 897 1596 965 fonte
1619 898 1730 966 multa
1754 911 1961 986 argumenta
1983 897 2160 968 sumimus
2180 896 2213 967 in

191 1012 305 1088 rentia
323 1007 500 1101 specifice,
527 998 832 1080 eidemtribuitur
847 998 989 1088 species.
1230 997 1446 1087 gravissimis
1467 997 1599 1083 causis,
1623 1011 1680 1069 ut:
1708 996 1822 1068 Filius
1835 997 1902 1070 Dei
1928 1013 2023 1071 creat
2044 1002 2212 1070 mundun

591 1115 775 1206 Negative:
1233 1123 1312 1169 cum
1333 1096 1456 1180 Patre,
1483 1114 1517 1170 et
1541 1100 1591 1170 ait
1614 1122 1688 1168 sese
1715 1102 2003 1171 resuscitaturum
2025 1124 2101 1170 esse
2126 1123 2213 1170 rnor-

344 1225 459 1300 Amor
483 1233 670 1316 parentum
699 1238 779 1307 erga
801 1228 903 1286 natos
924 1230 976 1289 est
999 1210 1180 1314 στοργὴῃ
1231 1215 1330 1281 tuos,
1370 1196 1494 1275 lohan.
1517 1199 1554 1275 6.
1586 1200 1687 1273 Sicut
1719 1216 1819 1292 pater
1848 1202 2018 1273 exuscitat
2048 1215 2214 1292 mortuos,

398 1327 475 1400 Deo
491 1322 635 1394 condita
652 1332 687 1389 et
700 1320 877 1403 mandata,
1050 1330 1053 1337 ’
1236 1303 1286 1371 sie
1309 1316 1341 1372 et
1362 1300 1503 1376 Filius.¹
1547 1299 1655 1384 ltem,
1691 1300 1890 1395 Prophetae
1916 1318 1951 1374 et
1975 1304 2142 1394 Apostoli
2165 1304 2215 1372 in·

348 1429 445 1520 Ergo
461 1449 535 1496 „011
551 1437 602 1494 est
617 1422 768 1490 viciosus
785 1421 941 1493 affectus,
1236 1416 1365 1473 vocant
1394 1428 1493 1489 eum,
1526 1427 1608 1492 ergo
1628 1399 1744 1474 Filius
1766 1406 1836 1476 Dei
1867 1418 1918 1476 est
1942 1405 2169 1497 omnipotens
2187 1416 2216 1475 st

296 1535 401 1606 Valet
421 1523 691 1617 consequentia,
717 1521 1180 1617 quiaeuiadimiturdiffe.
1235 1520 1361 1575 natura
1382 1504 1491 1577 Deus.
1552 1504 1643 1577 Nam
1675 1502 1760 1575 haec
1793 1522 1877 1579 sunt
1907 1507 2052 1600 propria
2075 1521 2216 1577 naturae

194 1641 308 1718 tentia
322 1632 494 1729 specifica,
522 1628 577 1696 illi
592 1625 762 1696 adimitur
778 1624 922 1713 species.
973 1622 1063 1692 Nam
1079 1620 1181 1691 dilie-
1233 1607 1508 1699 omnipotentis,
1541 1630 1659 1680 creare
1691 1631 1733 1678 ex
1767 1604 1903 1694 nihilo,
1936 1610 2085 1678 reddere
2114 1607 2215 1678 vigam

150 1738 152 1743 ἵ
194 1745 309 1820 rentia
332 1736 490 1831 specifica
516 1731 719 1800 discernens
744 1726 895 1795 vitiosos
918 1725 1182 1798 affectusabo·
1233 1709 1402 1793 mortuis,
1440 1708 1561 1780 videre
1584 1722 1702 1779 motus
1724 1708 1885 1784 cordium
1910 1711 1948 1779 in
1973 1711 2143 1791 omnibns
2164 1709 2215 1777 in-

196 1850 273 1934 nis,
298 1857 350 1914 est
365 1862 438 1911 esse
454 1829 655 1929 prohibitos
669 1828 745 1918 lege
761 1826 839 1897 Dei.
1235 1812 1451 1881 vocantibus.
1506 1809 1611 1881 Valet
1633 1825 1756 1883 autem.
1777 1811 2043 1906 consequentia:
2071 1809 2142 1883 Cui
2157 1808 2213 1883 tri.

1236 1913 1360 1984 buitur
1382 1912 1587 2004 proprium,
1613 1914 1708 2005 quod
1734 1913 1798 1982 uui
1823 1914 1890 1983 soli
1908 1913 2078 1984 essentiae
2094 1934 2215 1983 conve·

574 2049 804 2160 proprium·
1236 2015 1310 2106 nit,
1336 2010 1420 2085 huic
1439 2014 1546 2087 etiam
1563 2014 1750 2086 essentiam
1767 2016 1878 2087 tribui
1896 2039 2034 2087 necesse
2051 2028 2115 2091 est.

296 2223 375 2299 Etsi
399 2221 554 2295 traditur
576 2218 706 2289 subtile
728 2215 920 2286 discrimen
943 2213 982 2283 in
1003 2210 1183 2285 Differen·
1823 2258 1833 2278 .

195 2337 282 2409 tiam
300 2326 550 2418 etProprium,
575 2334 693 2393 tamen
712 2342 814 2409 saepe
831 2317 1032 2408 promiscue
1051 2312 1107 2385 his
1122 2339 1184 2406 ap-
1278 2339 1281 2342 ⁴
1587 2257 1878 2369 Elym⁰l⁰g¹st·'
2089 2394 2094 2407 Ι

196 2432 453 2531 pellationibus
474 2425 631 2506 utimur,
654 2445 720 2489 nec
743 2418 951 2490 Aristoteles
971 2441 1028 2488 eas
1051 2419 1184 2487 discer-
1339 2419 1459 2492 Vicini
1473 2420 1544 2491 loci
1558 2433 1640 2492 sunt
1654 2422 1873 2507 definitioni,
1899 2443 2030 2491 nomen
2045 2421 2113 2507 rei,
2136 2415 2216 2516 Ely-

195 2540 253 2610 nit
275 2537 314 2603 in
329 2529 494 2622 Topicis,
520 2547 585 2592 nec
609 2545 672 2612 ego
693 2523 737 2590 de
759 2521 964 2591 discrimine
988 2518 1092 2588 anxie
1110 2519 1185 2588 dis-
1233 2522 1410 2612 mologia,
1443 2538 1476 2594 et
1507 2517 1725 2614 periphrasis
1753 2549 1828 2594 non
1851 2524 2020 2594 aberrans
2046 2547 2066 2592 a
2091 2546 2150 2607 re,
2179 2525 2217 2591 de

196 2638 343 2733 putabo.
392 2626 599 2700 Differentia
622 2624 794 2714 significat
819 2636 972 2715 partem,
998 2644 1087 2713 quae
1108 2644 1183 2688 rem
1237 2649 1307 2720 qua
1330 2625 1473 2716 proprie
1494 2625 1634 2700 dicim„
1662 2650 1664 2654 2
1685 2625 1779 2697 Sum
1802 2624 1912 2716 igitur
1935 2620 2043 2695 huius
2067 2625 2139 2695 loci
2159 2619 2216 2695 hae

198 2734 403 2820 constituit,
428 2746 484 2802 ut:
511 2728 684 2798 rationale
705 2725 879 2815 significat
895 2724 1054 2794 animam
1075 2723 1186 2793 ratio·
1238 2728 1393 2817 regulae:

197 2842 330 2925 nalem,
356 2859 446 2929 quae
461 2855 541 2926 pars
557 2845 608 2902 est
620 2828 837 2900 constituens
852 2822 1043 2897 hominem.
1097 2822 1185 2894 Pro·
1223 2851 1228 2861 ¹
1340 2826 1461 2898 Prima
1484 2829 1625 2920 regula,
1655 2825 1747 2904 Cum
1774 2828 1812 2898 in
1837 2829 1997 2923 qualibet
2017 2826 2126 2917 longa
2147 2848 2217 2896 ora·

197 2945 316 3039 prium
345 2963 430 3009 vero
457 2933 631 3025 significat
652 2939 907 3001 ornamentum
932 2953 993 2999 seu
1019 2926 1187 3011 olhcium,
1243 2932 1341 3001 tione
1370 2931 1522 3001 maxima
1546 2955 1628 3023 pars
1652 2931 1798 3024 proprio
1822 2952 1983 3000 sermone
2005 2942 2163 3013 constet,
2189 2935 2217 2996 et

199 3046 297 3142 quod
311 3043 471 3138 sequitur
487 3035 795 3116 constitutionem,
820 3044 855 3101 et
872 3031 1015 3123 proprie
1028 3031 1093 3101 uni
1108 3045 1186 3098 tan·
1241 3034 1290 3104 ita
1319 3033 1513 3126 loquantur
1540 3029 1703 3100 homines
1726 3031 1821 3116 sani,
1855 3032 1916 3124 qui
1941 3043 2034 3100 recte
2058 3025 2228 3123 loquendi·

199 3163 276 3222 tum
298 3144 429 3238 speciei
452 3155 487 3211 et
509 3138 677 3208 omnibus
701 3135 775 3205 eins
793 3133 991 3203 individuis
1008 3131 1188 3209 convenit,
1239 3136 1413 3205 rationem
1434 3146 1469 3202 et
1491 3132 1696 3222 intelligunt
1721 3146 1755 3203 ep
1777 3146 1914 3214 amant,
1941 3131 2153 3225 principalia
2168 3151 2217 3198 at·

197 3266 241 3322 ut
270 3245 412 3318 homini
440 3241 610 3332 competit
636 3239 802 3307 incedere
834 3248 1000 3304 erectum.
1059 3230 1124 3302 Est
1154 3243 1189 3301 et
1240 3247 1406 3326 gumenta
1437 3258 1477 3303 ex
1508 3236 1650 3324 proprie
1673 3235 1777 3306 dictis
1799 3237 1970 3318 sumenda
1992 3246 2096 3318 mm,
2129 3230 2217 3302 min

199 3349 270 3422 hoc
293 3348 491 3437 exemplum
514 3343 670 3410 illustre:
699 3337 929 3424 Magistratus
950 3333 1117 3424 politicus
1138 3346 1189 3402 est
1242 3337 1482 3426 dogmatibus,
1516 3336 1671 3425 legibus,
1704 3337 1889 3407 sententiis
1920 3336 2081 3405 iudicum
2115 3331 2217 3425 inp'ri-

200 3471 353 3545 persona
382 3449 490 3516 electa
521 3443 643 3511 diviua
666 3438 915 3520 ordinatione,
948 3449 988 3506 ut
1014 3436 1126 3523 legem
1151 3435 1188 3501 in
1242 3439 1309 3508 mis
1341 3438 1535 3507 necessaria
1558 3449 1610 3507 est
1633 3439 1831 3530 proprietas
1853 3437 2046 3516 sermonis,
2082 3452 2117 3507 et
2139 3457 2217 3527 pon·
2244 3480 2260 3513 a

202 3569 346 3625 externa
371 3545 558 3637 disciplina
581 3556 752 3633 etpacem
770 3552 929 3618 tueatur,
955 3549 990 3606 et
1006 3533 1191 3607 coherceat
1242 3544 1325 3610 dora
1355 3540 1545 3609 verborum
1572 3541 1694 3609 dextre
1724 3541 1916 3623 illustrata,
1956 3540 2112 3608 multum
2140 3520 2260 3617 lucit&¹

172 3681 244 3729 ‚ac
281 3651 406 3745 puniat
439 3662 667 3718 contumaces
695 3643 731 3711 vi
763 3639 938 3732 corporali
969 3663 1031 3708 seu
1060 3639 1189 3728 gladio.
1244 3642 1398 3712 afferunt
1435 3640 1676 3732 explicationi,
1725 3655 1765 3711 nt
1797 3638 1921 3713 lohan.
1949 3643 1980 3710 1.
2018 3638 2135 3709 Filius
2161 3622 2260 3713 1)ιὶ1

203 3754 416 3829 Differentia
437 3764 507 3834 est,
541 3772 613 3818 esse
638 3748 784 3815 electam
808 3742 930 3846 divina
954 3741 1192 3824 ordinatione,
1245 3758 1390 3814 vocatur
1411 3743 1521 3817 Deus.
1573 3736 1621 3812 Et
1643 3739 1688 3811 ne
1710 3743 1755 3813 sit
1777 3744 1986 3832 ambiguitas
2008 3743 2046 3810 in
2072 3739 2216 3814 nornine.
2243 3728 2261 3813 ’ξ

205 3874 240 3930 et
255 3858 348 3928 tueri
363 3857 475 3941 legem
493 3865 527 3921 et
544 3849 768 3940 disciplinam
786 3859 820 3916 et
835 3869 966 3936 pacem.
1019 3843 1192 3934 Sedpro·
1244 3846 1364 3928 addit,
1402 3845 1522 3914 omnia
1552 3868 1613 3935 per
1643 3842 1776 3915 Filium
1808 3846 1952 3914 condita
1979 3867 2063 3915 esse.
2134 3837 2216 3926 Ergo
2252 3824 2261 3835 .

205 3963 345 4056 Pilum,
371 3952 555 4026 whelcest
579 3965 615 4021 θῑ
640 3949 816 4041 puniret'i
836 3944 1040 4037 corporali..
1077 3942 1193 4012 Mitti·
1246 3941 1422 4017 lohannes
1444 3946 1596 4016 affirmat
1610 3943 1743 4017 Filium
1763 3970 1843 4015 vere
1859 3945 1974 4015 Deum
1995 3968 2088 4028 esse,
2114 3938 2216 4013 omni·¹
2256 4022 2261 4031 .

206 4079 277 4136 ster
298 4057 560 4146 Evangeliiest
583 4076 733 4143 persona
758 4048 866 4118 electa
889 4046 1115 4116 ordinatione
1137 4045 1192 4113 di·
1245 4050 1424 4141 potentem
1447 4061 1484 4117 et
1506 4049 1728 4118 conditorem
1750 4072 1829 4117 cum
1847 4046 1964 4122 Patre.
2017 4045 2125 4116 Valet
2144 4064 2216 4114 con·
2256 4110 2261 4127 Δ

206 4168 302 4250 vina,
331 4175 370 4234 nt
388 4152 766 4241 doceatllvangelium,
794 4163 826 4219 et
844 4148 1066 4219 administret
1079 4171 1194 4216 sacra·
1245 4148 1448 4242 sequentia,
1473 4151 1556 4242 quia
1579 4163 1726 4220 nonest
1749 4164 1910 4218 nostrum
1933 4130 2064 4237 lingere
2088 4150 2132 4217 de
2152 4142 2215 4219 Deo
2252 4196 2262 4228 ,

206 4282 326 4339 menta
350 4258 530 4334 aChristo
554 4256 732 4337 instituta,
758 4266 793 4321 et
814 4251 940 4338 puniat
961 4263 1195 4331 contumaces,
1249 4251 1435 4342 opiniones
1459 4275 1499 4320 ex
1521 4253 1652 4321 nostris
1676 4251 2011 4340 imaginationibus,
2037 4253 2099 4319 sed
2125 4251 2170 4337 ele¹
2185 4265 2216 4312 ro

208 4395 283 4442 non
305 4369 341 4437 vi
364 4362 558 4455 corporali,
584 4359 645 4427 sed
670 4356 779 4424 verbo
803 4349 870 4422 Dei
896 4366 929 4422 et
952 4351 1194 4421 excommuni·
1246 4354 1471 4434 sentiendum
1496 4355 1563 4436 est',
1590 4352 1679 4423 sicut
1696 4375 1731 4422 se
1749 4354 1927 4443 patefecit,
1954 4366 1988 4421 et
2004 4375 2121 4420 sermo
2139 4345 2217 4418 divi·

208 4473 365 4554 catione,
390 4483 425 4539 et
444 4463 590 4555 recipiat
609 4465 688 4543 eos',
714 4456 777 4549 qui
797 4478 833 4523 se
849 4455 1059 4536 emendant,
1085 4478 1124 4521 ac
1139 4478 1195 4521 re·
1240 4475 1316 4524 'nus
1345 4455 1544 4543 audiendus
1565 4467 1636 4543 est,
1670 4468 1766 4524 etex
1788 4480 1827 4524 eo
1851 4454 2023 4524 sumenda
2047 4446 2219 4527 sententia,

208 4575 414 4644 missionem
438 4580 663 4657 peccatorum
686 4560 736 4629 eis
759 4557 963 4628 annunciet.
1016 4556 1197 4625 Differen-
1249 4580 1355 4648 quam
1387 4557 1571 4648 perspicua
1602 4570 1635 4625 et
1661 4556 1865 4647 incorrupta
1888 4555 2086 4646 proprietas
2111 4549 2218 4645 gignit.
2257 4588 2262 4637 ξ

210 4679 258 4748 lia
286 4687 356 4752 0⁵¹2
391 4671 536 4741 electam
557 4689 630 4736 0⁸⁵0
651 4664 698 4732 dd
721 4659 922 4731 timendum
946 4653 1197 4744 Evangelium‚
1253 4657 1385 4728 Paulus
1409 4659 1509 4727 toties
1534 4659 1635 4728 dicit:
1662 4655 1752 4726 Fide
1775 4659 2005 4727 iustificamur
2027 4659 2137 4745 gratis
2151 4675 2220 4745 pru·
2256 4644 2262 4699 5

209 4781 255 4848 ad
287 4785 589 4844 sacramentorum
623 4760 979 4834 administrationem.
1058 4755 1197 4828 Deinde
1248 4774 1326 4852 pter
1338 4757 1472 4828 Filium
1489 4755 1569 4833 Dei.
1625 4757 1723 4849 Ergo
1748 4784 1830 4827 vere
1855 4761 1902 4829 ita
1927 4761 2222 4833 statuendumeu.

210 4877 397 4972 proprium
412 4887 480 4955 est,
505 4871 634 4962 punire
650 4891 726 4935 non
743 4865 779 4933 vi
795 4860 988 4954 corporali,
1012 4861 1074 4929 sed
1089 4861 1198 4930 verbo
1251 4860 1441 4930 certissime
1477 4861 1587 4952 recipi
1620 4876 1761 4950 agentes
1798 4860 2053 4952 poenitentiam
2092 4869 2248 4951 propter-

211 4979 280 5052 Del
297 4993 329 5049 ‘l
346 4971 721 5046 ‘¹⁶⁰mmunlfflll0ne·
1252 4963 1385 5035 Filium
1407 4963 1533 5051 gratis,
1560 4962 1695 5031 etiamsi
1718 4962 1821 5032 valde
1843 4964 2008 5053 angimur
2030 4977 2064 5033 et
2082 4956 2242 5051 trepida-'-

312 5078 410 5148 Haec
426 5074 584 5164 exempla
601 5081 802 5140 monstrant
819 5081 1001 5159 utcunque
1014 5061 1199 5157 quidDia-
1251 5088 1330 5134 ntus
1346 5078 1489 5155 propter
1504 5065 1690 5154 praeterita
1707 5066 1843 5135 delicta.
1898 5063 1950 5134 lta
1967 5089 2008 5132 ex
2023 5065 2226 5154 proprietate

213 5181 330 5255 lectici
361 5176 621 5258 differentiam,
666 5171 753 5265 quid
784 5167 971 5260 proprium
1002 5165 1198 5236 nominent.
1251 5168 1423 5236 sermonis
1439 5167 1538 5235 firma
1553 5180 1759 5255 argumenta
1775 5168 1945 5236 sumenda
1962 5181 2056 5236 sunt.

213 5284 287 5359 Nec
314 5297 431 5353 tamen
454 5300 544 5369 opus
561 5287 613 5345 est
637 5273 744 5341 nimis
767 5271 851 5340 exili
867 5269 1111 5340 distinctione:
1140 5269 1199 5337 sed
1354 5266 1516 5338 Secunda
1539 5269 1676 5356 regula,
1703 5267 1859 5357 Quando
1879 5258 1985 5337 verba
2009 5268 2163 5357 gignunt
2175 5265 2229 5336 ab·

214 5409 316 5479 saepe
348 5383 455 5455 etiam
479 5377 575 5451 docti
597 5374 797 5470 promiscue
819 5384 971 5446 utuntur
993 5370 1200 5465 appellatio·
1254 5368 1483 5455 surditatem,
1515 5370 1694 5442 intellecta
1717 5372 1795 5441 sine
1814 5371 1943 5460 ligura,
1976 5372 2231 5440 decurrendum
