4538 5754
114 204 189 280 aaa
430 273 433 290 ,
549 132 575 142 ”
642 196 644 201 ·
743 200 789 279 v.
840 195 1524 278 moramranramcncas.
2064 205 2141 290 σοι

114 397 277 461 causam,
309 396 373 446 cur
402 386 482 466 post
515 372 752 445 substantiam
773 397 857 444 mox
881 388 1106 446 recenseatur
1151 375 1229 445 vita
1246 398 1372 445 rerum
1383 372 1588 444 discrimina
1604 373 1762 447 numeris
1777 374 1868 447 effici
1882 377 2036 470 possint,
2055 375 2141 452 haec

115 477 318 571 quantitas,
349 490 469 547 tamen
493 469 562 544 hoc
586 474 779 565 cogitetur,
811 500 1001 548 numerum
1023 500 1106 545 mox
1156 477 1218 546 lux
1233 476 1411 547 mentibus
1423 475 1533 545 insita
1547 488 1610 546 est.
1647 475 1717 545 Sed
1733 477 1833 547 nulla
1848 479 2052 574 eloquentia
2068 482 2141 552 uti·

115 578 280 648 comitari
304 600 360 648 res
383 577 574 670 quaslibet:
608 572 658 647 Et
682 577 890 668 magnitudo
914 578 963 650 ita
984 573 1105 651 haeret
1156 579 1292 650 litatem
1309 600 1541 649 numerorum
1559 577 1831 667 satisexpouere
1848 595 1973 672 potest.

115 679 366 750 insubstantia
385 702 574 770 corporea,
598 692 639 748 ut
651 702 838 773 nunquam
860 702 1007 771 prorsus
1024 703 1105 749 eam

114 794 219 851 exuat
241 781 437 851 substantia
453 801 636 871 corporea.
688 774 739 849 At
758 781 892 867 multae
918 781 1106 876 qualitates
1128 804 1130 808 ⁴
1157 769 1281 852 Quare
1298 768 1419 836 &⁰¹¹⁰
1433 767 1476 831 ¹¹¹
1488 759 2142 853 ¹¹⁰⁰P¹⁶0¹l¹⁶⁰mni⁰fecem⁰lssr?

114 882 340 954 amittuntur.
392 880 605 951 Traduntur
635 893 754 950 autem
786 877 844 950 hic
875 881 1106 951 brevissimae
1229 894 1302 963 Nos
1317 895 1572 966 collocabimus
1586 897 1784 967 ordilonem
1800 898 1838 967 in
1856 901 1969 989 sonis,
1985 902 2024 972 in
2040 928 2142 996 prae.

115 983 389 1076 descriptiones,
421 1006 466 1049 ne
491 982 531 1050 in
555 976 621 1049 hac
647 980 796 1061 tabella,
830 979 870 1046 in
893 1004 963 1072 qua
986 1004 1105 1050 rerum
1156 996 1357 1065 dicamento
1382 997 1574 1089 qualitatis.
1626 996 1667 1067 ld
1691 999 1759 1070 erit
1781 1001 1890 1091 magis
1908 1005 2141 1095 perspicuum.

113 1079 586 1171 un¹Vl³¹⁸¹¹³⁵1¹¹⁰l¹⁰¹¹¹¹¹¹¹2
618 1088 691 1144 ¹²¹¹¹
721 1075 876 1164 ¹⁰⁸¹8¹¹¹¹
900 1080 1106 1195 ³⁰⁰¹d0¹¹¹¹³s
1156 1097 1226 1169 Sed
1244 1098 1489 1168 adnumerum
1504 1098 1586 1169 ideo
1603 1099 1789 1172 collocavit
1803 1103 1994 1197 antiquitas
2010 1107 2143 1176 oratio·
2179 1166 2184 1177 ,

113 1182 323 1272 magnitudo
339 1194 374 1251 et
391 1197 560 1248 numerus
575 1189 855 1268 praetereantur.
894 1176 965 1248 Sed
983 1203 1105 1269 copro-

114 1285 188 1352 sior
205 1286 249 1353 de
267 1283 316 1351 eis
331 1282 514 1351 doctrinae
528 1279 567 1347 in
586 1273 822 1348 Arithmetica
846 1291 880 1347 et
899 1276 1105 1348 Geometria

114 1386 280 1455 traditur.
322 1382 619 1454 Nomenclaturas
636 1379 746 1468 igitur
763 1402 955 1471 paucarum
973 1380 1107 1471 specie-

114 1511 195 1555 rum
212 1485 368 1556 breviter
384 1483 622 1556 recitabimus.

238 1659 344 1740 Quae
362 1664 421 1725 est
436 1659 565 1746 prima
585 1651 720 1724 dianio
733 1655 966 1769 quantitatis
973 1646 1006 1721 rt

217 1784 302 1857 Alia
332 1800 383 1857 est
412 1785 592 1878 quantitas
619 1783 810 1869 continua,
846 1784 913 1853 alia
945 1785 1105 1853 discreta.

116 1888 298 1960 Continuo
311 1903 361 1958 εει
376 1886 584 1976 magnitudo
601 1908 812 1975 carporum,
837 1884 1004 1956 videlicet
1026 1887 1107 1954 lon-

117 1992 260 2080 gitudo,
287 1990 440 2059 latitudo
456 2001 490 2057 ει
503 1987 743 2079 profunditas.
794 1983 954 2057 Discreta
970 2001 1022 2058 est
1037 2010 1107 2055 nu-

119 2115 257 2175 merus,
283 2092 368 2160 item
388 2089 514 2174 oratio,
541 2111 646 2180 quam
663 2111 726 2157 cur
745 2083 803 2158 hic
817 2103 971 2160 vetustas
985 2111 1107 2158 recen-

118 2206 209 2277 seat,
235 2205 355 2283 postea
374 2190 529 2261 breviter
545 2190 671 2257 dicam.

175 2382 273 2464 Quot
295 2383 386 2449 sant
408 2379 557 2468 specim
578 2379 806 2469 quantitatis
829 2373 1058 2473 continuasset

221 2512 330 2582 Tres:
356 2510 492 2594 Linea,
517 2508 729 2601 Superficies
745 2522 778 2579 et
794 2508 945 2603 Corpus.

220 2631 333 2701 Linea
352 2643 403 2698 est
411 2627 598 2717 longitudo
613 2627 690 2696 sine
705 2627 895 2698 latitudine
909 2642 944 2699 et
957 2627 1108 2720 prolun-

118 2737 248 2818 ditate,
283 2730 384 2801 cuius
406 2743 559 2799 extrema
583 2742 667 2798 sunt
688 2730 760 2799 duo
780 2746 926 2822 puncta.
984 2729 1108 2801 Sciant

118 2850 236 2907 autem
253 2833 433 2913 iuniores,
458 2854 533 2900 noo
552 2830 624 2898 dici
639 2825 698 2899 hic
723 2833 767 2901 de
787 2832 883 2901 linea
905 2833 1018 2924 picta,
1045 2831 1104 2899 sed

117 2950 237 3007 mente
254 2935 441 3024 cogitanda
457 2943 508 3000 est
522 2931 595 3000 sola
614 2931 802 3021 longitudo
816 2935 1107 3005 abstractaacor-

118 3039 288 3132 poribus,
314 3047 355 3105 ut
371 3029 647 3104 Mathematicus
671 3034 872 3104 considerat
893 3034 1106 3128 quantitates

119 3142 194 3210 sine
209 3138 371 3206 materia.
406 3132 617 3226 Superficies
634 3146 684 3202 est
700 3134 887 3224 longitudo
904 3151 939 3207 et
953 3135 1105 3205 latitudo

119 3242 202 3312 sine*
210 3238 472 3331 profunditate,
497 3235 580 3325 abac
599 3233 685 3308 tide.
726 3234 865 3329 Corpus
881 3251 932 3308 est
948 3237 1105 3326 longitu-

119 3347 182 3427 do,
208 3341 360 3410 latitudo
376 3352 409 3406 et
432 3336 665 3429 profunditas.
717 3335 840 3409 Sciant
861 3353 895 3410 et
918 3335 1106 3424 hocloco,

120 3446 261 3535 Corpus
286 3439 544 3511 insubstantia
576 3439 673 3508 aliud
700 3438 914 3529 significare,
944 3442 1042 3513 aliud
1065 3442 1104 3509 in

1156 1222 1258 1284 nem,
1284 1200 1369 1293 quia'
1385 1199 1424 1269 in
1448 1223 1487 1269 ea
1512 1215 1596 1272 sunt
1615 1201 1756 1273 diversa
1779 1203 1967 1276 intervalla
1989 1208 2141 1302 syllaba·

1154 1322 1236 1369 rum
1261 1314 1296 1371 et
1322 1301 1542 1387 dictionum,
1568 1315 1607 1374 ut
1632 1304 1672 1373 in
1696 1306 1873 1391 numeris,
1902 1320 1936 1378 ει
1957 1331 2143 1380 mensurae

1157 1403 1335 1486 diversae,
1359 1402 1448 1471 aliae
1461 1403 1618 1497 syllabae
1632 1405 1759 1495 longae
1775 1421 1878 1492 sunt,
1901 1409 1993 1478 aliae
2010 1412 2143 1481 breves.

1156 1501 1226 1571 Sed
1242 1496 1327 1573 huic
1346 1502 1466 1573 inutili
1487 1507 1816 1577 commemorationi
1839 1509 1924 1580 nolo
1949 1510 2144 1587 immorari.

1155 1600 1280 1674 Restat
1315 1605 1434 1674 brevis
1469 1609 1761 1680 commonefaotio
1789 1612 1834 1679 de
1867 1613 2144 1703 proprietatibus

1156 1706 1375 1796 quantitatis.
2257 1709 2259 1717 ⁴

1279 1880 1375 1963 Quos
1387 1888 1480 1951 sunt
1491 1864 1750 1973 proprietates
1765 1886 2022 1976 quantitatis?

1259 2007 1360 2100 Tres.
1410 2009 1548 2080 Prima:
1582 2011 1832 2101 Quantitatnm
1862 2041 1926 2108 per
1947 2040 2022 2087 sese
2043 2019 2144 2089 nulla

1157 2124 1209 2181 est
1226 2110 1398 2197 efficacia,
1419 2134 1481 2181 seu
1502 2113 1653 2185 effectio.
1704 2112 1802 2185 Haec
1824 2118 2021 2190 admonitio
2045 2120 2144 2191 utilis

1157 2226 1219 2284 εει.
1276 2211 1425 2284 Reiutat
1456 2213 1551 2283 enim
1580 2216 1868 2310 superstitionem
1898 2243 2041 2301 eorum,
2079 2222 2145 2315 qui

1156 2315 1293 2384 morbis
1308 2313 1443 2386 mederi
1456 2329 1632 2385 conantur
1647 2317 1768 2405 figuris
1783 2319 1886 2390 certis
1899 2321 1943 2389 de
1958 2322 2050 2393 collo
2065 2345 2144 2393 sus·

1158 2415 1288 2510 pensis.
1338 2415 1433 2487 Sunt
1452 2416 1547 2485 enim
1573 2417 1706 2507 figurae
1726 2421 1823 2489 modi
1839 2423 2063 2514 quidamseu
2078 2432 2144 2516 po'·

1157 2520 1245 2590 situs
1262 2518 1489 2611 quantitatis,
1514 2530 1556 2588 ut
1578 2518 1672 2588 inira
1694 2519 1861 2595 dicemus.
1912 2520 2004 2594 Cum
2025 2539 2144 2596 autem

1157 2621 1258 2691 nulla
1280 2620 1327 2689 sit
1348 2619 1500 2690 efficacia
1524 2621 1762 2712 quantitatum
1781 2637 1817 2694 et
1833 2623 2042 2713 figurarum,
2067 2650 2145 2699 ma-

1157 2723 1283 2792 nifesta
1298 2733 1349 2790 est
1364 2721 1517 2791 amentia
1533 2723 1709 2793 utentium
1723 2724 1795 2794 illis
1811 2727 2065 2817 superstitiosis
2082 2751 2144 2799 seu

1156 2824 1302 2913 magicis
1316 2823 1456 2896 ritibus.
1491 2822 1541 2895 Ut
1555 2837 1673 2894 autem
1690 2824 1828 2896 effectio
1844 2828 1942 2896 nulla
1957 2842 2010 2899 est
2028 2853 2144 2922 quan·
2172 2897 2174 2902 .

1157 2928 1317 3009 titatum,
1345 2924 1394 2994 ita
1416 2947 1482 2992 nec
1506 2923 1665 2994 diversae
1685 2927 1818 3015 species
1843 2929 2054 3020 quantitatis
2085 2932 2143 3001 di·

1156 3041 1287 3100 cuntur
1302 3026 1512 3099 contrariae.

1257 3143 1420 3215 Secunda
1444 3142 1655 3234 proprietas:
1699 3142 1969 3232 Quantitatibus
1998 3150 2143 3241 proprie

1155 3245 1376 3317 conveniunt
1397 3244 1604 3330 relationes,
1630 3245 1777 3341 aequale
1792 3259 1830 3317 et
1847 3246 2052 3342 inaequale,
2076 3274 2143 3343 par

1155 3365 1189 3422 et
1209 3349 1341 3439 impar,
1367 3360 1430 3416 etc.
1870 3369 1872 3373 ’

1257 3465 1380 3535 Tertia
1397 3466 1611 3557 proprietas:
1639 3463 1864 3555 Quantitates
1877 3492 1953 3540 non
1964 3468 2143 3564 recipiunt

121 3544 330 3637 quantitate.
380 3539 519 3631 Carpus
539 3540 577 3607 in
600 3541 795 3610 substantia
819 3541 994 3633 significat
1016 3566 1105 3628 rem,
1155 3569 1266 3657 magis
1283 3581 1318 3638 eg
1333 3567 1468 3652 mium,
1493 3569 1555 3637 ,ed
1572 3567 1687 3638 magus
1703 3582 1738 3639 et
1752 3567 1882 3642 minus·

120 3670 207 3739 quae
223 3640 330 3713 habet
353 3642 555 3725 materiam,
580 3641 797 3722 utentium,
824 3644 1017 3728 elementa,
1043 3657 1105 3714 aut

120 3747 227 3816 mixta
259 3769 300 3813 ex
334 3743 527 3813 elementis.
585 3741 655 3813 Sed
686 3743 725 3811 in
756 3745 951 3836 quantitate
975 3767 1104 3836 corpus

121 3848 297 3936 significat·
316 3845 599 3935 magnitudinem
623 3844 836 3932 cogitatione
857 3847 1059 3916 distinctam
1083 3871 1102 3915 a

120 3948 278 4020 materia.
1070 3961 1073 3971 “

1486 3801 1556 3885 De
1585 3801 1810 3904 Qualitate.

1441 3980 1542 4067 Qatd
1571 3991 1631 4054 est
1653 3985 1852 4069 Qualitas?

410 4079 510 4165 Quid
525 4086 585 4150 ¹³⁸¹
599 4080 809 4152 Nummi
1259 4117 1423 4206 Qualitas
1437 4129 1488 4186 est
1501 4117 1635 4203 iorma,
1659 4141 1848 4213 per-quam
1872 4121 2067 4192 substantia
2089 4138 2140 4195 cst

219 4223 401 4293 Numerus
415 4234 469 4290 est
484 4219 678 4290 multitudo
695 4242 736 4287 ex
759 4221 925 4294 unitatib.
948 4223 1105 4309 collecta,
1157 4217 1297 4303 efficax,
1323 4242 1405 4303 seu,
1433 4243 1523 4312 quae
1541 4233 1659 4292 movet
1671 4244 1805 4291 sensus.
1858 4220 1913 4292 Aa
1935 4224 2017 4291 vide
2038 4225 2139 4294 ordi-

121 4343 173 4398 ut:
204 4327 301 4412 duo,
324 4323 411 4407 tria,
435 4336 600 4417 quatuor.
650 4318 849 4392 Consilium
872 4335 992 4392 autem
1009 4326 1102 4394 anti·
1154 4345 1237 4390 nem
1267 4320 1307 4388 in
1335 4315 1404 4388 hac
1430 4320 1604 4396 doctrina.
1663 4319 1811 4391 Initium
1847 4336 1898 4392 est
1933 4324 2141 4398 substantia.

119 4427 264 4521 quitatis
278 4425 468 4512 diligenter
490 4417 787 4500 cbnsiderandurn
812 4437 880 4508 est,
904 4428 1001 4517 quod
1025 4441 1102 4516 post
1152 4420 1251 4492 Haec
1265 4435 1385 4511 postea
1404 4446 1554 4492 numero
1577 4423 1810 4504 discernitur,
1836 4434 1870 4492 et
1892 4425 2042 4497 vestitur
2062 4452 2138 4498 ma-

119 4527 350 4599 substantiam
370 4526 489 4595 statim
514 4523 731 4593 montionem
753 4525 837 4594 fecit
858 4550 1103 4612 numerorum,
1154 4524 1354 4634 gnitrgline.
1408 4521 1532 4603 Nunc,
1565 4548 1645 4593 cum
1672 4525 1716 4592 de
1742 4523 1973 4614 qualitatibus
1996 4529 2138 4616 dicitur,

120 4631 202 4723 quia
229 4652 286 4697 res
308 4628 463 4717 primum
486 4625 721 4693 discernimus
741 4649 782 4694 ac
803 4628 1011 4697 ordinamus
1035 4653 1103 4698 nn·
1154 4647 1251 4724 arma
1266 4625 1298 4694 ei
1319 4625 1581 4697 attribuunturs
1606 4647 1689 4693 nam
1717 4626 1932 4698 substantiae
1952 4652 2028 4699 nan
2054 4645 2138 4704 sunt

119 4732 239 4803 meris.
271 4726 323 4798 Ac
341 4728 656 4797 nisinumerorum
681 4727 812 4797 noticia
837 4730 1014 4799 mentibus
1036 4726 1104 4798 hu·
1155 4728 1304 4799 ociosae.
1361 4727 1469 4798 Nunc
1501 4726 1610 4815 igitur
1637 4742 1867 4799 recensentur
1889 4729 2137 4820 instrumenta,

119 4833 236 4902 manis
249 4830 355 4900 insita
370 4842 475 4914 esset,
501 4824 692 4897 horribiles
711 4829 877 4898 tenebrae
891 4844 1018 4905 essent.
1054 4830 1104 4903 Ut
1154 4855 1219 4922 per
1232 4853 1322 4923 quae
1338 4842 1423 4899 sunt
1438 4829 1611 4907 efficaces,
1638 4841 1757 4920 pastea
1774 4831 1818 4900 de
1833 4830 1919 4923 ipsis
1936 4833 2136 4905 actionibus

119 4948 238 5003 autem
255 4929 351 5001 Deus
366 4955 386 5000 a
402 4929 571 4999 creaturis
586 4927 739 4997 discerni
754 4931 874 5020 possit,
899 4942 938 5000 ut
953 4931 1104 5003 sciamus
1154 4933 1296 5002 dicitur.
1310 4926 1364 5001 Ac
1371 4936 1527 5021 profecto
1538 4927 1772 5002 admiratione
1781 4932 1888 5022 digna
1898 4946 1949 5003 est
1961 4936 2135 5025 sapientia

119 5059 138 5104 a
163 5032 243 5103 Deo
265 5032 408 5101 initium
429 5055 504 5100 esse
523 5043 739 5100 caeterarum
763 5055 901 5116 rerum,
933 5032 1038 5113 item,
1064 5048 1105 5105 ut
1153 5047 1326 5118 veterum,
1342 5031 1404 5124 qui
1421 5030 1530 5101 resin
1545 5043 1670 5101 natura
1686 5033 1908 5126 praecipuas,
1934 5038 2035 5128 quasi
2051 5063 2135 5107 evo-

119 5136 304 5205 audientes
318 5157 431 5202 unum
443 5156 516 5202 esse
531 5145 711 5201 aeternum
728 5129 865 5202 Patrem
875 5131 1023 5204 Domini
1036 5160 1104 5205 no-
1154 5137 1264 5216 lutas‚
1290 5148 1325 5205 et
1340 5135 1379 5202 in
1395 5127 1461 5201 hac
1476 5132 1624 5217 tabella,
1648 5148 1817 5228 tanquam
1840 5137 1879 5206 in
1904 5136 2036 5208 illustri
2055 5139 2134 5210 loco

120 5238 183 5307 stri
199 5235 281 5306 lesu
294 5228 440 5319 Christi,
463 5235 687 5321 seiungamus
701 5258 767 5304 nos
780 5237 825 5306 ab
840 5231 1016 5321 Ethnicis,
1042 5239 1104 5332 qui
1154 5237 1297 5330 positas,
1310 5236 1516 5328 spectandas
1529 5251 1803 5326 proposuerunt.
1828 5235 1960 5311 Fontes
1972 5241 2133 5311 omniurn

118 5340 260 5430 fingunt
278 5333 375 5407 Deos
399 5334 698 5424 innumerabiles,
731 5337 885 5430 denique
907 5352 947 5409 ut
970 5337 1009 5407 in
1031 5351 1105 5410 tota
1154 5338 1334 5411 actionum
1348 5337 1387 5408 in
1402 5333 1629 5420 hominibus,
1648 5352 1690 5409 ut
1707 5341 1752 5408 de
1775 5340 1919 5412 caeteris
1938 5340 2133 5413 animanti·

1453 5430 1533 5509 st·
