4538 5754
5 3158 10 3170 ’
128 3160 251 3238 haeret
268 3181 302 3238 et
317 3169 455 3262 reliqua
473 3192 562 3258 pars.
609 3163 701 3237 Nam
718 3170 911 3258 gratiarum
927 3169 1019 3238 actio
1035 3191 1111 3239 am-

135 197 234 274 1899
297 206 303 214 ’
728 189 854 274 enm
879 121 998 272 Mus.
1023 188 1231 271 SCRIPTA
1254 188 1555 273 Externos
2066 200 2145 279 stuc

134 390 253 438 coram
275 362 451 453 Domino,
478 366 516 436 id
538 378 609 452 est,
629 365 753 436 'venire
773 367 818 436 ad
840 367 1014 458 templum
1037 364 1117 450 Dei,
1166 362 1255 455 agit,
1281 363 1445 434 videlicet
1460 365 1504 433 de
1518 363 1666 434 victoria
1682 377 1716 436 et
1730 364 1973 451 liberatione,
1997 371 2090 462 qnod
2108 374 2145 442 sit
2177 455 2179 467 Ι

134 493 204 561 qua
219 468 327 558 figura
344 468 590 560 complectitur
605 480 719 538 totum
734 469 869 538 cultum
885 464 971 548 Dei,
997 468 1117 538 omnia
1167 466 1352 536 exauditus
1370 489 1392 534 a
1415 464 1512 550 Deo,
1542 481 1578 537 et
1599 467 1770 537 liberatus
1791 491 1837 536 ex
1863 467 1943 538 illis
1968 474 2144 544 terroribus
2177 486 2179 522 l

133 571 250 641 officia
274 571 548 660 veraepietatis,
574 571 704 661 quibus
726 570 942 659 glorificatur
967 583 1002 640 et
1026 570 1117 640 cele-
1165 591 1229 660 per
1248 566 1540 640 misericordiam.
1590 563 1726 661 Estque
1751 568 2035 659 intelligendum
2056 598 2144 646 voca-

133 669 381 745 braturDeus.
431 670 583 761 Propter
598 667 690 741 hauc
705 672 847 741 finalem
867 695 1006 741 cauum
1022 671 1117 742 Deus
1167 669 1292 739 bulum
1314 670 1359 737 de
1382 668 1473 752 fide,
1500 665 1933 762 quaestatuitsehabere
1952 671 2065 744 Deum
2079 677 2142 767 pls-

133 772 253 842 omnia
273 772 443 843 miracula
469 773 560 854 edit,
585 774 738 864 gloriose
753 773 881 843 liberat
895 786 1051 857 sanctos,
1077 784 1117 842 ut
1164 783 1243 840 catu
1258 791 1321 839 scu
1337 770 1575 841 remittentem
1591 783 1749 862 peccata,
1771 793 1810 841 se
1828 773 2000 843 exaudiri
2016 799 2076 866 per
2088 778 2143 847 rui·

133 886 316 944 conservet
338 869 554 960 Ecclesiam,
578 888 619 945 ut
641 898 724 945 vera
745 875 906 946 doctrina
932 873 1117 965 propagari
1164 872 1392 941 sericordiam
1408 870 1544 963 grats's.
1590 869 1664 943 Nec
1678 872 2057 963 patitursedeterreri
2071 903 2142 951 oon-

133 989 168 1045 et
191 976 261 1046 late
284 976 402 1066 spargi
424 976 553 1068 possit,
576 988 618 1046 ut
637 977 741 1047 multi
764 976 962 1047 invitentur
978 977 1023 1045 ad
1041 978 1116 1068 pie-
1163 987 1284 1064 spectu
1299 973 1463 1064 propriae
1478 973 1718 1063 indignitatis,
1743 976 2142 1072 sedmagnitudiuipee·

132 1089 250 1150 tatem.
303 1075 387 1147 Ideo
408 1078 610 1168 saepissime
632 1079 806 1170 repetitur
835 1072 921 1147 haec
950 1101 1053 1148 causa
1076 1078 1115 1147 in
1162 1088 1319 1145 catorum
1342 1074 1511 1164 opponit,
1538 1087 1572 1144 et
1592 1075 1742 1146 antefert
1759 1075 2049 1147 misericordiam
2072 1106 2141 1172 pro-

133 1178 336 1268 scripturis‚
361 1191 417 1248 ut:
445 1175 575 1249 lnvoca
590 1203 647 1248 me
663 1181 777 1250 indie
792 1179 1054 1260 tribulationis,
1080 1194 1115 1251 et
1162 1175 1303 1244 missam
1327 1190 1473 1265 pmpter
1494 1175 1627 1247 Filium
1649 1173 1718 1246 Dei
1747 1179 1998 1248 redemtorem
2022 1184 2142 1268 generis

133 1279 281 1370 eripiam
297 1294 350 1365 te,
377 1295 412 1351 et
425 1280 636 1370 glorificabis
651 1305 719 1350 me.
771 1279 995 1356 psalmat:
1024 1280 1115 1352 Nar·
1162 1272 1321 1346 humani.
1372 1273 1470 1346 Haec
1503 1277 1588 1345 fides
1618 1277 1730 1346 vincit
1750 1292 1924 1357 ,terrores
1956 1285 2086 1370 pcccati
2114 1298 2142 1355 et

132 1381 220 1451 rabo
245 1404 380 1451 nomen
403 1395 503 1452 tuum
524 1383 693 1454 fratribus
714 1383 824 1467 meis,
847 1383 886 1451 in
908 1383 1026 1452 medio
1045 1380 1115 1453 Ec-
1162 1378 1305 1458 mortis,
1330 1392 1364 1447 et
1380 1377 1484 1468 erigit
1500 1401 1595 1467 sese,
1622 1393 1661 1448 ut
1676 1377 1769 1448 ausit
1780 1383 1956 1450 accedere
1975 1385 2021 1451 ad
2037 1382 2137 1455 Detur

132 1481 258 1552 clesiae
274 1483 430 1553 laudabo
445 1496 490 1553 te.
543 1483 648 1555 ltem:
672 1482 755 1554 Non
770 1485 903 1555 mortui
919 1485 1115 1555 laudabunt
1161 1492 1196 1548 el
1212 1479 1395 1559 invocare,
1421 1495 1455 1549 et
1477 1494 1572 1550 cerlo
1596 1493 1752 1573 expectat
1772 1481 1955 1559 auxilium
1977 1496 2012 1553 et
2028 1486 2140 1557 libera·

132 1596 166 1653 te
181 1581 346 1655 Domine·
397 1583 457 1656 Sic
476 1596 510 1653 et
532 1580 600 1655 hoc
616 1585 694 1656 loco
708 1585 842 1679 inquit:
870 1583 965 1673 Quia
980 1585 1115 1677 eripni·
1161 1581 1312 1666 tionem,
1335 1603 1445 1673 quare
1461 1605 1543 1650 mox
1557 1581 1657 1650 addit
1670 1582 1715 1649 de
1730 1579 1979 1652 invocatione.

132 1685 177 1754 sti
194 1708 290 1754 mea
316 1699 444 1771 morte,
467 1688 659 1758 ambulabo
679 1710 798 1757 coram
810 1684 988 1771 Domino,
1013 1711 1115 1778 prae·
1264 1675 1397 1750 ltahoc
1420 1705 1493 1751 uno
1507 1681 1634 1765 verbm
1659 1678 1793 1766 (Ῑῑθᾶθ,
1820 1684 2076 1774 fflmplfltlflur
2096 1699 2140 1756 l0·

132 1785 233 1856 stabo
254 1787 320 1856 tibi
335 1811 437 1858 veros
454 1788 589 1874 cultus,
614 1789 789 1860 invocabo
812 1800 865 1872 te,
891 1790 1114 1880 praedicabo,
1161 1797 1234 1853 tarn
1262 1782 1462 1852 doctrinam
1487 1785 1532 1853 de
1556 1783 1694 1854 iusticia
1725 1783 1827 1873 fidei,
1863 1810 1978 1878 quam
2009 1790 2140 1879 proprie

131 1909 232 1976 agam
255 1888 321 1957 tibi
340 1888 487 1977 gratias,
514 1890 698 1977 obediam,
722 1888 891 1961 omuibus
912 1890 1038 1960 officiis
1058 1891 1115 1961 in·
1162 1886 1264 1954 docet
1280 1881 1532 1973 Evangelium,
1557 1897 1593 1954 et
1608 1885 1781 1969 ostendit,
1799 1909 1893 1979 quae
1916 1910 1976 1957 res
1990 1890 2036 1959 sit
2055 1889 2140 1974 fides,

131 1989 252 2058 vitabo
283 1989 390 2075 alios,
424 2003 465 2060 ut
495 1993 540 2060 de
566 2003 779 2082 agnoscant,
813 2004 849 2061 et
870 2004 964 2062 recte
987 1994 1115 2065 colant.
1162 1987 1206 2055 de
1229 2008 1299 2079 quo
1321 2007 1463 2055 necesse
1489 1987 1601 2056 estin
1624 1981 1782 2074 Ecclesia
1802 2001 1902 2057 certo
1925 2003 1963 2059 et
1984 1988 2141 2082 explicate

130 2085 234 2158 Hanc
248 2090 358 2180 ipsam
380 2092 590 2163 seutentiam
605 2093 792 2187 aliquoties
807 2093 963 2164 inculcat
985 2093 1024 2162 in
1047 2094 1116 2163 fine
1162 2089 1255 2157 tradi
1291 2086 1489 2156 doctrinam
1523 2087 1801 2157 consentientem
1841 2112 1927 2158 curu
1967 2093 2140 2182 scriptura.

129 2184 237 2261 huius
251 2189 395 2264 Psalmi.
1041 2189 1049 2206 “
1162 2186 1323 2258 Primum
1346 2212 1386 2257 ac
1407 2189 1634 2281 praecipuum
1654 2201 1833 2258 certamen
1854 2204 1910 2261 est
1928 2215 2013 2264 cum
2027 2194 2140 2263 adver·

1162 2290 1276 2370 uariis,
1303 2289 1391 2381 quid
1406 2290 1577 2379 significet
1592 2289 1802 2359 vocabulum
1819 2289 1919 2362 fidei.
1973 2291 2066 2364 Nam
2082 2289 2141 2365 hoc

180 2380 319 2474 Credo,
343 2396 492 2487 propter
514 2396 614 2489 quod
636 2389 788 2492 loquor,
815 2414 881 2488 ego
895 2395 1017 2459 autem
1044 2382 1117 2458 ltu·
1162 2390 1373 2477 constituto,
1406 2404 1526 2483 postea
1550 2394 1595 2461 de
1615 2390 1776 2461 doctrina
1798 2392 1944 2463 facilius
1967 2397 2139 2465 conveniri

230 2487 400 2562 miliatus
415 2515 498 2562 sum
515 2487 634 2567 valde.
1161 2505 1287 2593 potest.
1339 2491 1474 2562 Verum
1496 2493 1582 2563 alibi
1605 2488 1691 2563 haec
1714 2505 1787 2564 tota
1799 2496 1969 2565 doctrina
1988 2499 2036 2567 de
2049 2499 2139 2569 iusti·

1161 2595 1325 2665 ficatione
1340 2593 1475 2684 integre
1489 2596 1618 2665 tradita
1636 2607 1704 2677 est,
1731 2607 1765 2663 et
1787 2594 1936 2666 collecta
1952 2611 2038 2668 sunt
2052 2600 2138 2670 testi·

180 2759 190 2777 ,
231 2656 408 2780 ,suferi⁰f‚
427 2683 508 2751 Pars
532 2659 666 2730 Pfflmi
685 2661 890 2780 defflilffitt
915 2672 1113 2779 ‘imum
1162 2697 1302 2780 monia,
1327 2697 1370 2764 de
1387 2696 1642 2785 significatione
1663 2695 1847 2781 vocabuli,
1872 2702 1975 2791 quod
2001 2698 2086 2771 fides
2105 2702 2137 2769 in

132 2783 243 2830 anrmr
259 2761 427 2832 luctantis
449 2765 618 2832 adversus
635 2775 784 2832 terrores
798 2787 872 2832 trae
888 2759 954 2832 Der
970 2776 1003 2831 ct
1018 2787 1115 2831 mor·
1160 2796 1273 2867 paulo

130 2862 175 2933 tis
191 2874 372 2943 aeternae,
399 2877 434 2933 et
449 2863 633 2933 victoriam
655 2887 717 2933 seu
741 2864 1007 2948 liberationem,
1034 2887 1113 2933 cum

129 2962 216 3032 fides
238 2964 376 3054 erigens
395 2987 469 3034 sese
492 2967 621 3050 verbo,
646 2978 682 3036 et
701 2960 972 3057 apprehendens
987 2988 1113 3035 conso-

128 3065 296 3135 lationem
312 3068 457 3157 emergit
480 3090 521 3135 ex
538 3066 611 3136 illis
627 3066 805 3140 fluctibus.
855 3066 946 3137 Cum
973 3060 1030 3136 his
1053 3092 1114 3137 co-

1301 2797 1491 2891 etreliqua
1515 2801 1687 2890 scriptura
1712 2797 1884 2887 significet
1909 2823 1989 2870 non
2012 2816 2136 2873 tautum

1160 2900 1328 2969 noticiam
1353 2894 1539 2979 historiae,
1571 2923 1632 2970 seu
1664 2899 1922 2990 professionem
1953 2902 2135 2992 religionis,

1158 3003 1219 3070 sed
1238 3000 1380 3091 proprie
1404 3014 1438 3070 et
1454 3001 1640 3092 praecipue
1660 3000 1831 3089 significet
1846 3001 2022 3073 fiduciam
2043 3006 2136 3075 mise-

1158 3103 1354 3187 ricordiae,
1380 3097 1532 3188 hocest,
1559 3103 1743 3187 fiduciam,
1769 3126 1860 3195 quae
1874 3106 2024 3188 statuit,
2051 3108 2133 3200 quod

1156 3228 1230 3273 non
1263 3218 1408 3295 propter
1438 3217 1595 3274 nostram
1628 3203 1836 3292 dignitatem
1845 3257 1856 3289 ,
1899 3209 1965 3276 sed
2003 3224 2134 3299 propter

1155 3300 1336 3375 Christum
1367 3305 1492 3398 gratis
1522 3329 1782 3399 consequamur
1813 3308 2133 3381 reconciliationem

1155 3429 1217 3476 seu
1238 3408 1482 3476 remissionem
1506 3422 1742 3498 peccatorum,
1770 3421 1805 3477 et
1816 3407 1929 3476 vitam
1951 3426 2135 3482 aeternam.

126 3266 280 3362 pliticata
302 3283 355 3340 est
376 3269 612 3360 descriptione
635 3270 844 3357 effectuum,
870 3270 933 3364 qui
955 3292 1111 3363 sequun-

127 3385 187 3441 tur
219 3371 422 3456 victoriam,
453 3366 521 3441 hoc
550 3385 620 3455 est,
653 3395 818 3440 verorum
854 3373 1032 3456 cultuum,
1067 3374 1110 3441 de

127 3472 256 3563 quum
276 3474 393 3542 dicere
413 3474 528 3591 ⁶⁰‘Piff
555 3473 593 3540 in
609 3496 713 3589 ΨΜ]
731 3476 969 3562 mecedem·
1020 3469 1109 3541 Am·
1156 3506 1228 3578 Nec
1246 3533 1334 3599 opus
1356 3524 1408 3578 est
1431 3504 1488 3578 hic
1512 3510 1646 3599 integre
1668 3521 1824 3600 repetere
1840 3513 2030 3582 materiam
2044 3514 2135 3584 toties

125 3573 259 3642 bulabo
280 3598 397 3643 coram
419 3572 597 3654 Domino,
619 3577 656 3642 1d
679 3587 750 3657 est,
778 3577 960 3665 praestabo
982 3573 1108 3659 cultus,
1154 3611 1331 3700 agitatam·
1448 3641 1450 3644 Α
1784 3614 1786 3618 -

35 3696 37 3700 .
125 3672 613 3766 quib¹¹⁸D⁸¹¹⁸3¹⁰¹ffi⁰³¹m⁶
666 3671 946 3747 H⁰⁸⁶¹¹¹¹¹¹⁸hi⁰
968 3675 1006 3744 in
1028 3700 1107 3764 ὄρθ’
1252 3710 1322 3782 Sed
1341 3711 1412 3779 illis
1432 3710 1644 3781 testimoniis
1660 3712 1831 3781 addamus
1855 3724 1892 3782 et
1915 3709 1985 3784 hoc
2010 3717 2135 3787 dictum

125 3774 177 3843 cie
193 3788 394 3857 enumerat,
420 3789 453 3845 et
470 3789 510 3845 ut
526 3777 659 3867 coepit,
684 3777 723 3845 in
748 3801 811 3847 suo
838 3778 996 3869 exemplo
1020 3801 1108 3867 pro·
1153 3811 1304 3882 psalmi:

123 3875 227 3967 ponit
249 3876 448 3945 doctrinam
471 3878 516 3945 de
537 3878 658 3947 multis
682 3880 799 3950 rebus.
849 3877 1024 3950 Recenset
1047 3903 1106 3947 or-

121 3977 207 4047 dine
231 3977 293 4069 qui
317 3977 388 4048 sint
409 3976 484 4045 veri
516 3978 648 4062 cultus,
680 3979 845 4047 videlicet
871 3981 977 4059 fides,
1002 3979 1105 4049 invo-

121 4080 231 4161 catio,
257 4078 449 4163 confessio,
464 4077 692 4172 afflictiones,
707 4080 900 4168 gratiarum
916 4081 1018 4164 actio,
1041 4097 1105 4155 etc.

122 4177 177 4249 lta
207 4175 293 4250 haec
324 4204 405 4272 pars
424 4179 583 4251 continet
611 4180 768 4270 insignes
797 4180 892 4250 locos
920 4182 1104 4252 doctrinae
1151 4218 1379 4289 wordiam
1401 4219 1618 4309 propositam
1640 4219 1679 4286 i„
1700 4218 2012 4308 promissionibus,
2072 4222 2133 4296 Ag.

121 4275 330 4372 Evangelii,
362 4284 406 4351 de
427 4282 496 4351 fide
526 4295 561 4352 ⁰²
587 4281 631 4351 ‘¹⁰
663 4282 844 4354 effectibm
867 4283 961 4354 fidff·
1015 4282 1103 4356 1¹⁰⁰
1152 4340 1220 4413 que
1240 4316 1309 4389 hoc
1329 4323 1437 4390 modo
1459 4320 1609 4411 percipit
1631 4322 1930 4406 consolationem,
1964 4338 2000 4394 et
2030 4326 2134 4397 vincit

121 4382 342 4471 doctrinam,
368 4407 458 4476 quae
473 4398 611 4458 accusat
627 4397 661 4453 et
674 4385 819 4454 damnat
842 4381 1049 4479 hypocrisin
1071 4400 1104 4455 et
1152 4433 1313 4495 tenores·
1364 4420 1456 4491 Nam
1478 4416 1916 4491 hocmjnimeobsfflmm
1936 4438 1986 4495 ες(
2034 4429 2134 4496 „tem

122 4481 287 4551 fiduciam
302 4478 506 4559 humanam.
558 4483 646 4555 Item
663 4485 862 4556 doctrinam
878 4489 922 4555 de
945 4513 1045 4557 cruce
1070 4502 1104 4558 et
1150 4520 1257 4592 fidem
1290 4524 1460 4606 describi,
1495 4523 1684 4615 qua-0331}
1712 4523 1850 4617 aliquid
1877 4480 2134 4598 ῐῃωῖῑῃῃῑῃρ

122 4582 386 4702 afflfcfiqfibm·
437 4582 533 4703 Hae?
550 4600 608 4704 ‚est
628 4588 728 4658 ¹¹5¹ss
745 4589 913 4708 dqmi‘ffl,
931 4603 966 4659 ‘t
983 4614 1103 4704 neces?
1151 4617 1406 4710 conscientiae,
1420 4637 1454 4693 et
1469 4619 1703 4714 apprehendit
1716 4624 2014 4720 misericordiam,
2030 4655 2132 4723 quam

124 4704 214 4752 sarra
231 4708 310 4775 pus.
362 4683 481 4773 Quare
495 4688 684 4778 diligenter
698 4694 913 4760 consideran
930 4690 1045 4763 debet.
1150 4728 1299 4816 opponit
1317 4729 1480 4819 propriae
1495 4725 1717 4814 indignit&
1744 4740 1778 4797 eg
1797 4740 1974 4818 repugnat
1997 4734 2134 4804 dubita,

220 4813 401 4902 Primum,
425 4842 505 4887 cum
521 4820 658 4912 inquit,
685 4813 823 4908 Credo,
845 4819 1107 4921 propterquod
1150 4827 1253 4898 tion'c
1667 4886 1670 4903 .
1724 4886 1728 4891 -

122 4910 269 5011 loquor,
296 4918 563 5007 coniunguntur
579 4916 666 4990 haec
684 4925 774 5003 duo,
797 4926 883 4994 fides
904 4941 938 4995 et
955 4927 1102 4995 iuvoca-
1250 4927 1390 4999 Deinde
1412 4954 1504 5001 cum
1518 4929 1623 5021 paulo
1646 4944 1727 5000 ante
1746 4928 1851 4999 claris
1870 4933 1994 5011 verbis
2012 4938 2134 5009 dixerit

119 5016 170 5086 tio
191 5039 252 5086 scu
276 5018 448 5088 confessio
473 5046 577 5112 quam
604 5025 696 5112 parit
716 5027 820 5110 fides,
846 5051 886 5096 ac
909 5042 1101 5120 utrumque
1148 5031 1192 5099 de
1215 5030 1464 5103 misericordia.
1525 5029 1730 5102 Misericors
1753 5029 1934 5103 Dominus
1954 5047 1991 5104 et
2017 5040 2134 5119 iustus,

118 5119 237 5212 docet,
264 5118 401 5208 etquid
422 5121 469 5189 sit
485 5122 589 5205 fides,
615 5138 649 5194 et
674 5129 854 5216 quomodo
876 5129 952 5198 lieri
976 5128 1101 5201 debeat
1149 5145 1182 5201 et
1197 5129 1295 5202 Deus
1308 5149 1428 5205 noster
1446 5133 1648 5204 miseretur:
1678 5127 1760 5203 Non
1781 5134 1934 5205 obscure
1955 5138 2135 5226 significat,

119 5244 200 5290 vera
236 5219 425 5290 invocatio.
490 5220 648 5294 Verbum
670 5226 789 5297 Credo
815 5229 958 5318 respicit
986 5233 1030 5301 ad
1060 5257 1100 5302 ea
1147 5256 1183 5302 se
1207 5234 1308 5326 loqui
1330 5237 1374 5305 de
1393 5235 1523 5306 fiducia
1547 5259 1639 5332 quac
1660 5237 1789 5306 nititur
1815 5237 1973 5325 gratuita
2000 5244 2133 5314 miseri·

117 5345 207 5413 quae
231 5344 336 5415 supra
357 5321 450 5412 dixi,
477 5322 522 5390 de
539 5325 717 5397 beneficiis
731 5351 796 5420 pro
818 5331 948 5424 quibus
970 5334 1100 5423 gratias
1148 5336 1280 5410 cordia.
2032 5350 2034 5354 ‘

1335 3811 1469 3893 Credo,
1504 3830 1649 3902 propter
1677 3815 1773 3906 quod
1804 3813 1947 3906 loquor.
2002 3816 2046 3886 ln
2073 3844 2135 3912 quo

1152 3915 1267 4004 palam
1286 3926 1336 3982 est
1353 3909 1566 4004 Prophetam
1583 3915 1697 4006 loqui,
1724 3937 1797 3983 non
1812 3916 1857 3983 de
1871 3918 1994 3986 ociosa
2011 3921 2134 3990 noticia

1152 4037 1213 4084 seu
1229 4015 1464 4106 professione,
1489 4018 1551 4085 sed
1576 4018 1620 4084 de
1645 4016 1730 4098 tide,
1755 4016 1909 4108 quaein
1925 4043 2013 4089 vero
2032 4037 2135 4092 certa·

1152 4116 1248 4189 mine
1263 4116 1407 4187 dimicat
1423 4140 1503 4185 cum
1521 4117 1735 4202 terroribus,
1761 4130 1795 4186 et
1817 4113 2059 4208 apprehendit
2074 4125 2134 4192 mi-
