4538 5754
188 226 264 304 363
437 215 646 298 SCRIPTA
673 216 751 298 PH.
777 212 895 293 ullu.
923 213 991 293 AB
1015 219 1142 298 lllS’l’.
1167 218 1312 314 Phor.
1337 231 1406 312 nt·
1431 233 1623 318 annos,
1649 234 1971 318 sanctam.

2145 243 2222 319 att

303 389 409 464 Aliae
440 404 558 488 partes
593 389 764 463 dicuntur
798 356 1098 485 proportionales,
1138 398 1184 468 de
1232 415 1276 476 ut
1294 406 1412 501 iruges
1442 424 1690 488 maturescant.
1756 407 1913 504 Attingit
1942 413 2038 485 enim
2061 435 2120 484 eas
2144 439 2223 486 non

194 497 326 595 quihus
333 489 580 566 Mathematici
593 493 802 587 loquuntur,
826 494 979 587 quinon
994 492 1185 591 hocquae-
1234 523 1335 600 parte
1349 512 1468 606 aliqua
1483 514 1661 605 corporis,
1686 514 1748 584 sed
1767 513 1903 586 lumine
1919 527 1955 586 et
1967 515 2070 590 vitali
2091 516 2224 597 calore,

194 610 303 705 Ιιἰιιὶί,
330 595 476 667 materia
493 594 630 688 reliqua
644 595 709 674 sii,
733 595 794 664 sed
810 595 1045 688 quaniiiaies,
1068 599 1106 667 ld
1123 613 1201 683 eti,
1234 632 1340 701 quem
1362 626 1480 684 tamen
1504 615 1543 683 in
1566 609 1652 685 haec
1674 612 1844 685 inferiora
1866 616 2010 708 spargit,
2069 615 2221 708 Magnes

199 697 460 790 longitudines,
492 708 552 767 aut
582 695 810 775 latitudines,
843 709 905 768 aut
927 699 1187 788 profunditates
1234 712 1404 802 qualitate
1418 728 1512 785 certa
1527 711 1637 787 trabit
1652 716 1798 787 ierrum.
1833 714 1893 787 Sic
1910 717 2064 791 infausta
2079 719 2221 812 eclipsis

199 798 413 891 cognatione
435 792 647 868 ahstrahunt
668 819 687 866 8
702 796 862 868 materia·
915 798 968 868 Ac
983 800 1113 872 deinde
1127 825 1189 872 co·
1235 810 1333 883 Soli}
1347 829 1408 886 ant
1423 813 1546 887 Lunae
1570 817 1669 888 virus
1689 817 1835 909 aliquod
1849 840 2017 910 αρηγεως
2032 820 2073 891 in
2089 824 2220 902 afim,

200 899 374 994 gitatione
394 898 606 982 divisiones,
636 921 707 990 quo
732 919 845 992 usque
869 899 1027 986 videtur,
1051 901 1189 974 iaciunt
1224 926 1271 983 ·et
1286 912 1325 984 in
1340 938 1489 1008 corpora
1508 917 1744 990 animantium
1759 917 1900 1010 attingit
1910 943 1953 991 ea
1966 933 2134 993 coaucta
2147 920 2221 990 vir.

204 1003 358 1095 partium
381 999 612 1093 proportione
636 1000 922 1089 congruentium.
972 999 1061 1073 lude
1075 1002 1188 1075 usita-
1235 1016 1343 1102 cccli,
1373 1018 1412 1088 id
1436 1031 1508 1105 aa,
1543 1019 1713 1112 qualitate
1743 1041 1818 1094 cua,
1875 1017 1968 1091 Nam
1998 1022 2126 1107 afim,
2157 1022 2222 1092 uhi

205 1118 281 1180 tum
297 1103 431 1216 dictum
447 1114 512 1171 est:
539 1098 583 1171 ln
604 1101 774 1172 continuo
799 1101 956 1172 infinitas
976 1116 1095 1194 partes
1112 1127 1187 1175 esse
1236 1116 1329 1188 ,2150
1344 1141 1409 1211 per
1423 1119 1629 1213 qualitatem
1644 1121 1699 1206 fia,
1724 1135 1843 1191 caman
1857 1135 1998 1212 „poma
2011 1123 2089 1193 fieri
2102 1123 2220 1215 adpfi.

205 1203 505 1297 proportionales,
530 1203 625 1295 quod
646 1204 826 1295 quomodo
842 1204 1113 1293 intelligendum
1131 1206 1189 1291 sit,
1237 1218 1412 1289 cntionem
1436 1221 1571 1309 agenti.
1593 1224 1640 1292 ad
1663 1221 1821 1312 patiens,
1854 1224 1962 1294 modo
1985 1222 2220 1296 conveniente

206 1307 371 1376 rixantur
390 1304 539 1374 interae
555 1303 733 1373 inerudite
747 1304 974 1377 recentiores.

1238 1319 1311 1391 illis
1327 1321 1483 1405 naturis,
1508 1336 1544 1395 et
1566 1321 1799 1394 conveniente
1818 1321 1997 1395 distantia.
2048 1321 2148 1394 Haec
2169 1337 2219 1393 εει

310 1403 518 1478 Ridiculum
534 1405 694 1474 estenim
710 1399 853 1499 physice
867 1405 1077 1499 intelligere,
1097 1403 1190 1480 dicta
1238 1422 1412 1492 antenna
1427 1424 1584 1513 nguheg
1612 1421 1655 1493 lo
1672 1421 1771 1493 omni
1797 1434 1897 1495 motu
1924 1448 2073 1497 movens
2100 1438 2152 1495 ρει
2174 1425 2221 1494 21.

211 1504 466 1578 mathematica.
517 1501 689 1600 Physicus
712 1507 894 1577 materiam
914 1531 976 1579 seu
993 1531 1121 1602 corpus
1135 1532 1192 1580 se-
1238 1522 1314 1593 πω]
1329 1547 1410 1595 cum
1426 1537 1538 1595 moto,

209 1624 275 1680 cat.
328 1602 603 1678 Mathematicus
634 1629 709 1677 non
738 1609 878 1701 querit,
918 1632 964 1680 an
987 1611 1125 1706 reliqua
1145 1611 1193 1681 sit

209 1707 374 1793 materia,
401 1710 459 1778 sed
476 1730 518 1778 ex
533 1702 723 1801 hypothesi
744 1711 924 1800 procedit,
950 1710 980 1780 si
1003 1724 1056 1783 εει
1070 1710 1191 1784 conti-

208 1835 338 1890 nuum,
365 1822 482 1903 partes
495 1803 613 1884 habet.
654 1805 702 1880 Et
716 1809 925 1881 Aristoteles
939 1812 1077 1884 erudite
1092 1812 1193 1897 dicit,

107 1976 112 1987 ,
209 1913 367 2003 potentia
396 1911 590 1981 secundum
616 1909 828 1981 divisionem
851 1910 1009 1983 infinitas
1031 1936 1128 1997 esse,
1153 1913 1191 1983 id

210 2027 281 2096 est,
311 2013 373 2083 ubi
389 2011 535 2102 cogitari
548 2010 678 2081 divisio
700 2024 833 2104 potest,
857 2011 910 2082 ibi
928 2016 1098 2085 nondum'
1111 2037 1193 2106 per-

209 2106 356 2184 ventum
373 2129 424 2184 est
440 2114 483 2182 ad
498 2111 661 2183 ultimam
682 2114 874 2200 unitatem,
897 2128 939 2185 ut
954 2116 1116 2186 diametri
1137 2115 1194 2185 di-

210 2215 301 2285 visio
329 2227 489 2305 respectu
510 2213 567 2283 sui
588 2213 733 2299 circuli,
772 2238 847 2284 non
873 2214 1009 2305 integre
1031 2240 1195 2308 compre-

210 2311 320 2386 hensa
340 2329 409 2400 est,
432 2315 634 2404 cogitantur
654 2315 763 2405 igitur
779 2315 898 2407 plures
914 2332 1043 2408 partes.
1098 2315 1194 2389 Haec

211 2416 409 2488 admonitio
426 2411 587 2487 hocloco
604 2415 766 2487 sufficiat.

475 2611 574 2698 Quid
598 2620 655 2685 eat
681 2611 932 2688 Continuam?

312 2760 492 2834 Continuo
516 2777 618 2850 sunt,
643 2788 796 2860 qnorum
819 2764 946 2837 ultima
968 2780 1053 2839 sunt
1072 2789 1197 2853 unum,

211 2877 252 2935 ut
267 2888 337 2937 uua
353 2866 448 2936 linea
462 2880 515 2937 εει
532 2866 702 2960 quiddam
718 2865 943 2943 continuum.

422 3049 527 3131 (tuae
556 3058 741 3122 caecator
766 3048 978 3146 ventique?

314 3194 490 3286 Contigua
513 3212 615 3284 sunt,
646 3222 800 3292 quorum
821 3200 948 3271 ultima
973 3215 1056 3273 sunt
1078 3201 1197 3282 simul,

212 3309 247 3365 et
265 3296 314 3365 ita
327 3298 542 3386 iunguntur,
575 3313 614 3369 ut
637 3296 730 3367 nihil
754 3300 800 3370 sit
821 3301 999 3382 medium,
1033 3315 1072 3373 ut
1094 3304 1198 3374 orbes

213 3396 379 3468 coelestes
403 3411 436 3467 et
452 3399 613 3489 regiones
637 3400 904 3477 elementorum.

513 3587 618 3671 Quae
643 3595 735 3658 suat
759 3584 898 3660 simei?
943 3648 947 3657 ,

315 3734 432 3807 Simul
447 3757 520 3807 esse
535 3738 715 3819 dicuntur,
733 3753 795 3809 aut
809 3762 899 3833 quae
916 3739 1053 3812 suntin
1072 3741 1196 3810 eodem

212 3840 313 3920 loco,
337 3850 399 3907 aut
422 3830 514 3908 inter
537 3864 626 3932 qnae
648 3835 742 3910 nibil
767 3855 817 3912 est
840 3842 1007 3915 medium.
1057 3839 1196 3930 Regula

213 3953 266 4012 est
280 3935 492 4011 Aristotelis.
545 3937 701 4010 inomni
723 3956 823 4012 motu
845 3964 990 4012 movens
1016 3941 1122 4011 simul
1143 3956 1197 4022 est

213 4063 294 4112 curn
312 4053 428 4125 moto,
452 4042 546 4132 quod
564 4042 642 4110 aliis
663 4043 780 4112 verbis
802 4043 852 4112 sic
872 4044 1017 4112 dicitur:
1044 4040 1195 4114 Monens

149 4134 153 4141 ’
211 4156 249 4214 ει
263 4155 400 4212 motum
416 4154 555 4232 oportet
571 4142 677 4212 simul
699 4167 771 4212 esse
788 4167 851 4233 per
863 4157 1072 4214 contactum.
1124 4143 1194 4216 Sed

212 4239 272 4314 hic
295 4264 434 4312 necesse
456 4256 509 4312 est
532 4243 603 4313 dici
631 4246 675 4312 de
698 4245 831 4335 duplici
859 4257 1031 4317 contactu.
1090 4242 1195 4317 Alius

213 4356 266 4415 est
280 4342 490 4434 corporalis,
515 4366 692 4436 compara
718 4346 876 4437 corporis
891 4346 929 4415 in
947 4360 1111 4417 movente
1137 4349 1195 4419 vel

139 4527 143 4535 ι
213 4442 251 4511 in
270 4458 392 4534 agente
405 4445 519 4535 tangit
534 4461 667 4538 partem
684 4446 725 4514 in
742 4471 784 4516 eo
801 4471 947 4540 corpore
963 4450 1057 4542 quod
1074 4473 1195 4519 move-

213 4555 289 4626 tur,
321 4559 361 4614 nt
379 4569 463 4644 ¹cum
487 4547 586 4618 faber
611 4548 782 4638 lignarius
811 4549 947 4639 tignum
981 4550 1129 4620 collocat
1154 4553 1193 4619 in

214 4643 538 4734 aedificii'partem.
598 4645 751 4742 Oportet
779 4652 874 4718 enim
898 4673 1002 4739 agens
1023 4652 1193 4740 adplicari

212 4747 255 4813 ad
271 4742 415 4835 <patiens
442 4771 505 4835 pro
530 4752 636 4819 morlo
652 4750 812 4822 actionis.
858 4748 976 4820 Grave
990 4775 1063 4819 non
1082 4764 1195 4843 potest

210 4844 348 4913 moveri
365 4845 520 4917 violento
535 4867 651 4935 motu,
679 4854 747 4924 uisi
770 4853 815 4922 ab
838 4852 909 4921 alio
937 4875 1084 4944 corpore
1108 4878 1194 4924 con·

212 4945 311 5036 tigno
326 4959 360 5015 et
375 4947 473 5035 gravi
490 4947 706 5039 impellatur.

313 5046 416 5118 Alius
433 5059 484 5115 εει
501 5063 680 5123 contactus
704 5052 883 5139 virtualis,
909 5077 989 5123 cum
1006 5075 1111 5144 agens
1134 5069 1196 5127 aut

210 5169 358 5216 movens
381 5170 441 5217 sua
464 5148 634 5240 qualitate
656 5155 798 5245 attingit
821 5176 967 5246 corpus,
1000 5160 1094 5249 quod
1118 5181 1194 5227 mo·

210 5262 314 5318 vetor
328 5263 388 5318 aut
405 5249 555 5338 patitur,
582 5253 716 5322 etiamsi
742 5268 841 5345 parte
860 5257 1021 5350 corporis
1044 5280 1117 5329 non
1141 5273 1195 5330 at-

208 5350 330 5441 tingit,
363 5363 403 5420 ut
425 5346 488 5421 Sol
511 5364 676 5424 contactu
698 5354 844 5427 virtuali
865 5357 906 5428 in
928 5371 1058 5433 aestate
1086 5359 1192 5433 efficit
1216 5427 1221 5444 ,

1554 1708 1655 1831 Quid
1676 1720 1735 1782 eat
1760 1709 1905 1784 Mens?

1341 1841 1457 1914 Locus
1478 1856 1530 1914 est
1543 1843 1744 1935 superficies
1758 1868 1910 1916 concava
1923 1838 2082 1935 corporis
2106 1843 2224 1914 conti·

1241 1943 1360 2015 nentis
1376 1946 1543 2018 locatum.
1577 1942 1674 2015 Haec
1690 1960 1741 2017 εει
1754 1946 1837 2017 satis
1850 1943 2033 2036 perspicua
2047 1940 2224 2018 definitio.

1242 2043 1360 2116 Verba
1373 2044 1574 2117 Aristotelis
1591 2046 1759 2117 videntur
1771 2068 1845 2116 esse
1865 2044 2089 2129 obscuriora,
2115 2058 2151 2114 et
2167 2043 2224 2113 in-

1242 2159 1410 2239 terpretes
1426 2147 1523 2216 varie
1537 2170 1577 2216 ea
1591 2161 1824 2233 enarrarunt,
1849 2171 1929 2217 curn
1948 2141 2123 2216 sententia
2139 2168 2225 2215 con·

1242 2262 1345 2338 gruat
1359 2272 1440 2317 cum
1452 2245 1679 2333 definitione,
1704 2271 1811 2342 quam
1826 2245 1999 2318 recensui.
2051 2241 2146 2316 Sunt
2161 2269 2225 2314 au·

1244 2363 1314 2420 tem
1331 2342 1417 2418 haec
1433 2350 1558 2420 verba:
1585 2348 1701 2419 [soem
1717 2364 1769 2420 est
1788 2348 1870 2419 linis
1892 2345 2129 2426 continentis,
2153 2345 2225 2414 irn-

1243 2448 1404 2534 mobilis,
1439 2450 1586 2541 primus·
1652 2447 1898 2541 interpretatio
1921 2443 2112 2518 Themistii
2139 2440 2227 2516 haec

1243 2565 1314 2622 est:
1339 2549 1457 2622 Locus
1479 2565 1530 2624 est
1550 2550 1648 2636 linis,
1680 2549 1717 2620 id
1741 2563 1809 2636 est,
1834 2548 1994 2642 proxima
2015 2567 2075 2619 seu
2095 2546 2226 2615 imme-

1244 2653 1341 2723 diata
1376 2651 1575 2743 superficies
1604 2651 1815 2722 circundans
1851 2662 2056 2721 contentum
2085 2670 2226 2740 corpus,

1245 2753 1458 2836 immobilis,
1483 2752 1632 2839 scilicet,
1655 2752 1738 2845 quia
1752 2748 1953 2844 superficies
1967 2750 2043 2842 ipsa
2060 2770 2135 2818 non
2151 2770 2229 2818 mo-

1247 2868 1349 2926 vetur
1363 2877 1426 2946 per
1438 2874 1532 2939 sese,
1554 2877 1620 2924 uec
1634 2866 1687 2924 est
1701 2876 1804 2924 causa
1818 2864 1934 2923 motus
1947 2848 2089 2941 corpori
2103 2849 2230 2920 locato.

1246 2955 1318 3028 Sed
1334 2979 1415 3026 cum
1428 2967 1592 3025 movetur
1604 2977 1732 3046 corpus
1744 2955 1919 3036 locatum,
1944 2950 2098 3024 subinde
2119 2948 2228 3020 aliam

1164 3063 1168 3070 '
1246 3053 1464 3149 superficiem
1480 3055 1690 3146 ingreditur.

1347 3153 1481 3250 Estque
1514 3155 1714 3226 differentia
1744 3154 1838 3247 apud
1876 3148 2105 3224 Aristotelem
2136 3153 2229 3225 inter

1247 3255 1339 3327 Vasa
1361 3270 1396 3327 ει
1417 3256 1522 3328 Loca.
1583 3255 1656 3326 Vas
1681 3267 1786 3325 vocat
1808 3255 1983 3346 integrum
2011 3275 2159 3346 corpus,
2191 3254 2231 3321 in

1248 3358 1349 3429 cuius
1365 3370 1465 3450 parte
1476 3358 1600 3451 aliqua
1620 3359 1774 3427 locatum
1791 3357 2015 3438 continetur,
2041 3368 2083 3426 ut
2103 3377 2231 3425 currus

1247 3471 1309 3530 aut
1335 3460 1448 3533 navis.
1508 3457 1605 3529 Haec
1625 3481 1707 3528 vasa
1729 3458 1865 3527 moveri
1887 3454 2030 3549 proprie
2049 3455 2232 3529 dicuutur.

1248 3561 1317 3632 Sed
1341 3560 1441 3632 locus
1464 3560 1597 3630 dicitur
1619 3558 1819 3651 superficies
1840 3559 1959 3651 aliqua
1979 3557 2019 3626 in
2036 3578 2138 3642 vase,
2161 3557 2233 3625 iru-

1246 3663 1397 3734 mediate
1427 3660 1612 3732 continens
1635 3660 1799 3734 locatum.
1860 3658 1957 3729 llaec
1986 3658 2026 3726 in
2057 3669 2232 3750 quonum

1247 3764 1348 3833 locus
1375 3775 1447 3849 est,
1479 3785 1552 3831 non
1580 3773 1761 3845 movetur,
1804 3784 1870 3831 nec
1899 3761 2015 3829 locato
2043 3779 2148 3830 eausa
2180 3770 2233 3828 est

1248 3877 1375 3937 motus.

1532 4013 1606 4086 Dic
1628 4013 1699 4084 loci
1724 4011 1936 4086 divisiones.

1347 4141 1488 4215 Primae
1517 4145 1695 4216 Iocorum
1723 4144 1815 4214 alius
1843 4155 1895 4212 est
1918 4140 2105 4234 proprius,
2137 4142 2233 4210 alius

1245 4247 1456 4318 communis.
1508 4244 1719 4318 Communis
1733 4258 1803 4334 est,
1826 4244 1888 4337 qui
1903 4244 2062 4313 continet
2078 4243 2232 4312 mediate

1246 4371 1373 4441 corpus
1401 4349 1567 4442 aliquod,
1598 4347 1732 4440 inquo
1758 4345 1986 4415 continentur
2006 4356 2040 4414 et
2065 4342 2156 4427 alia,
2191 4355 2233 4412 ut

1246 4450 1468 4520 domicilium
1492 4446 1651 4519 continet
1667 4447 1764 4518 intus
1779 4451 1914 4532 airam,
1940 4460 1973 4516 et
1992 4444 2029 4514 in
2046 4448 2128 4515 aire
2151 4466 2233 4514 cor-

1245 4574 1331 4643 pora
1347 4551 1592 4619 animantium.

1347 4650 1520 4744 Proprius
1538 4667 1590 4724 est
1615 4646 1813 4741 superficies
1828 4647 2028 4716 immediate
2043 4646 2234 4716 continens

1246 4776 1383 4843 corpus.
1434 4749 1483 4822 Et
1497 4754 1541 4822 ad
1559 4748 1650 4821 hanc
1670 4748 1942 4838 adpellationem
1973 4747 2041 4816 loci
2068 4749 2241 4837 congruit

1245 4855 1384 4943 regula:
1417 4853 1600 4924 heusest
1619 4844 1931 4942 aequalis'locato,
1956 4848 2122 4919 videlicet
2147 4872 2235 4939 pro·

1247 4956 1344 5046 prius
1358 4956 1466 5025 locus.
1518 4951 1591 5022 Nec
1610 4965 1727 5021 tamen
1744 4951 1956 5039 intelligitur
1969 4945 2056 5018 haec
2073 4949 2236 5042 aequali-

1247 5071 1298 5127 tas
1316 5058 1359 5125 de
1375 5056 1489 5126 tribus
1503 5051 1807 5136 dimensionibus,
1835 5051 1871 5119 id
1890 5063 1963 5133 est,
1989 5053 2033 5120 de
2050 5064 2125 5121 toto
2141 5073 2237 5133 vase,

1245 5160 1305 5228 sed
1336 5171 1474 5228 tantum
1502 5158 1554 5224 de
1570 5154 1780 5248 aequalitate
1808 5151 2020 5243 superficiei,
2060 5173 2239 5221 concavae

1246 5257 1491 5342 continentis,
1518 5269 1552 5326 et
1591 5278 1767 5327 convexae
1803 5255 1972 5324 contenti.
2046 5252 2125 5323 Hae
2153 5264 2242 5322 sunt

1245 5360 1428 5454 aequales,
1452 5372 1536 5430 etse
1550 5373 1675 5433 mutuo
1690 5353 1914 5445 contingunt.
