4538 5754
116 159 235 317 sose¹
308 231 312 241 ·
721 225 786 301 rx.
837 216 1202 305 conaturam
1227 217 1280 297 u
1303 213 1547 297 essenos.
2039 194 2139 304 som

113 405 278 481 matium
294 397 481 493 Evangelii
495 399 715 484 doctrinam,
739 396 959 482 societatem,
982 394 1102 466 consi·
1150 393 1313 465 omnium
1339 414 1487 483 opernm
1507 390 1641 461 discere
1662 392 1811 464 verbum
1833 387 1921 484 Dei,
1952 408 1989 467 et
2010 411 2052 469 nt
2074 423 2137 473 suo

114 510 170 582 lia
190 523 227 582 et
246 508 401 579 foedera.
451 500 555 573 llanc
579 499 814 572 constantiam
841 522 945 585 verae
966 497 1103 590 profes-
1152 496 1301 591 quisque
1320 494 1400 565 loco
1421 493 1518 565 iuvet
1538 495 1809 585 propagatione,
1833 510 1937 567 ornet
1960 511 1994 569 et
2016 501 2138 573 defen-

111 611 230 685 sionis
243 609 324 679 ideo
339 604 483 691 recitat,
508 617 548 675 ot
570 602 768 694 exemplum
784 599 954 671 omnibus
971 620 1103 690 props—
1152 601 1214 669 dat
1238 595 1476 667 ministerium
1499 617 1602 664 verae
1627 596 1829 682 doctrinae,
1854 598 1970 671 foveat
1989 605 2136 673 concor-

109 727 198 799 prst,
223 710 339 805 qualis
360 729 433 778 esse
448 705 620 777 confessio
637 705 775 777 debeat.
825 701 909 772 Non
934 701 1019 771 satis
1040 713 1103 785 est,
1153 699 1248 768 diam
1266 720 1369 769 verae
1381 692 1579 777 Ecclesiae,
1605 698 1772 769 defendat
1793 721 1887 786 eam,
1911 713 1945 770 et
1967 704 2137 795 reprimat

112 826 156 889 ut
184 812 293 884 multi
314 811 469 901 lingunt,
493 829 596 878 nosse
611 829 713 885 vera,
734 818 768 875 et
789 805 984 896 approbare
1005 802 1101 894 apud
1151 801 1382 874 adversarios.
1403 855 1406 867 .

100 938 153 989 ,80
167 913 311 995 mimi,
336 910 523 982 acinierea
538 907 626 979 foris
651 907 691 977 itt
713 904 969 977 coniueiUdine
983 897 1103 972 homi·
1253 916 1297 987 111
1325 927 1505 1010 postremo
1529 939 1634 987 versu
1657 916 1778 989 addita
1810 931 1862 990 egi
1883 943 1984 990 causa
2008 922 2135 1007 fimljg,

110 1040 204 1089 num
219 1016 309 1085 titus
324 1011 453 1102 impios
468 1032 627 1093 terim,
653 1024 687 1079 et
702 1007 863 1100 0¹0m910
878 1005 1049 1085 stabilires
1067 1015 1102 1073 ti
1151 1044 1215 1092 eur
1232 1032 1328 1113 petat
1341 1018 1494 1103 servari,
1519 1018 1705 1104 videlicet,
1729 1032 1770 1090 nt
1792 1018 1831 1088 in
1844 1019 2010 1094 Ecclesiis
2027 1026 2135 1097 bene-

111 1119 174 1188 vel
199 1128 340 1187 mutum
366 1135 458 1198 esse,
496 1134 577 1181 cum
598 1109 742 1204 tyranni
767 1112 814 1205 ad
838 1106 1012 1198 ,upptieia
1043 1127 1102 1175 ¹2·
1152 1123 1247 1195 dicat
1262 1120 1430 1191 Domino.
1482 1117 1599 1189 Huius
1614 1142 1736 1190 causae
1756 1120 1796 1191 lit
1810 1123 1943 1194 mentio
1958 1124 2003 1194 -in
2019 1127 2134 1218 pluri·

109 1218 221 1312 {fiunt
248 1216 456 1289 5⁰⁰⁰⁰⁸¹¹¹⁰⁸
484 1224 627 1304 Pf⁰l>ter
651 1210 808 1280 Vitium
838 1208 1102 1300 Pi0f²⁸⁸i⁰¹10m2
1152 1223 1219 1294 mis
1232 1221 1401 1312 Psalmis,
1426 1221 1491 1293 nbi
1506 1221 1606 1292 addit
1620 1243 1656 1292 se
1671 1216 1764 1292 hanc
1780 1222 1926 1312 gratiam
1939 1225 2133 1301 relaturum

114 1333 180 1392 flul
194 1318 374 1389 colludere
390 1339 471 1386 cum
492 1314 560 1400 eis;
587 1315 648 1382 ”d
667 1312 744 1382 vuli
757 1309 853 1381 Deus
873 1324 990 1383 0¹2²st
1014 1328 1102 1379 ⁰⁰¹¹·
1151 1348 1225 1396 esse
1239 1350 1305 1416 pro
1321 1323 1493 1394 beneficio
1507 1334 1669 1414 accepto,
1696 1323 1861 1395 videlicet
1883 1339 1923 1397 ut
1937 1329 2134 1401 doctrinam

112 1418 306 1493 sessionem
336 1415 574 1500 minifefflms
614 1414 706 1485 Sicut
733 1412 783 1483 ὃῖῑ
803 1407 983 1483 christun
1027 1407 1100 1501 Qni
1151 1422 1782 1519 latiusspargat,utPsalmus118.:
1808 1424 1890 1496 Non
1905 1428 2048 1517 moriar,
2073 1435 2134 1502 sed

113 1519 298 1612 negaverit
313 1542 369 1588 me
392 1541 511 1589 coram
536 1512 763 1600 hominibus,
787 1514 923 1603 negabo
939 1534 1021 1581 eum
1041 1535 1102 1580 co·
1151 1529 1289 1615 vivam,
1320 1540 1355 1598 et
1378 1526 1532 1597 amabo
1554 1549 1660 1617 0me
1684 1524 1841 1600 nomini,
1895 1526 1947 1600 ιε,
1970 1525 2028 1601 hic
2050 1556 2135 1621 pm.

114 1645 194 1695 Μ
208 1634 308 1713 Ρῦῐῑθ
330 1619 483 1692 ΰῡθιθθῑῖ·
535 1618 624 1689 Vult
644 1631 761 1688 autem
776 1616 859 1685 5d⁸⁰
880 1612 1101 1685 minisefflm
1150 1629 1260 1703 mittit
1280 1631 1374 1699 idem
1391 1628 1563 1700 officium:
1592 1625 1636 1698 ln
1650 1623 1818 1699 Ecclesiis
1839 1630 2045 1702 benedicam
2059 1632 2136 1704 Do-

112 1723 388 1818 ptomissiomm
409 1720 486 1805 edis
510 1719 668 1811 Primum
689 1731 730 1788 ¹¹²
749 1717 825 1808 59³⁶
847 1717 1045 1786 ἷῃῦθῑθῦὓὸῑ
1067 1726 1102 1783 ‘i
1150 1730 1270 1823 mino,
1295 1728 1377 1801 Tuo
1401 1728 1517 1801 coetui
1540 1752 1738 1819 proponam
1753 1730 1902 1800 verbum
1923 1747 2045 1824 tuum,
2069 1737 2135 1807 do-

115 1823 330 1905 nelebretur:
355 1821 486 1893 deinde
508 1833 548 1891 ut
566 1817 629 1891 fiat
649 1819 822 1890 seiunctio
836 1814 1020 1889 Ecclesiae
1031 1811 1100 1884 Dei
1150 1835 1236 1903 ab„
1260 1846 1294 1905 02
1316 1831 1532 1902 confirmabo
1558 1832 1665 1915 alios,
1690 1843 1731 1914 ut
1758 1828 1921 1904 Christos
1946 1836 2132 1929 praecipit:

113 1927 162 1999 ab
175 1924 297 2018 impiis
312 1938 345 1994 et
359 1917 521 1993 hostibus
539 1918 619 1994 Dei.
669 1917 749 1990 Etsi
762 1920 859 1988 enim
878 1914 1035 1988 Ecclesia
1049 1929 1100 2009 ειι
1150 1931 1890 2006 Etgueouvemgoenfirmaffflre,1003,

114 2039 238 2101 coetus
254 2025 436 2116 despectus
452 2024 491 2092 in
506 2023 659 2105 mundo,
674 2034 793 2090 tamen
809 2017 905 2089 Deus
921 2042 999 2088 eam
1014 2041 1101 2088 con·
1848 2054 1852 2059 -

114 2125 206 2220 spici
227 2138 262 2197 ει
278 2124 395 2196 audiri
408 2125 503 2210 vult,
527 2136 569 2194 ut
591 2132 804 2215 propagetur
816 2119 999 2206 doctrina,
1023 2119 1100 2210 ipse

113 2228 316 2299 innotescat
346 2238 381 2296 et
409 2221 514 2296 multi
535 2237 706 2295 vocentur
727 2224 772 2292 ad
793 2222 954 2293 salutem.
1014 2217 1099 2289 ldco

114 2326 281 2401 Psalmus
297 2322 357 2397 hic
370 2327 494 2397 recitat
515 2348 615 2395 suam
631 2324 905 2409 confessionem,
931 2343 1022 2414 qnae
1037 2344 1100 2389 ne·
1453 2300 1614 2384 Psalmi
1647 2298 1836 2384 XXVII.

115 2429 267 2503 casada
296 2443 348 2502 est
369 2440 513 2520 propter
535 2426 625 2498 alios
646 2421 826 2505 homines,
852 2437 893 2493 ut
915 2423 1000 2496 dixi.
1052 2416 1101 2491 Et

114 2527 184 2603 bae
206 2542 279 2602 tota
299 2529 486 2620 descriptio
509 2529 548 2597 in
563 2525 703 2597 Psalmo
726 2524 877 2617 exempli
891 2545 993 2594 causa
1016 2545 1101 2617 pro-

115 2632 232 2725 posita
249 2645 319 2710 εει,
345 2645 386 2702 ut
399 2652 464 2699 nos
478 2652 554 2698 eam
567 2627 760 2699 imitemur.

218 2729 366 2823 Semper
389 2745 509 2802 autem
538 2726 792 2803 confessionem
818 2739 1016 2820 sequuntur
1044 2726 1100 2794 in-

117 2832 233 2925 gentis
255 2831 413 2925 pericula
443 2842 478 2901 et
501 2828 702 2900 certamina.
762 2825 847 2898 ldeo
873 2829 1026 2918 peteuda
1050 2840 1101 2897 est
1239 2822 1400 2893 Precatio
1416 2837 1467 2894 est
1481 2821 1725 2896 ardentissima
1741 2834 1777 2892 et
1791 2845 1917 2912 magna
1932 2826 2134 2898 adfectuum
2206 2892 2210 2899 .

107 2933 294 3017 defensio,
319 2933 409 3003 sicut
430 2927 489 3000 bic
504 2930 607 3021 petit:
634 2924 771 2998 ludica
786 2948 841 2997 me
854 2923 1037 3013 Domine,
1060 2926 1100 2997 id
1151 2924 1319 2995 varietate
1333 2923 1557 3017 amplificata:
1571 2924 1701 2993 mixtae
1715 2934 1799 2999 sunt
1814 2926 2006 3013 gratiarum
2022 2930 2134 2999 actio·

119 3034 186 3124 'ett‚
209 3034 359 3103 defende
376 3046 509 3103 metuo
527 3030 671 3101 iudicio.
721 3026 860 3099 Deinde
875 3052 1016 3101 causam
1037 3029 1101 3099 ad·
1150 3047 1233 3116 nes,
1259 3024 1530 3117 promissiones,
1545 3038 1579 3095 et
1596 3034 1777 3116 praecepta
1793 3024 1838 3093 de
1855 3025 1941 3110 fide,
1956 3031 2017 3097 sed
2031 3031 2133 3119 prin-

120 3134 187 3207 tit:
214 3134 298 3226 quia
314 3132 481 3224 profiteor
493 3155 611 3200 veram
627 3130 843 3215 doctrinam,
869 3155 935 3201 nec
958 3131 1100 3202 collado
1152 3128 1275 3219 cipalis
1293 3127 1417 3218 petitio
1439 3141 1512 3212 est,
1538 3140 1579 3196 nt
1599 3137 1759 3196 servetur
1778 3148 1849 3194 una
1867 3151 1947 3197 cum
1962 3125 2133 3213 Ecclesia,

122 3230 472 3308 trmhostibustuis.
525 3230 621 3302 Haec
637 3254 741 3302 causa
758 3232 943 3312 recitatur,
969 3254 1043 3300 non
1059 3249 1100 3303 ut
1151 3230 1241 3299 sicut
1264 3250 1329 3298 nos
1351 3253 1448 3299 nunc
1495 3241 1587 3299 etere
1608 3229 1792 3298 debemus:
1818 3223 1947 3297 Unam
1961 3222 2029 3299 hoe
2042 3229 2135 3329 petii

123 3350 318 3429 opponatur
331 3335 519 3418 meritum,
545 3335 606 3402 sed
620 3347 660 3402 ut
684 3355 788 3402 causa
812 3332 961 3423 periculi
980 3345 1098 3403 osten·
1150 3353 1175 3398 n
1191 3325 1376 3415 Domino,
1403 3338 1442 3397 ut
1458 3254 1620 3398 iobitem
1635 3326 1675 3397 in
1690 3322 1798 3398 domo
1810 3321 1974 3441 Domini
1984 3354 2058 3403 sem
2071 3324 2132 3414 'er,

123 3437 238 3509 dator:
265 3435 424 3507 Defende
447 3458 523 3516 me,
550 3433 633 3526 quia
654 3433 779 3522 ingens
795 3456 886 3502 onus
908 3434 1100 3512 confessio·
1150 3440 1182 3500 et
1197 3430 1336 3501 visitem
1353 3426 1527 3526 templum
1543 3429 1639 3511 eius,
1665 3431 1704 3499 id
1725 3444 1793 3514 est,
1818 3444 1860 3500 ut
1881 3426 1976 3502 salva
1996 3432 2042 3505 sit
2097 3459 2133 3504 ε-

124 3536 353 3609 oissnstineo.
403 3532 452 3606 Et
466 3536 504 3603 in
522 3535 585 3605 tali
601 3533 757 3626 periculo
774 3535 999 3624 peculiariter
1014 3558 1098 3625 pro·
1151 3533 1274 3618 clasis,
1300 3547 1334 3602 ει
1354 3556 1419 3602 nos
1435 3557 1506 3603 una
1522 3557 1602 3602 cum
1619 3526 1777 3601 Ecclesia
1794 3548 1984 3607 servemur.
2035 3533 2132 3606 Haec

125 3638 244 3711 misisti
257 3637 497 3708 defensionem
513 3647 657 3726 propter
672 3650 768 3705 tuam
783 3636 949 3723 gloriam,
966 3649 1000 3704 et
1014 3660 1098 3728 pro-
1149 3635 1322 3705 sententia
1336 3635 1546 3726 amplificata
1561 3646 1614 3703 est
1626 3632 1699 3702 Dei
1715 3633 2026 3723 promissionibus:
2046 3632 2133 3706 Do·

125 3752 196 3831 pter
215 3738 398 3811 doctrinae
420 3737 719 3829 propagationem.
769 3733 866 3805 Haec
892 3750 944 3808 est
960 3737 1097 3827 simpli·
1150 3733 1273 3805 minos
1295 3743 1347 3804 est
1371 3730 1441 3804 lux
1462 3758 1563 3816 meo,
1599 3736 1724 3818 idest,
1751 3735 1963 3806 consolator.
2015 3732 2132 3834 Quem

126 3837 254 3911 dssima
273 3839 528 3930 interpretatio.
578 3835 651 3906 Nec
665 3851 781 3906 tamen
803 3839 970 3907 meritum
993 3862 1097 3928 pror·
1151 3836 1267 3932 igitur
1297 3834 1456 3907 timebo?
1488 3838 1524 3906 id
1559 3834 1810 3924 interrogative
1843 3837 2032 3926 legendum
2066 3855 2130 3916 est.

122 3956 177 4029 ,ιιι
201 3940 348 4029 abiicio‚
380 3938 530 4019 sedita,
564 3950 604 4006 ut
625 3938 724 4029 prius
747 3960 896 4028 persona
921 3940 1098 4031 intelliga—
1148 3937 1214 4010 Est
1229 3939 1323 4008 enim
1346 3938 1537 4009 sententia:
1563 3937 1639 4008 Deo
1661 3949 1883 4029 protegente,
1908 3963 1985 4009 non
2005 3942 2131 4013 formi-

125 4050 178 4113 tor
189 4042 281 4112 iusta
303 4041 373 4112 lide
389 4064 452 4132 per
465 4038 742 4107 misericordiam
759 4053 904 4131 propter
919 4038 1096 4113 Mediato-
1149 4043 1300 4112 dandam
1317 4030 1390 4111 esse
1404 4043 1515 4112 ullam
1530 4035 1687 4111 hostium
1702 4041 1910 4129 potentiam.

126 4160 202 4212 tem.
250 4139 392 4211 Deinde
414 4136 501 4210 haec
523 4140 599 4230 ipsa
614 4162 739 4230 opera,
767 4140 948 4230 diligentia
970 4141 1008 4210 in
1034 4165 1098 4211 vo·
1250 4139 1333 4213 Alia
1348 4143 1572 4233 amplificatio
1595 4143 1641 4211 ab
1661 4136 1816 4211 hostium
1832 4142 2017 4211 viribuset
2032 4142 2131 4216 rabie

126 4243 272 4327 catione,
301 4242 496 4313 constantia
514 4242 552 4309 in
567 4241 785 4309 confessione
800 4257 833 4312 et
851 4265 969 4326 cruce,
995 4243 1098 4313 labor
1149 4259 1261 4330 sumta
1279 4256 1349 4323 est,
1373 4267 1453 4313 cnm
1470 4245 1535 4315 ait:
1574 4247 1622 4314 Ut
1636 4237 1747 4312 edant
1766 4263 1908 4311 earnem
1924 4262 2055 4316 meam.

124 4340 349 4428 indocendo‚
376 4357 410 4414 et
430 4343 623 4412 refutandis
639 4343 866 4426 adversariis,
891 4357 974 4413 sunt
989 4344 1098 4413 sacri·
1242 4340 1324 4415 Alia
1340 4344 1565 4434 amplificatio
1579 4357 1694 4416 sumta
1711 4357 1763 4413 est
1775 4367 1795 4412 a
1807 4338 2135 4413 desertionet'Sum‘
2185 4417 2190 4430 ,

123 4443 193 4516 ficia
214 4446 296 4515 Deo
319 4464 414 4533 grata
435 4457 468 4515 et
489 4443 715 4535 amplissimis
739 4445 904 4536 praemiis
929 4469 1097 4536 compen·
1148 4441 1268 4531 solus,
1302 4447 1444 4516 deseror
1474 4448 1580 4517 etiam
1607 4446 1653 4516 ab
1680 4445 1816 4514 intimis
1850 4444 1980 4517 amicis·
2031 4442 2128 4516 Haec

121 4560 249 4620 tantur.
301 4543 439 4615 Multae
460 4558 543 4614 sunt
561 4559 677 4614 autem
703 4544 927 4616 dulcissimae
946 4548 1098 4638 ampliti-
1148 4548 1290 4641 querela
1312 4548 1350 4615 in
1370 4548 1563 4619 levioribus
1586 4546 1760 4636 negociis,
1795 4545 1899 4617 etiam
1921 4542 2128 4637 prophano·

121 4648 288 4719 cationes:
331 4643 444 4736 Fugio
478 4647 675 4715 doctrinam
711 4642 865 4719 hostium
899 4644 1096 4739 Evangelii,
1148 4673 1227 4719 rum
1249 4644 1436 4719 bominum
1460 4652 1587 4721 usitata
1604 4661 1673 4738 cst,
1699 4661 1739 4716 ut
1761 4647 1908 4718 dicitur:
1941 4647 2126 4743 Nusquam

96 4747 406 4839 ,gubernationem
423 4762 458 4819 et
474 4747 641 4816 sacrificia
656 4771 790 4817 eorum.
841 4745 998 4820 Econtra
1013 4772 1095 4819 vero
1149 4765 1223 4821 tuta
1253 4752 1358 4830 fides,
1391 4754 1450 4820 sed
1487 4751 1597 4820 multo
1625 4749 1783 4820 crebrior
1813 4761 1865 4821 est
1895 4748 1934 4823 io
1958 4747 2126 4824 Ecclesia.

115 4872 237 4921 vocem
250 4862 333 4920 tuae
348 4849 482 4927 laudis,
509 4849 633 4932 idest,
658 4873 776 4919 veram
792 4851 1010 4936 doctrinam,
1035 4876 1096 4920 au·
1149 4850 1269 4938 Quare
1290 4853 1417 4942 passim
1434 4852 1473 4920 in
1489 4849 1639 4920 Psalmis
1661 4851 1846 4940 repetitur,
1873 4863 1915 4920 ut
1938 4849 2125 4927 Psal.41.:

113 4951 175 5021 dio
191 4963 227 5022 et
240 4952 368 5034 docco,
394 4963 429 5020 et
444 4949 523 5019 aliis
540 4973 659 5040 narro,
685 4964 720 5021 et
732 4951 842 5040 diligo
860 4965 956 5020 tuam
973 4949 1097 5022 Eccle·
1148 4951 1266 5023 Homo
1284 4954 1376 5043 pacis
1391 4975 1487 5022 meae
1503 4952 1542 5021 in
1557 4977 1628 5044 quo
1645 4953 1802 5043 speravi,
1826 4953 1890 5045 qni
1912 4954 2039 5025 edebat
2059 4978 2125 5051 pa·
2193 4964 2195 4969 “

112 5050 224 5138 tiam,
246 5052 287 5121 id
301 5064 373 5137 est,
387 5054 431 5120 ad
446 5046 538 5120 lunc
554 5051 761 5134 fovendam,
776 5053 978 5137 iuvandam,
994 5069 1098 5125 tuen·
1148 5078 1212 5124 nes
1244 5077 1360 5136 meos,
1393 5051 1631 5144 magnificavit
1661 5076 1767 5145 super
1790 5077 1848 5123 me
1869 5055 2127 5145 supplantatio-

110 5152 480 5232 motismensis,
504 5152 650 5221 consilia
667 5167 701 5222 ει
721 5154 981 5228 laboresmeos.
1020 5154 1098 5225 Sic·
1150 5179 1242 5228 nem.
1295 5152 1343 5225 Et
1363 5156 1575 5248 experientia
1597 5156 1805 5250 quotidiana
1827 5169 1974 5228 testatur
1995 5156 2126 5226 multos

109 5266 153 5327 ot
175 5253 275 5324 enim
296 5253 452 5345 primum
472 5268 696 5344 praeceptum
719 5269 786 5329 est:
818 5253 954 5354 Diliges
972 5256 1098 5326 Domi·
1148 5257 1299 5347 experiri
1314 5257 1399 5328 tales
1412 5259 1646 5344 desertiones,
1671 5259 1732 5351 qui
1755 5259 1908 5348 legentes
1929 5251 2021 5329 hanc
2041 5281 2127 5325 con·
2253 5281 2258 5292 ·

108 5378 203 5429 nom
215 5353 334 5425 Deum
358 5369 458 5426 tuum
475 5380 517 5425 ex
534 5368 608 5425 toto
625 5357 747 5427 corde:
776 5358 826 5429 ita
844 5381 1023 5430 summum
1046 5370 1098 5429 est
1149 5359 1357 5432 solationem
1378 5361 1417 5430 in
1440 5359 1610 5445 Psalmis,
1634 5360 1746 5432 sciant
1767 5361 1836 5436 sibi
1857 5359 2126 5452 promissionem

162 5458 344 5526 Muenna.
373 5460 476 5528 Oeen.
503 5460 586 5525 Vos.
613 5456 707 5524 Xlll.
1579 5458 1631 5533 67

1288 2172 1632 2266 Argumentum
1656 2189 1709 2239 oc
1735 2162 1996 2261 dispositio

1202 2442 1387 2538 Deoniana
1425 2464 1657 2538 illuminatio
1690 2484 1777 2535 meo
1817 2473 1855 2535 ει
1888 2467 1994 2538 saissa
2025 2487 2133 2560 meo,

1202 2590 1308 2663 mean
1318 2564 1475 2641 timebo?
1491 2568 1678 2640 Dominus
1689 2574 1880 2659 protectos
1894 2572 1999 2640 vitae
2011 2590 2133 2656 meae,

1204 2693 1231 2742 α
1252 2692 1324 2765 qao
1346 2666 1565 2764 trepidabo?
