4538 5754
122 228 224 302 ieet
336 183 340 190 ’
566 173 577 315 s
690 223 802 344 tx..
837 219 1204 299 conmmanit
1235 221 1289 296 1u
1318 218 1561 296 essenos
2060 176 2158 298 sese

119 395 427 492 praedicationem
447 391 657 487 Evangelii,
682 396 957 482 confessionem,
980 396 1117 488 patien-
1170 395 1359 486 pagabitur
1383 419 1424 464 ex
1441 393 1575 464 semine
1591 384 1780 478 Abrahae,
1806 392 1867 459 sed
1891 413 2014 459 omnes
2037 403 2156 479 gentes

104 501 214 573 -tiam
239 499 278 568 iu
301 523 404 569 cruce
429 512 463 568 et
489 514 642 569 caeteras
666 499 833 584 virtutes,
860 500 990 593 quibus
1007 497 1118 586 glori·
1170 498 1394 565 vocabuntur
1419 521 1459 564 ae
1473 510 1637 565 nascetur
1657 494 1808 583 populus
1826 491 1891 561 Dei
1913 516 1978 582 per
1992 489 2156 582 Evange-

104 602 251 672 -licatur
273 600 391 680 Deus,
425 602 516 693 sicut
542 599 669 670 Petrus
696 601 834 693 inquit,
877 600 952 671 Nos
975 614 1117 671 vocatos
1169 598 1254 666 lium
1276 610 1310 667 et
1335 596 1510 688 Spiritum
1532 609 1711 674 sanctum,
1738 607 1779 662 ut
1801 593 1994 663 loannisl.
2015 593 2155 665 dicitur.

120 727 221 789 esse,
246 717 286 774 ut
302 704 468 772 virtutem
485 701 552 772 Dei
568 703 838 774 annuntiemus.
1168 699 1232 769 Ait
1255 707 1338 788 'ergo
1355 723 1415 767 ros
1436 699 1574 788 generis
1599 697 1670 776 tui,
1697 696 1732 763 id
1757 709 1826 778 est,
1853 693 2045 762 mriltitudo
2071 708 2154 763 nata

231 819 282 892 113
306 821 471 890 ordinem
494 822 599 890 docet
625 815 683 888 hie
705 844 846 904 versus,
872 821 968 912 quod
983 821 1028 891 ,ig
1045 817 1116 891 Ec,
1169 801 1343 871 divinitus
1371 824 1492 892 sparso
1514 800 1643 888 verbo,
1671 812 1705 867 et
1730 797 1836 864 misso
1859 795 1995 881 Spiritu
2023 810 2157 880 sancto,

119 925 232 996 clesia
250 919 402 1007 Christi,
428 946 501 991 non
518 922 626 990 armis
643 923 851 1005 constituta,
878 924 937 992 sed
956 926 1063 992 verbo
1081 937 1117 993 et
1168 903 1260 972 ⁸5⁰¹st
1283 926 1342 971 ¹⁰⁸
1368 900 1730 992 ⁵P³sssll¹ffd0⁶⁰²l⁰·
1769 896 1859 966 Nam
1874 890 2155 967 Εὒθῑθθῗθωῑῖῑ·

118 1025 277 1095 efficacia
295 1022 370 1093 Dei.
427 1022 566 1093 Deinde
580 1025 676 1117 quod
692 1021 851 1095 Ecclesia
867 1024 928 1092 illa
950 1024 995 1094 sit
1015 1019 1115 1093 exhi-

119 1129 245 1198 bitura
281 1148 394 1195 novos
424 1125 541 1195 cultus
575 1125 796 1215 spirituales,
830 1148 904 1194 non
927 1123 1115 1208 Leviticos,

120 1253 200 1298 nun
222 1226 521 1316 iusticiamlegis.
583 1223 630 1296 Et
651 1229 797 1320 quidem
821 1230 937 1298 cultus
961 1226 1022 1296 ille
1047 1232 1115 1297 erit

119 1331 304 1422 quoddam
330 1330 587 1408 sacerdotium,
630 1330 844 1419 praedicatio
876 1344 910 1400 et
939 1329 1113 1398 confessio

116 1427 332 1520 Evangelii,
359 1444 400 1500 ut
422 1431 516 1500 Deus
540 1430 755 1511 innotescat,
781 1445 822 1501 ut
844 1430 956 1520 gloria
980 1427 1113 1502 Christi

119 1533 333 1603 celebretur.
388 1530 439 1600 lta
461 1544 541 1621 apte
566 1530 681 1620 pingit
703 1527 760 1601 bie
783 1533 977 1602 versiculus
1002 1520 1113 1602 totam

117 1629 338 1714 Ecclesiam,
372 1646 407 1702 et
440 1634 542 1702 docet
566 1634 681 1725 qualis
710 1656 784 1702 esse
814 1635 958 1718 debeat,
992 1634 1113 1727 quales

107 1736 244 1805 -eultus'
266 1749 441 1826 praestare
466 1735 669 1807 debeamus.
722 1733 818 1805 Haec
840 1739 885 1804 de
908 1744 1029 1807 sancto
1053 1759 1112 1804 or-

118 1849 230 1927 natu,
257 1837 295 1905 id
318 1850 388 1919 est,
416 1838 458 1906 de
475 1835 673 1906 ministerio
687 1835 889 1927 Evangelii.

183 2016 255 2093 Ex
283 2030 383 2091 utero
406 2021 528 2091 oritur
553 2019 625 2093 tibi
650 2046 711 2092 ros
736 2018 988 2116 generationis
1014 2028 1112 2095 tuae.

226 2169 337 2244 Redit
362 2194 459 2241 nunc
482 2174 527 2241 ad
552 2174 643 2261 regis
668 2198 873 2265 personam,
899 2188 934 2244 et
953 2173 1115 2266 loquitur

118 2273 267 2346 deeius
289 2275 483 2344 nativitate.
541 2271 621 2345 Etsi
642 2290 758 2348 autem
782 2272 878 2346 hunc
900 2277 1113 2345 versiculum

119 2377 189 2448 alii
206 2376 308 2445 aliter
328 2377 628 2467 interpretantur,
655 2391 774 2447 tamen
799 2379 941 2447 videtur
963 2377 1127 2445 maxime·

119 2479 299 2548 concinna
330 2479 576 2568 interpretatio
606 2482 652 2548 de
689 2479 873 2550 nativitate
906 2475 1039 2550 Christi
1073 2501 1114 2545 ex

120 2577 246 2651 Maria
264 2579 412 2668 virgine.
464 2577 567 2649 Hanc
589 2582 810 2651 nativitatem
837 2600 1017 2670 comparat
1040 2580 1113 2647 rori

118 2681 234 2752 misso
257 2681 448 2764 divinitus,
480 2695 515 2751 et
543 2681 727 2772 coniungit
751 2708 868 2752 rorem
903 2696 938 2753 et
961 2697 1113 2754 uterum.

120 2781 229 2878 quasi
252 2783 362 2862 dicat,
404 2782 521 2852 veniet
549 2783 611 2851 ille
636 2808 696 2851 rex
726 2798 763 2854 et
783 2809 866 2854 vere
888 2798 1053 2853 nascetur
1073 2806 1114 2849 ex

118 2899 247 2968 utero,
279 2883 348 2954 erit
375 2905 457 2952 vere
487 2878 594 2952 homo
620 2897 723 2954 natus
750 2910 792 2954 ex
814 2884 962 2977 posteris
984 2882 1114 2963 David,

119 2987 186 3058 ted
208 2996 327 3054 tamen
350 2997 391 3055 ut
417 3007 475 3052 ros
492 2984 666 3053 divinitus
683 2986 826 3072 missus,
852 2987 929 3055 sine
944 2986 1038 3055 virili
1060 3008 1113 3052 se-

107 3085 244 3177 mine,
270 3099 302 3156 et
325 3081 474 3155 habebit
490 3110 609 3155 veram
625 3111 767 3156 earnem
784 3114 825 3157 ex
842 3087 959 3156 Maria
977 3087 1113 3176 virgine

120 3203 298 3273 sumtum,
324 3189 384 3258 sed
400 3186 475 3256 sine
491 3187 565 3257 ullo
582 3203 741 3279 peccato,
766 3191 844 3259 sine
867 3190 939 3259 ulla
955 3189 1110 3259 immun·

121 3289 227 3365 ditia.

227 3423 375 3496 Veteres
400 3424 662 3527 'transtulerunt
690 3419 787 3495 hune
819 3427 1032 3498 versiculum
1067 3428 1110 3495 ad

121 3543 306 3604 aeternam
324 3528 587 3615 generationem
597 3525 771 3611 Filiiltei,
795 3543 829 3598 et
844 3531 1016 3618 urgebant
1032 3553 1114 3620 par-

121 3631 291 3709 ticulam,
326 3652 429 3696 mane
460 3629 612 3717 prodiit,
654 3629 757 3722 quasi
788 3632 834 3701 sit
868 3631 1114 3720 significatum,

101 3745 210 3805 ante
238 3753 362 3799 omnes
392 3744 567 3799 creaturas
599 3747 722 3801 natum
749 3755 823 3802 esse
843 3734 990 3806 Filium.
1042 3732 1111 3805 Sed

103 3858 183 3905 ·me
197 3845 344 3902 movent
359 3830 614 3922 appellationes
624 3829 725 3902 Uteri
741 3847 775 3903 et
786 3833 911 3920 Ruris,
937 3851 976 3905 ut
993 3836 1112 3903 videa-

119 3951 185 4010 tur
207 3928 269 4003 hic
290 3932 484 4002 versiculus
506 3934 617 4021 magis
641 3936 831 4005 convenire
855 3941 897 4007 ad
916 3937 1112 4028 generatio-

120 4061 209 4109 nem
235 4059 277 4103 ex
299 4035 436 4122 virgine
452 4031 585 4115 Maria,
612 4037 817 4126 praesertim
837 4063 916 4107 cum
934 4035 1112 4131 Propheta

121 4137 359 4212 concionetur
379 4138 424 4204 de
447 4131 590 4205 Christo
617 4137 780 4206 veniente
804 4137 840 4207 in
875 4143 1049 4210 mundum
1081 4155 1113 4210 et

120 4241 291 4312 intuente
313 4232 382 4306 hoc
403 4259 550 4326 regnum
570 4238 769 4309 visibiliter.
822 4238 870 4310 Et
884 4243 976 4312 uteri
994 4242 1115 4333 appel-

119 4341 214 4412 latio
230 4339 339 4427 magis
355 4342 506 4432 quadrat
521 4341 565 4408 ad
582 4340 846 4430 generationem
861 4344 1056 4428 visibilem,
1073 4369 1113 4412 ae

119 4442 325 4516 similitudo
359 4438 403 4510 d'e
436 4464 517 4510 rore
540 4445 686 4514 cadente
715 4445 831 4531 aptius
856 4445 1028 4536 siguificat
1049 4468 1115 4515 na-

121 4556 281 4616 scentem
295 4537 476 4612 Christum
501 4542 576 4611 sine
598 4546 761 4634 contagio
787 4558 821 4616 et
840 4547 918 4616 sine
941 4548 1036 4617 virili
1059 4570 1113 4617 se-

119 4648 243 4729 miue,
268 4667 308 4713 ac
332 4644 532 4713 venientem
552 4645 589 4713 iu
609 4649 787 4714 mundum
808 4648 940 4739 virtute
963 4649 1128 4740 coelesti,

118 4748 219 4821 sicut
230 4745 348 4816 Lucae
366 4744 482 4835 primo
499 4745 612 4836 capite
633 4747 889 4839 scriptumest:
916 4749 1041 4824 Virtus
1061 4751 1116 4822 al-

121 4847 257 4923 tissimi
273 4846 503 4917 obumbrabit
519 4848 597 4922 tibi.

230 4961 336 5036 Extat
353 4977 386 5033 et
401 4965 470 5032 alia
486 4963 731 5057 interpretatio
747 4969 804 5061 pia
822 4984 857 5043 et
879 4985 981 5064 apta,
1007 4994 1114 5066 quam

1168 1004 1214 1073 sti
1228 1017 1279 1074 est
1294 1017 1412 1073 coetus
1429 1003 1591 1071 omnium
1607 1002 1669 1091 qui
1686 1023 1766 1068 vere
1783 1001 1930 1068 credunt
1944 993 2155 1085 Evangelio,

1168 1106 1230 1198 qui
1263 1130 1343 1174 vere
1373 1115 1570 1193 agnoscunt
1591 1098 1792 1180 Christum,
1827 1113 1863 1169 et
1891 1097 2155 1167 sanctificantur

1169 1230 1231 1296 per
1253 1206 1426 1296 Spiritum
1450 1219 1629 1288 sanctum,
1665 1202 1802 1272 etiarnsi
1836 1200 1874 1269 in
1898 1198 1995 1267 civili
2019 1199 2090 1268 vita
2115 1199 2155 1267 in

1167 1309 1325 1399 imperiis
1340 1305 1470 1377 haheat
1486 1305 1675 1375 dissimiles
1692 1303 1848 1394 politiae,
1871 1299 2006 1370 etiamsi
2022 1294 2153 1370 habeat
2261 1304 2263 1308 ⁴

1168 1406 1342 1479 humanos
1364 1410 1453 1480 ritus
1478 1409 1654 1486 diversos,
1680 1406 1770 1475 sicut
1793 1402 1926 1472 Paulus
1949 1401 2082 1492 inquit:
2112 1398 2154 1469 ln

1166 1506 1309 1582 Christo
1338 1509 1416 1579 lesu
1445 1534 1511 1578 nec
1537 1507 1757 1577 circumcisio
1783 1505 1919 1597 aliquid
1942 1502 2054 1584 valet,
2088 1525 2155 1571 nec

1168 1613 1413 1704 praeputium,
1430 1613 1490 1682 sed
1506 1610 1593 1679 fides
1609 1630 1699 1701 quae
1714 1623 1765 1681 est
1779 1630 1843 1698 per
1859 1604 2085 1675 dilectionem
2103 1602 2155 1673 ef-

1167 1714 1263 1783 ficax.

1162 1927 1169 1938 '
1193 1927 1256 2001 IV.
1283 1932 1433 2000 Iuravit
1447 1930 1647 2015 Dominus,
1672 1935 1710 1998 et
1728 1947 1801 1998 non
1816 1920 2027 2015 poenitebit
2045 1942 2154 1992 enm:

1272 2037 1329 2101 Tu
1362 2053 1403 2101 es
1424 2028 1613 2104 Sacerdos
1645 2034 1686 2100 in
1707 2038 1922 2109 oeternum,
1948 2022 2152 2094 secundum

1268 2132 1438 2205 ordinem
1454 2127 1747 2204 Melchisedech.
2016 2135 2019 2142 ’

1267 2294 1447 2366 Hactenus
1479 2297 1691 2364 vaticinatus
1727 2305 1776 2362 est
1810 2292 1854 2359 de
1888 2311 1970 2380 rege
2000 2283 2156 2368 Christo,

1167 2400 1261 2490 quod
1283 2399 1329 2468 sit
1348 2423 1407 2466 rex
1423 2412 1633 2488 regnaturus
1649 2395 1771 2464 divina
1788 2394 1965 2483 potentia,
1988 2389 2083 2483 quod
2099 2387 2155 2454 vi-

1166 2500 1270 2569 sibile
1287 2499 1471 2568 exordium
1489 2500 1586 2588 regui
1604 2501 1762 2567 futurum
1779 2495 1826 2564 sit
1842 2495 1879 2562 in
1895 2493 1999 2562 Zion.
2052 2486 2155 2573 ltem,
2260 2539 2268 2547 .

1167 2601 1281 2693 qualis
1295 2601 1339 2670 sit
1355 2601 1497 2670 futurus
1515 2601 1684 2692 populus,
1712 2599 1794 2669 item
1813 2596 1995 2679 futurum,
2017 2603 2060 2660 ut
2071 2611 2155 2658 vere

1167 2716 1343 2772 ettamen
1366 2702 1522 2770 mirabili
1555 2704 1660 2770 modo
1677 2711 1854 2767 nascatur.
1906 2695 2010 2766 Nunc
2028 2690 2156 2781 incipit

1167 2803 1369 2871 concionari
1386 2804 1430 2872 dc
1447 2804 1644 2872 sacerdotio
1656 2796 1805 2883 Christi,
1831 2797 1903 2868 Nec
1918 2797 2014 2866 ullus
2029 2806 2081 2862 est
2099 2794 2155 2862 lo-

1166 2927 1227 2973 eus
1249 2905 1288 2972 in
1307 2899 1514 2995 Prophetis,
1540 2906 1601 2998 qui
1627 2905 1674 2972 ita
1689 2904 1783 2971 clare
1800 2900 1953 2992 appellet
1968 2893 2153 2968 Christum

1167 3009 1402 3088 sacerdotem,
1437 3021 1471 3078 et
1499 3006 1675 3076 describat
1698 3005 1845 3072 modum
1871 2996 2080 3077 sacerdotii,
2114 3017 2155 3064 ac

1167 3108 1373 3178 discernata
1390 3105 1550 3177 Levitico
1568 3106 1776 3178 sacerdotio.
1805 3190 1807 3192 Ι
1984 3107 1987 3112 ’

1203 3232 1206 3237 ’
1262 3222 1425 3302 ,Οτάῑωι
1447 3242 1564 3298 autem
1586 3250 1606 3294 a
1630 3226 1851 3302 iuramento,
1884 3219 1981 3314 quod
2005 3226 2154 3286 nonest

1166 3328 1282 3398 obiter
1298 3326 1552 3419 aspiciendum.
1605 3324 1683 3397 Etsi
1696 3326 1793 3394 euim
1807 3322 1875 3393 Dei
1892 3321 2061 3412 promissa
2077 3317 2154 3387 sine

1167 3432 1396 3500 iureiurando
1420 3444 1493 3500 rata
1518 3445 1552 3501 et
1566 3431 1667 3498 firma
1686 3441 1787 3510 sunt,
1810 3440 1930 3513 tamen
1955 3421 2056 3491 addit
2079 3418 2153 3487 ius-

1168 3534 1378 3612 iurandum,
1410 3545 1450 3602 ut
1480 3530 1679 3601 infirmitati
1707 3553 1747 3599 ac
1771 3524 1989 3597 dubitationi
2011 3534 2154 3590 nostrae

1166 3656 1386 3726 opponamus
1408 3659 1483 3702 nou
1504 3635 1618 3725 solum
1643 3631 1932 3721 promissionem,
1965 3627 2025 3694 sed
2049 3622 2153 3691 etiarn

1167 3754 1348 3807 aeternum
1366 3737 1603 3804 iuramentum
1621 3732 1707 3813 Dei,
1735 3745 1768 3800 et
1785 3753 1859 3797 non
1876 3728 2033 3797 sinamus
2047 3723 2153 3793 nobis

1167 3838 1280 3909 excuti
1304 3838 1407 3906 fidem
1432 3836 1515 3906 ullis
1541 3836 1728 3905 scandalis.
1787 3830 1893 3900 Fides
1917 3829 2013 3898 enim
2037 3849 2153 3917 oppu-

1167 3954 1295 4032 gnatur
1324 3938 1646 4007 innumerabilibus
1681 3934 1804 4003 modis.
1866 3930 2028 4000 Primum
2057 3926 2152 3995 enim

1168 4043 1380 4113 conscientia
1404 4039 1533 4129 peccati
1557 4037 1787 4106 reclamatio
1803 4032 1928 4118 nobis,
1954 4030 2153 4099 iudicamus
2254 4060 2258 4066 ·

1168 4144 1288 4222 nobis,
1323 4166 1403 4211 curn
1433 4141 1542 4211 simus
1564 4139 1721 4228 indigni,
1747 4160 1822 4207 non
1845 4133 2049 4219 contingere
2072 4142 2153 4199 tan-

1168 4260 1241 4316 tum
1259 4243 1489 4322 beneficium,
1516 4256 1555 4312 ut
1571 4240 1668 4311 Deus
1691 4262 1757 4307 nos
1772 4235 1918 4327 recipiat
1933 4234 1971 4300 in
1989 4231 2151 4323 gratiam,

1166 4360 1206 4417 ut
1218 4359 1317 4416 curet
1331 4367 1416 4428 nos,
1441 4357 1480 4413 ut
1496 4345 1659 4413 exaudiat
1676 4363 1759 4420 nos,
1782 4350 1822 4408 ut
1838 4338 1897 4405 det
1915 4335 2024 4403 vitam
2038 4346 2153 4402 aeter-

1167 4472 1262 4519 nam.
1314 4444 1453 4516 Deinde
1476 4445 1619 4516 interim
1641 4459 1717 4514 tum
1744 4441 1921 4510 credimus
1943 4433 2153 4506 subiicimur

1167 4548 1436 4632 afflictionibus,
1469 4571 1579 4641 quare
1604 4569 1679 4614 nou
1700 4543 1829 4625 vitam,
1857 4541 1917 4608 sed
1944 4549 2092 4607 mortem
2117 4545 2154 4604 et

1167 4674 1322 4722 summas
1339 4673 1526 4719 aerumnas
1543 4649 1706 4718 videmur
1721 4642 1902 4735 consequi.

1242 4750 1450 4841 'Adversus
1474 4762 1559 4835 haee
1579 4764 1744 4835 scandala
1766 4759 1976 4854 opponenda
1994 4766 2045 4825 est
2061 4749 2150 4823 haee

1168 4896 1251 4941 vox:
1277 4867 1611 4947 IuravitDomiuus,
1628 4863 1674 4937 Et
1688 4866 1741 4936 vis
1751 4861 1857 4935 huius
1873 4857 2064 4930 iuramenti
2075 4877 2150 4926 non
2212 4869 2215 4872 ’

1167 4988 1281 5064 potest
1300 4971 1470 5059 intelligi,
1497 4971 1566 5038 nisi
1589 4971 1628 5038 in
1646 4992 1728 5036 vera
1746 4968 1850 5036 lucta.
1902 4959 2160 5032 Tertullianus<

103 5067 263 5163 probo,
291 5080 326 5137 et
349 5065 437 5135 alios
458 5067 623 5158 amplecti
642 5069 746 5141 facile
770 5075 908 5171 patior,
941 5075 1116 5160 videlicet,
1168 5100 1247 5145 curn
1276 5077 1320 5143 de
1344 5073 1550 5142 remissione
1576 5083 1799 5161 peccatorum
1832 5064 2014 5158 loquitur,
2048 5069 2151 5147 urget

121 5191 220 5265 quae
234 5191 309 5237 nou
326 5168 371 5236 de
388 5166 479 5256 regis
494 5192 667 5266 persona,
694 5177 816 5246 cedde
840 5177 972 5269 populo
995 5177 1114 5268 loqui·
1168 5178 1433 5247 iusiurandum:
1461 5168 1507 5247 V
1503 5170 1559 5242 ivo
1577 5196 1655 5266 ego,
1674 5166 1761 5240 nolo
1776 5174 1926 5238 mortem
1938 5153 2150 5262 peccatoris.

121 5285 195 5344 tur.
255 5268 426 5341 Nascetur
457 5271 523 5340 tibi
549 5273 720 5361 populus,
750 5278 810 5346 sed
834 5291 1002 5371 tanquam
1027 5276 1114 5360 Ros,
1168 5274 1219 5348 lta
1247 5293 1281 5350 et
1304 5273 1372 5349 hoc
1395 5277 1634 5347 iuramentum
1654 5272 1693 5343 'si
1725 5290 1963 5364 proponemus
1986 5259 2090 5331 nobis
2111 5255 2150 5325 in

101 5368 198 5445 boc
214 5386 285 5454 est,
301 5369 537 5464 PopulusDei
550 5397 625 5444 non
641 5379 867 5466 generatione
883 5380 1016 5451 carodi
1030 5402 1114 5473 pro·
1167 5404 1250 5450 vero
1266 5403 1411 5476 pavore,
1437 5391 1513 5451 tum
1528 5379 1673 5449 demum
1690 5373 1882 5446 sentiemus
1896 5376 2062 5461 quantem
2076 5358 2151 5427 vim
