4538 5754
114 217 197 295 808
673 210 799 291 eun.
823 212 940 293 MEL.
967 214 1179 294 SCRIPTA
1206 216 1258 291 ΙΝ
1282 212 1585 296 moerico.
2064 220 2139 298 hill

121 392 199 462 vinc
221 386 385 460 interitus
408 383 571 457 omnium
601 383 850 475 imperiorum,
882 391 1013 462 durant
1035 389 1104 461 ali·
1148 390 1277 482 populi
1291 390 1348 460 sui
1360 401 1394 460 et
1410 388 1655 482 principibus,
1683 387 1759 460 Vos
1773 391 1857 463 estis
1870 404 2068 464 vastatores
2085 394 2129 463 vi-

120 491 346 586 qnantisper,
371 489 484 558 donec
499 480 615 556 adhuc
629 487 734 557 multi
750 487 866 560 Deum
882 505 976 563 recte
998 492 1104 562 invo-
1152 514 1239 562 neae
1255 514 1372 576 meae,
1399 491 1490 561 sicut
1505 505 1540 561 et
1556 490 1595 560 in
1615 491 1721 562 tertio
1740 494 1854 585 capite
1869 488 2038 567 Micheas
2050 495 2129 567 disi-

120 607 218 673 cant,
261 603 296 661 et
332 591 445 660 donec
478 588 732 677 gubernatores
765 591 920 680 puniunt
955 593 1106 678 scelera,
1152 608 1222 666 tor:
1246 591 1399 684 Propter
1412 615 1475 662 vos
1488 591 1581 662 Zion
1598 593 1701 685 quasi
1716 617 1798 685 ager
1811 596 1988 670 arabitur.

121 695 250 765 deinde
266 714 345 760 cum
359 711 529 760 numerus
545 701 639 760 recte
654 690 848 763 colentium
862 691 976 764 Deum
993 695 1033 765 fit
1047 694 1105 763 ni·
1256 691 1428 766 Videmus
1444 716 1540 763 nunc
1554 718 1697 788 quoque
1712 709 1852 768 tantum
1869 697 2021 767 miserae
2034 708 2070 768 et
2082 696 2128 767 in-

121 798 353 886 adsparsus,
376 804 411 860 et
426 790 496 858 iam
512 790 765 880 gubernatores
781 807 873 865 certa
888 818 1016 886 genera
1030 819 1106 866 sce·
1153 797 1277 866 doctae
1303 794 1506 885 plebeculae
1531 796 1616 866 vitia
1647 808 1681 865 et
1702 796 1829 870 delicta
1852 797 2032 885 accusari,
2062 821 2128 869 cun

120 899 234 967 lerum
269 915 477 981 magnorum
509 915 583 959 non
613 893 789 983 puniunt,
828 897 915 966 tales
947 897 1106 969 civitates
1153 898 1259 986 longe
1273 896 1406 965 maiora
1423 896 1495 967 sint
1511 896 1714 989 principum
1729 912 1764 970 et
1778 899 2001 993 sapientum,
2026 912 2062 970 et
2073 901 2127 969 do·

76 1009 88 1021 '
121 998 217 1069 Deus
240 994 385 1081 evertit,
418 992 508 1061 sicut
541 989 708 1063 hocloco
733 996 884 1082 dicitur,
918 995 1105 1069 Peccatum
1154 1012 1292 1069 ctorum
1314 1010 1464 1088 peccata.
1516 993 1567 1065 Hi
1582 999 1812 1070 audacissime
1826 1001 2128 1092 currumpuutdo

121 1120 224 1169 suram
248 1097 338 1165 sicut
353 1092 508 1164 Sodoma
531 1095 846 1185 praedicaverunt,
872 1123 938 1168 nec
957 1101 1105 1169 abscon·
1154 1099 1306 1170 ctrinam
1327 1100 1372 1168 de
1393 1095 1491 1182 Deo,
1517 1111 1551 1167 et
1574 1099 1763 1172 inflectunt
1785 1102 1977 1194 religiones
1996 1102 2042 1171 ad
2062 1123 2128 1170 suas

122 1203 263 1270 derunt.
299 1194 368 1265 Hic
384 1193 480 1263 enim
498 1209 635 1266 accusat
653 1190 750 1267 hunc
764 1198 929 1270 ultimum
945 1204 1106 1291 gradum,
1154 1199 1387 1291 cupiditates,
1413 1199 1600 1270 stabiliunt
1612 1200 1727 1285 idola,
1753 1216 1787 1273 et
1808 1204 2025 1273 confirmant
2042 1225 2128 1270 erro·

123 1302 254 1371 scilicet
286 1296 554 1388 impunitatem,
591 1320 681 1389 quae
708 1312 811 1388 auget
838 1301 1039 1387 licentiam,
1073 1315 1108 1373 et
1155 1313 1260 1373 reset
1276 1299 1485 1390 multiplicia
1500 1314 1651 1391 peccata.
1700 1298 1748 1375 Et
1762 1303 1846 1374 talia
1860 1303 2013 1374 consilia
2027 1303 2129 1372 nomi·

123 1400 237 1492 magis
250 1399 428 1490 magisque
444 1396 668 1487 disciplinam
684 1399 789 1471 laxat.
1155 1415 1243 1472 nant
1258 1400 1465 1491 sapientiam
1480 1400 1670 1472 salutarem
1686 1405 1839 1495 patriae,
1864 1405 1994 1476 dicunt
2012 1426 2049 1474 se
2061 1425 2129 1472 ner-

227 1500 441 1593 Quanquam
463 1497 557 1568 enim
581 1522 716 1590 semper
744 1503 782 1569 in
803 1525 1013 1596 quacunque
1035 1504 1108 1572 fre·
1156 1527 1219 1573 vos
1236 1501 1330 1592 pacis
1345 1514 1378 1571 et
1398 1503 1514 1571 bonae
1529 1504 1798 1591 gubernationis
1813 1508 1919 1576 tueri.
1961 1504 2035 1577 Sed
2047 1501 2129 1575 Deus

124 1603 269 1696 quentia
285 1597 471 1670 hominum
492 1600 602 1670 multa
617 1606 701 1670 suut
716 1601 824 1686 vitia,
849 1604 1004 1676 etmulti
1025 1603 1108 1674 tetri
1156 1599 1433 1694 hospraesextus
1448 1598 1666 1675 hauddubie
1684 1606 1873 1691 iudicabit,
1898 1607 1998 1677 iuxta
2019 1626 2130 1676 secun·

123 1706 255 1796 lapsus,
283 1717 401 1774 tamen
414 1702 527 1771 donec
544 1715 663 1772 manet
678 1703 878 1795 disciplina,
900 1702 938 1775 id
955 1719 1018 1791 est,
1042 1728 1109 1795 gu·
1156 1706 1243 1776 dum
1271 1704 1479 1773 mandatum
1502 1700 1689 1794 Decalogi:
1723 1705 1806 1776 Non
1835 1707 1903 1779 erit
1933 1706 2131 1798 impunitus,

54 1814 55 1819 ’
124 1807 353 1876 bernatorum
380 1802 565 1888 severitas,
598 1815 633 1873 et
663 1808 797 1874 coercet
825 1807 1042 1896 petulantes,
1074 1817 1109 1875 et
1156 1806 1219 1899 qui
1242 1827 1374 1874 nomen
1394 1801 1540 1872 Domini
1562 1828 1653 1875 vane
1674 1822 1834 1899 usurpat.
1885 1807 1932 1877 Et
1947 1808 2045 1877 infra
2060 1807 2131 1876 dicit

125 1907 230 1997 punit
246 1907 365 1995 lapsus
381 1917 416 1974 et
430 1904 707 1990 contumaciam,
733 1907 903 2000 tantisper
916 1905 1012 1978 Deus
1026 1931 1109 1999 par·
1155 1903 1294 1977 Esaias:
1321 1903 1397 1973 Vae
1412 1904 1523 1989 vobis,
1547 1907 1610 1999 qui
1626 1908 1759 1978 malum
1777 1909 1893 1980 dicitis
1906 1930 1982 1978 esse
1996 1910 2131 1979 honum.

98 2002 102 2009 ’
126 2008 175 2078 cit
191 2005 402 2077 civitatibus.
455 2002 524 2075 Sed
544 2007 686 2096 quando
707 2021 851 2077 ventum
877 2021 930 2077 est
944 2010 987 2078 ad
1011 2005 1109 2077 hunc
1255 2004 1343 2091 Post
1362 2005 1623 2076 accusationem
1640 2009 1799 2094 virorum
1816 2023 1850 2079 et
1871 2008 2086 2094 mulierum,
2107 2019 2134 2076 et

125 2110 286 2198 gradum,
309 2118 349 2177 ut
364 2104 558 2197 impunitas
573 2106 751 2176 licentiam
767 2107 966 2193 confirmet,
990 2121 1023 2178 et
1039 2109 1109 2178 iam
1157 2119 1344 2200 postquam
1362 2128 1493 2197 poenas
1507 2120 1543 2178 et
1563 2108 1779 2179 calamitates
1794 2110 1976 2202 utrisque,
2000 2121 2036 2180 et
2052 2107 2132 2179 exci-

125 2209 321 2299 petulantia
349 2230 439 2298 pene
462 2208 612 2276 ducatur
641 2231 715 2277 esse
744 2211 874 2293 virtus,
909 2204 968 2278 hic
989 2211 1109 2280 statim
1159 2209 1259 2278 dium
1282 2205 1549 2301 Hierosolymae
1573 2208 1820 2296 denunciavit,
1854 2211 1957 2284 addit
1984 2210 2133 2281 consola

125 2308 395 2399 Deusipseest
415 2307 567 2397 vindex,
603 2321 636 2376 et
655 2305 844 2378 horrendis
867 2310 983 2379 modis
1005 2311 1111 2402 punit
1158 2309 1312 2393 tionem,
1335 2320 1496 2399 utsupra
1511 2307 1647 2379 dictum
1663 2323 1731 2396 est,
1755 2306 1955 2403 Prophetas
1974 2310 2154 2382 nontam

126 2424 218 2481 totas
233 2424 364 2498 gentes,
397 2406 446 2479 Ut
462 2408 544 2500 qnia
562 2409 741 2500 principes
757 2409 795 2477 in
811 2410 907 2480 tribu
920 2410 1110 2482 Beniamin
1159 2424 1235 2481 tum
1267 2408 1483 2479 denunciare
1513 2409 1744 2490 calamitates,
1777 2414 1838 2481 sed
1872 2413 1982 2482 etiam
2016 2413 2133 2483 addere

127 2510 297 2580 nolebant
317 2509 445 2601 punire
462 2531 542 2592 eos,
567 2509 630 2602 qui
644 2509 791 2580 Levitae
812 2512 997 2603 coniugem
1013 2536 1110 2583 com-
1158 2510 1412 2601 promissiones
1451 2511 1496 2577 de
1535 2510 1696 2602 reliquiis
1730 2511 1909 2582 Ecclesiae
1950 2512 2134 2583 semendis

127 2634 282 2706 pressam
299 2609 556 2694 interfecerant,
581 2611 708 2682 exarsit
723 2611 775 2681 ira
791 2610 870 2696 Dei,
897 2613 958 2700 sic,
982 2626 1022 2685 ut
1038 2614 1111 2683 lere
1160 2609 1245 2680 ldeo
1270 2611 1489 2681 tristissimae
1518 2611 1684 2680 concioni
1712 2613 1812 2682 addit
1837 2627 1960 2703 postea
1982 2612 2133 2685 dolcissi-

8 2742 16 2749 ·
128 2726 202 2796 tota
218 2712 332 2782 trihus
352 2710 466 2780 deleta
482 2710 538 2792 sit,
588 2708 635 2782 Et
654 2713 776 2801 regula
799 2726 871 2798 est,
896 2736 976 2784 cum
999 2714 1111 2803 magi·
1158 2734 1254 2781 mam
1268 2710 1560 2803 promissionem,
1586 2712 1853 2804 quaeadhrmat
1867 2715 1965 2784 inter
1985 2710 2051 2785 has
2065 2729 2132 2785 tsn-

126 2828 345 2886 stratusnnn
360 2811 463 2904 punit
479 2811 610 2882 atrocia
627 2812 775 2898 scelera,
800 2837 934 2905 poenae
950 2815 1111 2906 publicae
1160 2825 1214 2882 tas
1243 2812 1380 2897 clades,
1410 2823 1529 2880 tamen
1553 2809 1668 2880 Deum
1700 2813 1872 2886 immensa
1900 2814 2132 2886 misericordia

128 2915 300 2986 divinitus
325 2912 449 3003 magist
504 2936 566 2983 um
583 2927 618 2983 et
632 2915 804 3007 populum
821 2915 1046 3008 opprimunt,
1071 2929 1113 2987 nt
1159 2927 1381 2984 servaturum
1395 2933 1468 2980 esse
1484 2911 1622 3005 aliquos
1637 2926 1766 2986 coetus.
1926 2982 1932 2993 ,

128 3012 550 3090 ntDeut.1P.dicrur:
582 3011 665 3085 Non
694 3015 917 3089 misereberis
941 3017 1037 3098 eius,
1070 3029 1111 3088 ut
1263 3011 1406 3102 Quanto
1421 3012 1460 3080 in
1474 3012 1598 3082 dolore
1613 3036 1709 3084 nunc
1724 3029 1808 3085 sunt
1828 3016 1936 3086 multi
1952 3015 2132 3088 mediocres

128 3119 219 3189 bene
243 3117 289 3189 sit
313 3115 392 3193 tibi.
1160 3111 1339 3199 homines,
1367 3113 1431 3208 qui
1452 3114 1575 3184 vident
1596 3114 1746 3184 subinde
1766 3138 1877 3186 novas
1897 3117 2131 3210 dissipationes

231 3219 325 3291 Sunt
337 3231 455 3291 autem
469 3217 572 3290 initia
586 3219 711 3289 ruinae
726 3219 907 3290 civitatum
926 3221 1110 3290 universa·
1160 3215 1256 3301 lieri,
1280 3229 1315 3286 et
1327 3214 1496 3308 paulatim
1511 3217 1674 3285 tenebras
1691 3229 1724 3286 et
1748 3217 1953 3289 barbariem
1969 3212 2131 3289 creseere?

129 3310 210 3391 liter
225 3320 329 3404 talia,
351 3333 393 3391 ut
407 3319 563 3409 primum
579 3322 721 3391 orbatae
739 3321 898 3390 civitates
913 3321 971 3390 vel
991 3334 1111 3410 gentes
1160 3315 1256 3387 Hinc
1270 3314 1403 3400 Tucci,
1427 3314 1515 3385 alibi
1531 3313 1721 3386 Pontifices
1743 3331 1779 3388 et
1800 3317 1916 3406 Reges
1937 3319 2130 3410 opprimunt

130 3421 350 3512 sapientibus
379 3420 695 3509 gubernatoribus,
726 3420 990 3492 tumultuentur
1018 3422 1112 3492 inter
1162 3441 1281 3488 veram
1306 3416 1524 3499 doctrinam,
1549 3429 1585 3487 et
1608 3417 1702 3485 iuter
1724 3417 1957 3509 imperiorum
1974 3419 2128 3490 tumultus

130 3545 226 3605 sese,
251 3520 308 3590 vel
328 3520 472 3590 irritent
495 3519 595 3590 alios.
647 3519 731 3591 ldeo
748 3514 807 3590 hic
822 3521 902 3591 talis
917 3546 1031 3615 poena
1047 3524 1111 3593 de·
1161 3519 1277 3591 studia
1291 3517 1473 3589 doctrinae
1496 3517 1731 3606 languebunt,
1755 3532 1790 3588 et
1810 3519 1958 3609 insuper
1978 3520 2070 3591 liunt
2082 3539 2128 3586 va·

129 3622 318 3710 scribitur,
351 3615 499 3691 Autem
528 3615 706 3692 Dominus
736 3622 844 3693 fortes
868 3637 904 3695 et
928 3625 1110 3716 sapientes.
1161 3621 1236 3690 riae
1250 3618 1496 3690 distractiones
1510 3615 1747 3687 Ecclesiarum
1764 3634 1797 3690 et
1814 3621 2035 3706 docentium,
2049 3622 2128 3690 iuxu

129 3721 179 3797 Et
199 3723 293 3794 dabo
315 3743 443 3815 pueros
464 3721 644 3816 principes
664 3746 809 3809 eorum,
840 3737 875 3795 et
895 3724 1112 3798 effoeminati
1160 3719 1397 3793 tristissimam
1411 3717 1536 3788 Esaiae
1553 3720 1747 3812 querelam:
1772 3717 1983 3814 Iniquitates
2005 3734 2127 3792 nostres

129 3824 412 3895 dominabuntur
425 3845 557 3893 eorum.
710 3900 716 3907 ,
1162 3838 1202 3895 ut
1217 3823 1314 3892 venti
1327 3820 1589 3910 dissipaverunt
1602 3842 1679 3891 nos.

231 3924 371 3998 Deinde
385 3937 584 4017 sequuntur
602 3923 813 4011 seditiones,
838 3939 880 3997 ut
893 3921 953 3996 hic
969 3927 1112 4011 dicitur,
1265 3919 1478 4014 Quanquam
1500 3934 1619 3990 autem
1638 3921 1863 3991 manifestum
1887 3933 1961 4003 ²⁸12
1989 3917 2126 3991 humtssl

129 4021 282 4097 Corcuet
303 4025 360 4095 vir
381 4025 570 4098 advirum.
619 4024 737 4098 Erunt
751 4027 910 4098 diversae
931 4027 1112 4114 factiones,
1163 4022 1310 4094 consilia
1324 4045 1398 4092 non
1413 4043 1514 4112 posse
1528 4016 1585 4091 his
1600 4023 1708 4094 tantis
1723 4022 1825 4091 malis
1846 4022 2001 4108 mederi,
2027 4035 2127 4093 tanim

130 4140 165 4198 et
181 4139 352 4221 quaerent
367 4126 526 4195 diversos
539 4128 657 4194 duces.
1155 4116 1343 4217 speremus
1364 4119 1479 4193 Deum
1501 4122 1730 4193 collecturum
1753 4145 1827 4192 esse
1850 4121 1991 4216 aliquos
2016 4134 2127 4201 coetus,

142 4253 146 4257 ’
231 4224 281 4299 Et
302 4251 383 4298 cum
404 4227 443 4297 in
471 4221 529 4296 his
551 4225 803 4296 certaminibus
829 4226 997 4321 utrinque
1018 4226 1111 4301 vires
1162 4240 1198 4297 et
1225 4221 1291 4296 hac
1320 4247 1382 4317 spe
1408 4223 1524 4293 studia
1551 4224 1733 4295 doctrinae
1761 4224 1930 4295 colamus.
1984 4222 2127 4295 Sciamus

129 4329 355 4401 labefactatae
369 4341 465 4414 suut,
484 4341 604 4419 postea
620 4328 676 4398 vel
692 4328 768 4398 siue
783 4328 934 4398 externis
950 4323 1113 4400 hostibus
1163 4329 1268 4400 etiam
1291 4326 1330 4395 in
1349 4325 1423 4395 illis
1445 4324 1531 4416 ipsis
1550 4326 1713 4415 gentibus
1730 4346 1914 4394 mansuras
1927 4346 2002 4393 esse
2023 4322 2128 4394 Eecls·

130 4431 367 4522 dissipantur,
398 4431 457 4499 vel
483 4429 736 4522 opprimuntur
758 4430 803 4500 ab
827 4430 978 4501 externis
998 4426 1112 4501 hosti·
1163 4430 1234 4499 siae
1266 4424 1452 4520 reliquias,
1474 4425 1550 4496 'ubi
1577 4425 1637 4516 pia
1665 4426 1847 4505 doctrinae
1881 4426 2000 4496 studia
2031 4431 2128 4494 erunt·

129 4532 216 4615 bus,
248 4544 288 4602 ut
312 4529 461 4601 Graecia
482 4553 646 4622 oppressa
661 4545 711 4600 est
731 4554 750 4601 a
767 4529 917 4621 Tuscis,
942 4554 1022 4600 curn
1039 4532 1111 4600 duo
1163 4529 1257 4619 Quia
1281 4525 1396 4597 Filius
1418 4525 1486 4598 Dei
1507 4539 1558 4596 est
1581 4540 1698 4598 custos
1718 4526 1913 4611 Ecclesiae,
1945 4540 1981 4596 et
2007 4540 2128 4616 semper

131 4632 255 4727 iratres
277 4633 371 4700 inter
386 4653 422 4700 se
438 4632 481 4700 de
504 4632 653 4722 imperio
677 4644 860 4702 certarent.
911 4625 961 4701 Et
981 4631 1112 4701 similia
1162 4630 1301 4722 aliquos
1323 4641 1441 4699 coetus
1462 4627 1608 4716 colligit.
1659 4625 1766 4696 Hunc
1789 4628 1935 4698 modum
1962 4624 2128 4697 liberatio·

131 4733 289 4821 exempla
301 4731 411 4801 multa
425 4745 507 4801 sunt
521 4735 682 4802 omnium
697 4747 861 4803 aetatum.
1161 4732 1219 4800 nis
1234 4725 1293 4799 hic
1307 4751 1449 4824 quoque
1462 4729 1585 4798 recitat
1600 4724 1792 4818 Propheta,
1810 4742 1844 4800 et
1856 4728 2028 4799 beneficia
2042 4747 2129 4822 prae·

218 4832 362 4923 Repetit
377 4844 493 4901 autem
509 4829 685 4926 Propheta
704 4833 856 4904 subinde
871 4833 1008 4903 easdem
1024 4855 1110 4903 con·
1162 4833 1265 4924 cipua
1280 4829 1493 4903 nominatim
1511 4830 1773 4903 commemorat.
1928 4843 1946 4881 ⁸

131 4932 250 5003 cioues
263 4946 297 5003 et
310 4931 613 5005 comminationes.
635 4933 681 5005 Et
697 4935 779 5027 quia
796 4933 993 5028 plerunque
1009 4935 1111 5026 prin·
1262 4930 1423 5002 Primum
1449 4929 1583 5023 inquit,
1608 4926 1652 4999 In
1676 4930 1739 5001 illo
1763 4931 1839 5024 ipso
1860 4929 2003 5000 excidio
2026 4944 2130 5002 tamen

130 5034 225 5123 cipes
240 5049 275 5105 et
288 5034 463 5125 sapientes
481 5031 803 5126 volunt‘perhiberi
825 5036 907 5107 iusti
917 5084 930 5120 ,
955 5049 990 5105 et
1008 5058 1113 5126 accuq
1161 5035 1398 5105 servabuntur
1416 5031 1555 5124 aliquae
1582 5031 1753 5124 reliquiae
1775 5055 1839 5122 per
1861 5029 2053 5116 Messiam,
2082 5023 2131 5122 qui

131 5136 201 5205 sari
216 5137 365 5220 nolunt,
387 5158 427 5204 ac
442 5134 487 5203 de
503 5136 626 5227 populi
642 5137 795 5208 stulticia
810 5150 844 5206 et
860 5137 1009 5227 peccatis
1024 5161 1111 5230 que·
1161 5150 1213 5208 est
1227 5158 1368 5227 germen
1383 5129 1543 5204 Domini.
1594 5130 1673 5203 Hoc
1689 5156 1829 5223 germen
1846 5130 1961 5201 Filius
1977 5130 2046 5203 Dei
2072 5150 2131 5201 ser-

122 5253 280 5321 runtur,
312 5236 522 5305 nominatim
555 5238 685 5307 inserta
710 5251 761 5307 est
782 5238 953 5308 accusatio
975 5238 1110 5329 princi·
1160 5238 1259 5309 vabit
1273 5236 1413 5329 aliquos
1429 5249 1546 5306 coetus
1554 5281 1568 5324 ,
1594 5248 1628 5333 et
1645 5248 1853 5324 agnoscetur
1867 5233 1914 5303 ab
1930 5233 2000 5318 eis,
2028 5227 2132 5306 eterit

130 5363 227 5430 pum.
276 5337 454 5408 Dominus
473 5339 518 5408 ad
538 5338 708 5409 iodicium
726 5338 846 5410 veniet
863 5362 945 5412 cuns
965 5340 1113 5413 senibus
1160 5339 1211 5410 eis
1224 5337 1372 5430 gaudio,
1395 5350 1431 5409 et
1446 5336 1602 5408 vicissim
1615 5336 1852 5409 celebrabitur
1868 5335 1914 5405 ab
1929 5334 1995 5404 eis.
