4538 5754
108 263 190 340 w
707 242 837 321 rull„
861 243 981 323 MEL
1004 242 1216 323 SCRIPTA
1241 245 1543 325 uacuatos.
2066 248 2134 324 Mt

220 431 329 522 Quod
344 438 459 498 autem
474 421 517 491 de
533 417 657 513 poenis
671 416 856 489 obiicitur:
881 414 1010 498 Adam,
1026 414 1101 487 Da-
1150 427 1247 517 quod
1260 425 1355 495 idam
1373 437 1436 507 aar,
1462 420 1568 493 curs
1583 445 1603 493 a
1617 422 1769 514 peceati.
1783 432 1848 494 ate,
1898 420 1973 495 sod
1989 442 2068 491 non
2082 444 2133 492 ῃ.

120 536 202 621 vid,
229 533 353 614 Osias,
385 525 583 606 Manasses,
616 518 915 609 Nabogdonotor,
940 532 975 589 tt
996 519 1100 589 multi
1153 527 1311 615 prolixus
1327 526 1366 593 in
1381 520 1447 594 bae
1464 526 1691 615 grammatica
1706 523 1933 595 cavillatione
1949 526 2134 596 tractanda.

122 637 281 735 quotidie
301 630 520 725 puniuntur,
549 621 644 710 Ergo
661 644 741 691 tum
766 634 905 712 peccata
926 644 1001 691 που
1025 622 1102 688 tine
1124 640 1129 717 ξ
1152 623 1396 720 Opponantur
1423 627 1491 695 alia
1519 626 1675 698 illustria
1705 627 1926 707 testimonia,
1969 646 2064 719 quae
2089 624 2132 695 lo

122 739 247 834 poenis
261 734 496 810 remittantur,
519 723 712 793 necessaria
728 736 780 793 est
793 723 991 792 satisfactio.
1028 720 1102 792 Re-
1124 722 1129 807 ἑ
1152 743 1313 821 quuntur
1326 732 1371 797 de
1384 730 1536 817 gratuita
1551 728 1771 809 remissione,
1795 742 1831 799 et
1844 731 1890 798 de
1903 728 1976 798 fide
1990 728 2029 796 in
2038 720 2133 799 Clari·

123 841 296 934 spondeo:
331 830 499 920 Neganda
514 839 568 896 est
579 823 850 917 consequentia,
870 847 955 901 nam.
969 845 1103 914 poenae
1125 820 1129 837 ’
1153 845 1266 915 stum,
1292 843 1327 900 et
1343 832 1389 899 de
1404 829 1576 900 sacrificio
1590 827 1739 901 Cbristi.
1977 844 1982 852 ·

121 944 206 1015 illae
221 962 289 1009 nec
299 930 573 1011 satisfactiones,
596 948 660 995 nec
682 925 985 1017 comptntttifflss
1006 937 1104 1008 ⁸⁰⁰1,
1255 927 1432 1022 Origenes
1457 932 1724 1002 transformavit
1758 927 1851 1001 bane
1885 925 2132 1001 historismio

123 1067 189 1114 nec
208 1050 390 1110 merentur
410 1028 654 1103 remissionem
676 1027 799 1118 culpae
823 1026 1102 1095 necdamnatio-
1154 1033 1358 1123 allegoriam
1401 1055 1546 1123 prorsus
1586 1033 1871 1126 intempestivam
1908 1034 1955 1102 de
1988 1032 2131 1103 diabolo.

122 1146 191 1216 nis.
242 1139 313 1212 Sed
328 1149 412 1207 sunt
425 1130 618 1221 singularia
631 1126 699 1199 Dei
712 1150 831 1218 opera,
857 1128 988 1220 quibut
1002 1138 1104 1196 votat
1154 1136 1304 1227 Scripsit
1321 1135 1510 1225 significari
1529 1158 1592 1224 per
1606 1157 1722 1222 regem
1732 1133 2008 1229 Babylonicum,
2023 1133 2134 1203 diabo-
2163 1120 2166 1183 3

120 1248 239 1338 lapsos
255 1243 299 1313 ad
317 1234 582 1331 poenitentiam,
607 1243 667 1300 ³11¹
682 1243 817 1300 “treet
833 1228 992 1312 stsstt⁰¹o
1013 1231 1105 1297 ticut
1155 1237 1230 1307 lum
1254 1237 1404 1308 eiectum
1428 1259 1491 1327 per
1514 1238 1715 1326 superbiam
1733 1249 1797 1313 ete.
1847 1233 1896 1307 Et
1916 1235 2024 1305 aiunt
2044 1234 2134 1304 addi-
2163 1220 2166 1333 ᾗ

123 1348 383 1438 scriptumest:
420 1334 597 1409 iudicium
620 1356 639 1401 a
665 1333 773 1401 domo
797 1331 868 1401 Dei
891 1331 1038 1422 incipit,
1069 1342 1106 1399 ct
1155 1341 1248 1408 disse
1271 1361 1426 1408 errorem
1454 1339 1497 1405 de
1520 1338 1731 1409 liberatione
1753 1339 1901 1410 diaboli.
1964 1335 2037 1407 Sed
2063 1331 2134 1406 haec
2164 1342 2166 1349 '

123 1467 325 1544 quanquam
347 1439 444 1512 Deus
473 1437 551 1507 vult
578 1455 709 1526 poenas
737 1433 818 1503 illas
847 1434 1004 1524 exempla
1032 1453 1105 1501 esse
1157 1453 1357 1532 portentosa
1380 1439 1505 1508 deliria
1529 1440 1763 1532 improbanda
1785 1451 1887 1526 sunt,
1909 1450 1946 1508 et
1960 1437 2135 1529 fugiendae

122 1548 303 1631 omnibus,
324 1566 413 1636 quae
427 1541 642 1610 admoneant
658 1557 781 1604 omues
797 1537 842 1604 de
854 1536 906 1605 ira
922 1546 957 1603 et
971 1533 1125 1602 iudicio·
1157 1544 1330 1612 ,mutuae
1343 1541 1542 1631 allegoriae.
1824 1536 1830 1547 ’

123 1649 212 1735 Dei,
244 1662 364 1718 tamen
394 1641 515 1711 multis
547 1639 678 1730 parcit,
711 1650 750 1707 ut
781 1635 971 1718 Ninivitis,
1004 1648 1040 1705 et
1066 1634 1105 1702 in
1259 1640 1333 1712 Nos
1355 1636 1540 1712 historiam
1564 1641 1801 1729 retineamus,
1827 1655 1862 1712 et
1876 1636 2138 1711 meminerimus

122 1749 319 1840 Evangelio
336 1745 463 1837 passim
480 1739 630 1811 remittit
644 1737 867 1828 sinepoenis.
1151 1743 1295 1812 'illustre
1321 1742 1522 1836 exemplum
1551 1743 1790 1835 poenitentiae
1816 1742 2044 1836 propositum
2068 1760 2139 1822 ease,

222 1848 392 1939 Exempla
420 1865 613 1937 poenarum
635 1855 719 1912 sunt
749 1839 950 1909 testimonia
983 1835 1108 1907 iudicii
1159 1846 1292 1936 inquo
1316 1846 1552 1915 admonemur
1575 1848 1620 1914 de
1642 1845 1844 1932 securitate,
1869 1846 1914 1915 de
1933 1841 2083 1937 poenis,
2104 1840 2139 1910 de

122 1955 208 2040 Dei,
230 1953 327 2046 quod
344 1971 425 2017 vere
440 1946 537 2017 Deras
550 1943 743 2035 aliquando
758 1965 879 2012 omnes
895 1940 1025 2031 impios
1041 1962 1108 2030 pu-
1159 1948 1310 2035 gratuita
1343 1945 1551 2017 remissione
1592 1959 1836 2038 peccatorum,
1883 1947 1928 2016 de
1964 1942 2138 2015 vocatione

124 2059 267 2127 nisurus
280 2054 345 2131 sit,
371 2050 462 2118 sicut
480 2047 592 2139 prima
607 2043 730 2113 concio
747 2043 879 2135 inquit:
906 2041 946 2112 Si
965 2042 1108 2110 motefe-
1159 2044 1343 2132 Gentium,
1359 2050 1403 2117 de
1419 2048 1664 2140 promissione,
1690 2050 1734 2115 de
1753 2072 1835 2117 vera
1853 2048 1935 2132 fide,
1964 2047 2010 2116 de
2025 2040 2139 2117 fructi-
2162 2028 2167 2039 ’

122 2159 232 2238 ceris,
256 2166 434 2248 peccatum
451 2162 552 2219 tuum
569 2146 724 2238 quiescet
744 2146 859 2213 donec
881 2142 1109 2225 revelabitur,
1160 2152 1226 2220 bue
1239 2149 1499 2240 poenitentiae,
1528 2150 1573 2218 de
1590 2149 1793 2241 principum
1814 2146 1942 2219 officii,
1958 2160 2027 2219 εις,

122 2260 235 2352 Quasi
244 2257 353 2328 dicat:
368 2246 834 2342 Etsialiqnandiudiffertur
849 2268 973 2336 poena
990 2257 1025 2314 st
1040 2243 1109 2313 erit
1263 2247 1375 2320 Verae
1396 2251 1480 2320 fidei
1504 2274 1571 2319 vox
1594 2262 1663 2335 est,
1694 2274 1766 2343 qua
1789 2244 1849 2318 hic
1871 2246 2056 2341 cognoscit
2077 2268 2138 2316 nou

123 2387 247 2438 securo
262 2382 302 2429 ac
317 2355 434 2425 ocioso
450 2352 583 2441 animo,
609 2362 727 2419 umen
744 2348 887 2417 tandem
901 2344 1000 2416 Deus
1012 2345 1108 2415 iudi·
1160 2352 1275 2422 solum
1290 2351 1483 2443 potentiam
1497 2348 1586 2433 Ilei,
1612 2354 1674 2421 sed
1696 2351 1801 2421 etiam
1816 2351 2061 2435 voluntatem,
2084 2346 2140 2418 sci·
2165 2396 2167 2401 -

125 2469 220 2539 cabit
237 2478 271 2535 et
282 2458 417 2555 puniet.
1161 2454 1260 2537 licet,
1288 2454 1383 2547 quod
1409 2453 1534 2545 puniat
1555 2454 1745 2546 superbos,
1772 2466 1806 2523 et
1827 2453 1988 2523 remittat
2009 2460 2139 2542 pacem

183 2644 186 2651 ¹
226 2565 280 2635 Ex
295 2559 410 2632 Erod.
427 2555 508 2628 tu:
534 2548 611 2641 Ego
627 2564 744 2621 autem
768 2549 807 2617 in
822 2547 880 2618 die
896 2547 1110 2619 visitationis
1161 2555 1348 2645 agentibus
1372 2554 1644 2646 poenitentiam,
1669 2554 1833 2624 exaudiat
1855 2567 1889 2624 et
1910 2552 2023 2624 salvet
2047 2551 2139 2621 invo-

123 2693 224 2744 meae
244 2664 394 2735 visitabo
416 2670 555 2752 peccata
579 2675 719 2731 torum,
751 2648 863 2739 Qffltti
883 2651 995 2721 dicat:
1030 2645 1110 2719 Etsi
1161 2672 1290 2727 cantes.
1351 2653 1449 2725 Haec
1474 2653 1610 2745 agnitio
1635 2668 1687 2725 est
1711 2678 1794 2723 vera
1817 2654 1923 2738 fides,
1958 2676 2069 2748 quam
2092 2646 2139 2720 bic

125 2772 255 2846 differo
277 2785 425 2859 poenas,
459 2774 577 2831 temet!
606 2778 681 2824 ¹¹⁰ss
712 2766 895 2844 Pmpttttt
915 2751 1112 2822 existimflte
1161 2758 1358 2850 profitetur,
1375 2780 1454 2827 cum
1471 2759 1536 2827 ait:
1564 2754 1777 2827 Gradientes
1793 2755 1832 2823 in
1848 2756 2016 2848 superbia
2032 2749 2140 2823 humi-

124 2898 183 2947 me
204 2867 365 2943 oblivisci
387 2862 540 2945 scelera,
567 2880 642 2928 non
666 2851 823 2925 humano
847 2854 1015 2938 consilio,
1046 2853 1109 2921 scd
1161 2860 1238 2930 liat.
1288 2855 1384 2949 Ergo
1400 2859 1559 2948 agnoscit
1574 2854 1688 2929 Deum
1702 2878 1778 2926 non
1792 2857 1964 2939 ociosum,
1992 2857 2057 2926 sed
2070 2873 2140 2922 vere

126 2999 228 3055 meo,
249 2969 427 3042 constituo
442 2986 588 3057 porum,
612 2961 659 3029 do
683 2957 839 3049 spacium
863 2955 1113 3047 poeniteutiae,
1162 2961 1381 3053 punientem.

127 3080 208 3149 ideo
225 3070 336 3145 metui
351 3070 452 3148 volo,
476 3079 510 3136 et
523 3087 587 3133 vos
602 3064 646 3131 ad
667 3056 925 3151 poenitentiam
937 3081 1038 3127 voco·
1263 3059 1377 3132 Addit
1391 3061 1512 3132 etiam:
1540 3055 1679 3130 Omnes
1694 3060 1772 3129 viae
1783 3058 1859 3127 eius
1874 3057 2025 3143 iudicia,
2041 3057 2139 3132 idest,

208 3164 289 3248 ”sie
304 3175 348 3244 de
362 3168 488 3265 poenis
502 3165 726 3237 sentiendum
741 3175 813 3246 est,
839 3183 914 3229 uon
930 3161 1027 3252 quod
1040 3156 1113 3227 siut
1163 3163 1340 3256 praedicat
1355 3161 1472 3233 Deum
1489 3186 1561 3233 esse
1585 3163 1736 3245 iustum,
1762 3160 1970 3252 punientem
1988 3180 2067 3245 eos,
2089 3153 2139 3250 qui

127 3277 399 3358 satisfactiones,
421 3273 483 3341 sed
506 3269 578 3338 sint
602 3264 801 3336 testimonia
823 3261 948 3331 iudicii
962 3259 1051 3343 Dei,
1078 3271 1114 3328 et
1163 3266 1280 3357 ipsum
1311 3277 1566 3350 contemnunt,
1600 3277 1635 3333 et
1669 3262 1897 3353 recipientem
1929 3262 1969 3330 in
2005 3260 2137 3352 gratiam

128 3405 196 3453 nos
208 3389 336 3449 vocent
346 3376 391 3442 ad
406 3368 671 3463 poenitentiam,
687 3380 746 3435 aut
763 3362 1114 3434 exerceantSanctos.
1164 3380 1305 3454 agentes
1328 3367 1603 3458 poeniteutiam,
1637 3363 1729 3434 sicut
1752 3363 1785 3432 ei
1810 3358 1990 3453 Propheta
2006 3362 2138 3433 dixerat

220 3477 315 3550 attia
348 3472 524 3561 exempla,
556 3468 621 3538 ubi
648 3466 825 3556 mitigatae
858 3477 920 3533 tut
955 3463 1114 3533 sublatae
1164 3468 1253 3540 Nam
1278 3468 1321 3536 ad
1347 3463 1545 3560 Prophetae
1569 3465 1777 3536 concionem
1807 3463 2070 3554 respiciendum
2089 3470 2138 3537 est,

130 3595 215 3656 sunt
228 3600 373 3672 poenae,
395 3587 477 3644 sunt
492 3567 717 3640 dulcissimae
729 3566 1001 3648 consolationes,
1024 3586 1115 3657 quse
1165 3570 1334 3659 Agnoscit
1351 3592 1411 3637 rex
1426 3592 1493 3638 sea
1509 3570 1583 3640 lleo
1592 3567 1759 3659 punitum
1769 3587 1853 3650 esse,
1876 3579 1911 3635 et
1926 3588 2027 3636 nunc
2038 3580 2138 3665 poena

130 3696 305 3759 testantur
320 3675 504 3769 agentibus
520 3668 794 3763 poenitentiam,
820 3668 950 3738 remitti
967 3681 1028 3737 aut
1045 3665 1113 3734 nti·
1165 3674 1367 3742 liberatum.
1416 3670 1500 3761 Agit
1516 3671 1625 3760 igitur
1638 3668 1767 3758 gratias
1788 3691 1851 3755 pro
1867 3666 2090 3748 liberatione,
2110 3672 2137 3729 et
2167 3662 2169 3669 '

129 3785 234 3878 tigeri
249 3804 419 3876 poenam,
443 3776 534 3845 sicut
547 3776 652 3844 docet
667 3772 750 3844 Esa.
772 3794 845 3861 cap.
867 3773 897 3840 l.
1166 3776 1372 3844 recordatur
1388 3771 1653 3860 promissionis,
1679 3769 1791 3839 credit
1807 3769 2052 3839 remissionem
2068 3787 2138 3858 pec-

232 3884 420 3956 Caeterum
457 3877 615 3966 exempla
654 3872 885 3954 Sanctorum,
930 3883 971 3940 ut
1004 3865 1116 3951 Abel,
1167 3891 1326 3947 carorum
1341 3886 1406 3945 etc,

130 3985 269 4072 Esaiae,
295 3981 474 4060 ieremias,
500 3972 671 4047 lobannis
684 3972 872 4064 Baptistae,
894 3987 928 4042 et
943 3969 1115 4039 similium

131 4115 208 4162 non
230 4100 312 4159 sunt
334 4105 484 4178 poenae,
510 4081 570 4147 sed
595 4077 779 4157 exercitia,
811 4087 851 4144 ut
873 4087 956 4143 aute
980 4073 1115 4141 dictum
1547 4098 1613 4189 ca
1643 4109 1686 4184 ut
1716 4098 1761 4180 V

132 4208 196 4270 est,
233 4189 328 4280 Quia
344 4195 483 4277 oportet
495 4178 688 4250 Ecclesiam
708 4176 900 4246 subiectam
919 4196 992 4244 esse
1009 4171 1117 4254 cruci,
1613 4126 1640 4210 p
1762 4162 1773 4184 ⁸

132 4310 173 4367 ut
203 4302 368 4385 agnoscat
396 4282 676 4375 magnitudinem
712 4279 843 4369 peccati
874 4272 1050 4345 haerentis
1077 4273 1115 4340 in
1270 4268 1386 4361 Supra
1411 4266 1597 4361 proposuit
1627 4286 1744 4354 regem
1774 4274 1935 4351 agentem
1968 4256 2140 4352 poenitea-

133 4421 256 4479 carne,
288 4406 323 4465 et
343 4412 465 4460 rursus
489 4384 619 4454 abolita
641 4404 763 4460 carne,
795 4380 958 4452 inco'e'tur
978 4376 1134 4446 novitas.
1169 4375 1276 4456 tiam,
1305 4385 1339 4440 et
1361 4380 1614 4462 propagantem
1639 4388 1741 4435 veros
1764 4366 1913 4460 cultus,¹
1931 4383 2040 4455 quem
2062 4355 2142 4429 Μ

133 4495 329 4591 spiritualis
344 4493 437 4562 inter
450 4487 669 4557 afflictiones.
1170 4477 1275 4546 etiam
1297 4472 1438 4541 ornavit
1457 4469 1634 4560 praemiis.
1687 4466 1791 4536 Nunc
1809 4465 1911 4534 addit
1934 4456 2142 4533 contrariom

237 4599 337 4667 Haec
373 4592 526 4663 breviter
556 4589 600 4655 de
634 4582 886 4654 afflictionibus
914 4579 1046 4657 adieci,
1077 4589 1119 4648 ut
1141 4636 1145 4655 ,
1169 4575 1368 4663 exemplum
1402 4574 1495 4660 regis
1527 4570 1648 4662 impii,
1687 4567 1906 4638 restituentis
1943 4560 2144 4634 idolatriam

134 4704 283 4772 lectores
305 4693 478 4766 admoniti
502 4688 690 4780 repudient
702 4684 932 4753 deliramenta
950 4684 994 4750 de
1016 4680 1118 4749 satis·
1141 4660 1145 4753 Ι
1171 4675 1400 4765 nonagentis
1432 4673 1706 4765 poenitentiam,
1739 4692 1843 4763 quem
1870 4665 1969 4737 Deus
1995 4663 2144 4755 punitet

133 4800 366 4875 factionibus,
392 4807 427 4866 et
441 4793 556 4863 sciant
570 4812 635 4859 nec
650 4805 782 4881 poenas
796 4784 969 4854 divinitus
982 4784 1118 4869 irroga·
1142 4794 1147 4969 q
1170 4802 1280 4869 regno
1298 4779 1405 4847 exuit.
1743 4802 1748 4811 ·

135 4917 206 4987 tas,
230 4924 297 4970 nec
318 4909 438 4967 nostra
454 4916 559 4984 opera
577 4889 829 4960 satisfactiones
845 4908 929 4958 esse.
995 4948 1005 4957 .
1273 4878 1433 4949 Primum
1466 4888 1583 4945 autem
1616 4871 1764 4944 historia
1796 4868 2057 4941 consideranda
2088 4872 2146 4937 cst·

237 5001 307 5073 Sed
333 4995 393 5068 hic
418 4996 612 5078 obiiciunt,
639 4991 772 5061 Textus
797 4989 928 5082 inquit:
956 4985 1120 5059 Redime.
1170 4981 1452 5069 Nabogdonoaor
1466 4977 1625 5065 regnavit
1641 4997 1755 5043 annos
1770 4969 1832 5043 45.
1859 4969 1976 5040 Patris
1993 4969 2147 5076 pietatm·

135 5102 233 5194 Ergo
250 5102 422 5192 significat
442 5120 548 5188 opera
573 5106 647 5164 esse
670 5091 826 5182 precium
851 5114 911 5159 seu
940 5089 1117 5160 meritum.
1171 5085 1328 5154 imitatus
1343 5088 1393 5151 est
1409 5072 1801 5158 liliusEvilmerodacb,
1827 5073 1889 5168 qui
1908 5071 2074 5145 lecouise
2087 5083 2148 5153 rat

133 5205 350 5296 Respondeo
371 5200 541 5272 breviter:
570 5193 792 5265 Vocabulum
814 5191 988 5280 significat
1007 5211 1119 5259 cessa·
1173 5183 1259 5255 luda
1274 5182 1402 5256 tribuit
1416 5181 1551 5268 regium
1567 5175 1752 5261 honorem,
1778 5191 1812 5247 et
1828 5177 1966 5263 magnis
1980 5166 2149 5245 &nesci

134 5309 281 5392 tionem,
306 5326 381 5374 uon
395 5299 728 5392 compensationem,
754 5292 866 5382 Quasi
876 5293 986 5362 aliast:
1012 5289 1117 5362 Cassa
1168 5286 1285 5357 affecit
1310 5284 1483 5376 pupulum
1507 5281 1594 5363 Dei,
1627 5279 1789 5372 regnavit
1809 5292 1928 5349 autem
1952 5268 2148 5345 Eailrusso·

133 5409 338 5502 apeccatis,
363 5419 398 5478 et
420 5398 652 5483 rectefacito,
675 5418 738 5467 seu
754 5395 934 5466 liberates
955 5394 1116 5487 petis
1167 5383 1259 5461 dacb
1273 5408 1388 5457 annos
1399 5383 1464 5459 23.
1992 5404 1998 5415 ·
