4538 5754
122 122 208 196 ‚⁸31
389 197 394 205 ,
541 115 587 192 v.
639 114 692 191 rx
715 109 979 190 psalmum
1003 106 1323 190 rnoruurxu
1347 108 1768 198 conmonuemus.
2087 102 2201 209 aaa

128 307 186 363 est
199 304 498 375 cousentaneum,
509 284 741 358 'velleDeum
762 287 876 359 iacere
890 287 1041 358 deletam
1058 309 1125 378 po-
1276 277 1331 354 Ae
1345 280 1484 354 ludaeis
1498 283 1642 378 quidem
1659 302 1738 378 post
1751 286 1938 371 Danielem
1955 297 2069 372 facilis
2090 304 2160 375 luit

129 394 250 464 ligiam
275 394 427 478 diuma,
453 415 560 487 quam
582 390 727 473 florere,
753 389 781 458 si
799 413 876 458 cam
902 391 971 460 iam
995 413 1125 479 appro-
1173 384 1374 454 observatio
1398 409 1596 471 annorum,
1629 391 1834 477 praesertim
1859 419 1936 466 cum
1966 400 2068 473 ineo
2092 429 2158 497 po-

129 497 247 566 baret.
298 494 393 566 Sunt
408 506 524 563 autem
541 493 628 560 anni
642 514 664 559 a
678 493 758 561 data
777 491 852 579 lege
872 494 1044 583 usquead
1064 513 1124 557 ex·
1174 485 1259 576 pulo
1281 489 1480 557 sacerdotes
1495 498 1654 577 tempora
1671 490 1863 580 diligenter
1878 515 2099 591 annotarent,
2122 522 2157 578 et

128 597 271 669 cidium
288 595 632 687 Hierosolymorum,
655 607 755 684 capta
772 592 1001 677 urheaTito,
1027 592 1125 659 mille
1174 587 1279 657 multi
1302 600 1418 657 essent
1442 589 1615 677 longaevi.
1667 589 1858 664 Nehemias
1884 598 1948 690 qui
1970 602 2158 679 Danielem

129 698 324 793 quingenti
340 698 517 787 sexaginta
534 710 698 789 quatuor.
749 692 855 765 Nunc
877 707 1020 764 econtra
1036 694 1125 763 iacet
1174 711 1293 757 senem
1313 689 1451 760 viderat
1474 690 1694 776 adolescens,
1717 690 1960 768 Alexandrum
1981 724 2084 777 senex
2102 710 2158 777 vi-

100 872 109 901 ,
130 800 264 891 politia
279 799 394 869 deleta
418 795 638 870 annis1468
656 819 769 888 usqne
789 798 834 865 ad
858 792 955 865 hunc
977 819 1126 878 annum,
1174 791 1241 860 dit.
1293 787 1419 860 Postea
1438 785 1781 884 Antiochitempore
1800 799 1904 869 multi
1925 822 2025 873 senes
2046 810 2158 881 inter-

128 902 307 994 quoiam
325 921 555 970 numeramus
577 911 695 968 aneto
709 894 853 969 Christo
874 893 983 972 1542.
1033 895 1123 970 Cum
1174 890 1367 964 lectisunt.
1406 891 1570 964 Servavit
1591 909 1708 965 tamen
1724 894 1821 967 Deus
1835 904 2075 990 posteritatem
2093 912 2159 979 ali-

130 1002 247 1091 igitur
267 1014 339 1071 tam
355 1000 420 1072 diu
444 1002 555 1072 iaceat
576 999 701 1091 politia
729 997 890 1083 ludaico,
917 1021 1056 1068 necesse
1074 1012 1125 1067 est
1176 1017 1302 1086 quam,
1327 992 1474 1064 Simeon
1493 995 1556 1087 qui
1573 990 1752 1067 Christum
1764 999 1942 1072 infantem
1958 1008 2105 1093 gestavit
2123 1014 2158 1082 in

130 1102 347 1173 vaticinium
382 1100 487 1174 iacob
518 1102 704 1194 impletum
736 1125 829 1188 esse,
868 1125 909 1171 ac
939 1097 1123 1172 Christum
1175 1097 1276 1179 sinu,
1301 1095 1392 1165 vidit
1416 1096 1751 1179 adolescensssene⁸s
1779 1103 1839 1194 qui
1859 1102 2161 1179 Matabaeumvi·

127 1205 287 1277 mim·
998 1258 1000 1262 ,
1175 1200 1314 1270 derant.
1366 1197 1474 1266 Tales
1499 1198 1567 1266 viri
1595 1212 1755 1291 ternpore
1783 1227 1854 1295 quo
1875 1202 2037 1279 Christus
2058 1225 2162 1283 uatus

239 1316 295 1391 A„
308 1317 527 1391 solatrum,
540 1314 634 1390 hanc
649 1319 810 1411 politiam
829 1317 951 1398 delerf,
978 1333 1065 1404 pum,
1084 1331 1124 1388 up
1176 1311 1228 1368 est
1244 1297 1495 1369 intellexerunt
1512 1323 1625 1370 annos
1638 1295 1696 1371 hic
1715 1306 1917 1393 praefinitos
1940 1325 2057 1382 exacte
2073 1338 2162 1405 qua-

131 1435 227 1495 esset
244 1422 444 1514 exemplum
466 1423 541 1491 irae
555 1424 723 1491 adversus
744 1421 893 1511 impios,
917 1435 1015 1507 tum,
1040 1421 1125 1513 quia
1176 1402 1282 1471 drale
1298 1402 1343 1469 id
1357 1395 1492 1471 Christi
1509 1403 1713 1477 adleffium·

130 1547 211 1598 non
230 1525 403 1618 potuisset
416 1524 522 1593 eximi
538 1523 717 1616 persuasio
735 1517 944 1592 hominibus
960 1524 1005 1591 de
1020 1521 1124 1592 iusti·
1277 1515 1379 1590 Esset
1398 1534 1516 1590 autem
1539 1536 1573 1593 et
1596 1523 1701 1592 nobis
1717 1524 1858 1595 facilior
1870 1535 2161 1619 accommodatio,

131 1628 193 1698 cia
213 1627 321 1717 legis,
354 1625 384 1694 si
404 1627 566 1695 durasset
593 1647 632 1693 ea
657 1624 795 1715 politia.
850 1622 975 1693 Voluit
1006 1636 1122 1693 autern
1180 1621 1208 1689 si
1228 1622 1313 1689 anni
1336 1621 1580 1710 regniPersici
1597 1625 1727 1694 certius
1744 1630 1902 1699 annotati
1920 1648 2043 1703 essent.
2071 1634 2162 1706 Nam

130 1728 235 1801 Deus
264 1728 451 1798 ostendere
481 1728 571 1796 ritus
601 1726 702 1810 illos,
734 1748 809 1795 non
834 1747 908 1794 esse
934 1725 1123 1795 iusticiam.
1176 1736 1272 1791 retro
1296 1747 1315 1792 a
1339 1719 1475 1794 Christi
1504 1726 1690 1796 nativitate
1709 1750 1821 1821 usque
1850 1732 1895 1821 ad
1918 1732 2162 1808 Alexandrum

131 1828 249 1913 item,
276 1826 455 1899 iusticiam
482 1828 568 1916 legis
589 1850 663 1895 non
686 1849 759 1895 esse
775 1827 969 1912 iusticiam,
994 1828 1038 1895 de
1054 1850 1124 1919 qna
1176 1824 1284 1892 series
1304 1847 1480 1896 annorum
1507 1827 1679 1897 mediocri
1704 1829 1887 1919 diligentia
1916 1835 2162 1911 animadversa

133 1930 398 2001 concionantur
412 1929 675 2018 promissiones.
700 1927 787 1999 Item
800 1928 916 1998 voluit
930 1950 1126 2022 exaequare
1176 1939 1212 1995 et
1228 1925 1441 2016 praescripta
1456 1940 1519 2001 est.
1569 1926 1675 2000 Extat
1689 1930 1785 1999 enim
1800 1931 1838 2000 io
1854 1928 2055 2008 Ptolemaeo
2072 1953 2162 2010 tem-

124 2029 275 2103 .Gentes
292 2029 449 2114 ludaeis,
473 2042 514 2100 ut
535 2030 813 2121 intelligeremus
829 2028 1017 2122 perspicue
1043 2051 1125 2120 gra·
1176 2049 1243 2118 pus
1263 2040 1493 2109 annotatum,
1528 2050 1547 2097 a
1571 2043 1685 2100 morte
1707 2030 1902 2103 Alexandri
1927 2038 1974 2106 ad
2005 2040 2162 2131 primum

130 2134 266 2204 tuitam
283 2131 622 2206 reconciliationem.
1175 2152 1310 2197 annum
1327 2130 1428 2217 regni
1438 2130 1590 2219 Augusti
1606 2130 1846 2222 postAntonii
1861 2152 2022 2214 mortem.
2062 2140 2162 2212 Anni

240 2263 632 2338 porsonanieliefflm
647 2286 1125 2334 numemwnnommme,
1177 2230 1341 2301 videlieet
1362 2227 1449 2304 294.
1502 2231 1619 2303 Locos
1635 2246 1688 2303 est
1702 2234 1742 2302 in
1756 2235 1826 2304 line
1843 2235 1929 2308 libri
1948 2242 2059 2312 tertii:

131 2368 230 2440 latus
253 2380 305 2439 est
328 2367 505 2459 usquead
529 2361 664 2438 Christi
687 2365 987 2456 praedicationem
1011 2378 1044 2435 et
1068 2389 1125 2434 rc-
1174 2372 1241 2441 ἀπὸ
1263 2379 1299 2442 δὲ
1321 2378 1375 2457 τῆς
1394 2371 1590 2463 ἅλεξοίνδρου
1612 2381 1768 2461 τελευτῆς,
1789 2389 1886 2469 poppe
1908 2387 1962 2465 vis
1982 2383 2162 2472 atroam„

130 2470 405 2543 surrectionem.
449 2465 540 2537 Nam
555 2480 674 2558 postea
693 2480 773 2558 post
788 2467 991 2537 missionem
1007 2465 1125 2559 Spiri·
1164 2508 1167 2512 ι
1343 2482 1511 2563 βασιλείας
1532 2476 1585 2560 i'rp
1605 2481 1680 2548 294,

119 2564 341 2654 'husancth
364 2582 399 2639 et
414 2568 588 2639 incoatarn
603 2566 791 2659 Evangelii
815 2569 1126 2658 praedicationem,

138 2672 293 2766 populus
309 2668 472 2741 iudaicus
491 2669 622 2739 desinit
643 2693 717 2741 esse
741 2670 895 2762 populus
909 2668 985 2739 Dei.
1039 2668 1124 2739 ldeo

96 2816 100 2847 ·.
137 2797 210 2845 nou
241 2772 405 2867 loquitur
429 2772 474 2839 de
495 2795 590 2841 anno
613 2772 760 2856 excidii,
791 2774 919 2841 redde
943 2771 1126 2862 prioribus

96 2872 104 2967 ᾗ
137 2876 308 2971 usquead
323 2868 457 2945 Christi
470 2873 762 2941 resurrectionem
777 2886 810 2942 et
825 2873 976 2945 circiter.

96 2988 137 3067 t'
237 2990 411 3062 Nominat
450 3001 568 3058 autem
603 2989 826 3078 septuaginta
863 2985 1126 3074 hebdomadas,

139 3116 227 3191 quae
250 3092 386 3163 faciunt
416 3113 528 3160 annos
552 3089 830 3182 quadringentos
855 3108 888 3160 et
911 3087 1126 3181 nonaginta.

141 3194 231 3268 Sunt
261 3194 355 3263 enim
390 3191 640 3281 intelligendae
671 3215 848 3261 annorum
872 3187 1125 3279 hebdomades,
1174 3264 1289 3311 annos
1310 3241 1360 3314 30
1386 3237 1654 3337 Christiusque
1675 3250 1719 3315 ad
1747 3250 1960 3339 baptpsmum
1983 3254 2076 3343 eiu„
2113 3259 2164 3329 ita

136 3308 222 3369 'mm
245 3296 286 3367 3¹¹
303 3293 491 3463 miistffiig
502 3306 640 3464 mmuh?
655 3306 739 3463 ⁸¹¹Jf¹t
755 3293 809 3361 vel
826 3294 965 3364 d¹⁰¹⁰m
982 3295 1038 3362 vel
1059 3316 1125 3463 ahn
1174 3356 1280 3412 crunt
1301 3342 1386 3411 anni
1408 3340 1494 3417 354.
1520 3332 1645 3415 'Adde
1663 3372 1681 3416 a
1707 3363 1821 3420 morte
1845 3348 2043 3426 Alexandri
2067 3373 2162 3431 retro

142 3422 268 3470 florum
292 3392 467 3466 hebd⁰¹⁰³
495 3417 542 3469 ⁶⁸·
639 3409 828 3465 amenum
853 3409 904 3466 ⁰⁸²
927 3408 1045 3464 autem
1093 3420 1125 3465 ¹⁶
1173 3446 1338 3514 collectos
1367 3466 1481 3516 annos
1512 3470 1625 3540 usque
1656 3452 1701 3518 ad
1729 3456 1924 3525 secundum
1948 3454 2165 3547 Longimani

96 3502 107 3581 i
142 3502 279 3573 dierum
301 3494 544 3569 hebd⁰¹¹¹³d³⁸
564 3498 747 3567 numerari
770 3520 843 3565 '¹⁰¹¹
868 3519 980 3589 ΡΜ·
1032 3494 1123 3614 Nam
1173 3546 1269 3615 iuxta
1310 3564 1470 3634 graecam
1513 3554 1800 3641 supputationem
1834 3580 1948 3627 annos
1982 3562 2071 3648 1563
2113 3565 2164 3635 ita

96 3616 107 3695 3:
143 3599 360 3695 ΙθΡῑΰὸΒῖΰῑθ
385 3591 624 3668 hebd⁰¹⁰²dl³⁵
648 3598 786 3669 dierum
806 3597 1034 3668 musacium
1054 3621 1124 3666 ⁰¹³¹
1173 3661 1280 3718 erunt
1294 3649 1586 3718 anniasecundo
1603 3651 1816 3743 Longimani
1831 3678 1943 3750 usque
1958 3663 2000 3730 ad
2026 3665 2164 3757 baptis·

96 3700 106 3747 ἶ
143 3724 294 3781 innume
321 3698 497 3816 4¹¹¹⁰¹¹⁵ff⁸
519 3699 647 3816 ΨΜ
675 3697 731 3769 ¹4·
756 3695 838 3819 ,Εο
862 3713 1020 3792 ¹⁰m9⁰¹⁸
1042 3699 1125 3819 baffi
1173 3774 1271 3817 mum
1304 3723 1440 3821 Christi
1463 3747 1550 3821 490.
1604 3752 1676 3825 Tot
1708 3757 1794 3825 anni
1825 3772 1916 3832 sunt'
1942 3767 2163 3857 septuaginta

96 3750 106 3921 i
143 3816 284 3875 constat.
307 3824 372 3871 nec
400 3799 680 3870 aedificatronem
714 3801 987 3896 Hierosolymae
1017 3801 1125 3872 fuisse
1172 3846 1451 3921 hebdomadum,

96 3932 104 3981 ῖ
142 3905 356 3988 absolutam,
383 3924 456 3971 nec
481 3900 654 3992 populum
685 3903 892 3972 universum
920 3896 1037 3972 adhuc
1068 3927 1124 3971 re-
1582 3973 1591 3992 ·
2008 3981 2018 4000 .

137 4008 298 4081 'doctum
348 3999 495 4073 Necesse
516 4014 567 4072 est
582 4001 693 4091 igitur
713 4004 896 4073 numerari
911 3997 970 4072 h'ic
985 3997 1125 4073 hebdo·
1274 3967 1350 4041 cur
1371 3983 1490 4042 autem
1513 3973 1698 4044 “dmm
1717 3970 2161 4072 ὴὲ’ΠΕωῐῃὶωῑὸίῑῡῐὶθῐῦἃ

137 4110 259 4179 'madae
272 4129 461 4190 annorum,
487 4117 527 4175 ut
541 4101 691 4173 Levitici
707 4101 768 4191 25,
784 4105 822 4172 fit
837 4106 970 4174 mentio
984 4099 1124 4176 hebdo·
1174 4073 1328 4143 ³⁸⁰⁰¹¹d⁰
1346 4072 1559 4163 L⁰nssf¹¹¹³¹¹i
1579 4100 1673 4145 ³⁰⁰⁰
1692 4091 1810 4168 t>0⁵10³
1827 4080 1992 4155 dicemus·
2044 4085 2116 4160 Sed
2130 4091 2162 4158 si

96 4238 106 4301 ς
142 4212 282 4281 madum
306 4230 495 4280 annorum.
554 4203 648 4276 Sunt
670 4205 778 4293 igitur
800 4205 851 4275 70
886 4190 1125 4276 hebdomades
1174 4175 1230 4244 ⁰¹¹³
1247 4196 1321 4242 ¹¹⁰⁰
1346 4174 1459 4264 1)Ιῖἐει
1478 4177 1591 4246 “diri
1614 4201 1634 4247 ‘¹
1656 4177 1898 4267 L⁰⁰33¹¹¹³¹¹⁰s
1924 4186 1984 4253 ⁸⁸⁴¹
2004 4187 2158 4279 P⁰²5¹¹⁸³

96 4306 107 4395 ἑ
144 4333 315 4383 annorum
330 4306 603 4399 intelligendae,
629 4307 794 4379 videlicet
808 4307 885 4379 490
900 4307 998 4379 anni.
1172 4274 1259 4394 Cyri
1280 4271 1487 4345 ”mumma
1508 4293 1587 4368 {²⁰⁸²
1606 4293 1742 4398 tiliam
1762 4278 2002 4376 B³byl⁰¹¹ems
2029 4314 2160 4362 mnte-

96 4400 100 4443 ἱ
750 4426 753 4431 -
1173 4389 1274 4446 nient
1291 4372 1531 4447 hebdomades
1544 4376 1705 4451 Danielis
1722 4382 1766 4450 ad
1793 4397 1931 4475 tempus
1952 4413 2024 4485 quo
2042 4396 2158 4465 nasci·

369 4512 575 4590 Subductis
596 4509 887 4593 hebdomadum.
1005 4468 1010 4475 ⁵
1168 4475 1427 4563 '‘mmm'’
1452 4504 1527 4549 ¹¹⁰⁰
1544 4506 1615 4576 ‘1¹¹⁰
1631 4482 1836 4573 baptizatur.

239 4647 471 4721 Manifestum
496 4662 566 4731 est,
589 4643 768 4736 Angelum
787 4646 877 4723 velle
898 4660 1038 4739 tempus
1061 4670 1124 4740 pa·
1275 4641 1329 4717 Ac
1343 4658 1383 4717 ut
1402 4645 1578 4734 intelligat
1603 4647 1715 4717 lector
1730 4643 1821 4721 hanc
1844 4658 2158 4750 computationem,

100 4770 103 4775 ·
141 4752 306 4832 telacere,
332 4774 373 4821 ac
387 4749 578 4851 praefinire
596 4762 679 4840 post
700 4747 846 4818 exilium
860 4747 1122 4844 Babylonicum
1172 4770 1278 4842 quam
1294 4748 1368 4819 dixi
1389 4748 1609 4837 probabilem
1631 4770 1723 4834 csse,
1750 4756 1933 4827 annotatio
1957 4773 2158 4854 temporum

140 4876 251 4949 osque
266 4854 312 4923 ad
327 4848 511 4923 Christum
531 4873 594 4920 seu
615 4864 817 4920 nascentem
839 4872 901 4919 seu
917 4850 1124 4944 praedican-
1172 4849 1242 4919 alia
1259 4849 1472 4919 conferatur.
1520 4845 1666 4921 Certum
1689 4866 1740 4922 est
1756 4850 2002 4931 Alexandrum
2026 4864 2157 4956 cepisse

138 4968 226 5037 tem,
253 4966 344 5026 utet
366 4978 405 5024 ea
428 4965 523 5023 aetas
539 4954 582 5021 de
603 4953 758 5021 adventu
775 4949 927 5022 Messiae
953 4952 1124 5020 admone-
1161 4954 1318 5040 ·'regnare
1360 4944 1576 5044 Olympiade
1615 4952 1803 5024 centesima
1841 4960 2040 5034 undecima.
2101 4966 2155 5040 lta

136 5072 257 5141 retur,
283 5068 319 5127 et
341 5078 408 5127 uos
429 5054 742 5136 confirmaremur,
766 5076 807 5125 ac
824 5067 921 5124 certo
944 5051 1124 5136 sciremus,
1174 5074 1302 5140 magno
1330 5074 1505 5122 consensu
1535 5053 1708 5138 traditur,
1741 5070 1776 5126 et
1801 5075 2076 5134 consentaneum
2101 5084 2154 5141 est

135 5160 254 5231 deleta
282 5158 446 5230 fonditus
469 5153 612 5226 Iudaica
643 5155 789 5246 politia,
821 5155 892 5226 ism
918 5154 1125 5251 adparuisse
1173 5169 1320 5246 propter
1335 5153 1616 5242 magnitudinem
1631 5178 1751 5226 rerum
1766 5173 1940 5246 gestarum
1949 5160 2157 5251 Alexandri,

135 5259 319 5335 Moesiam.
1172 5267 1312 5348 tempus
1328 5255 1516 5346 diligenter
1529 5268 1739 5327 annotatum
1755 5282 1840 5330 esse.

187 5366 369 5431 Mensura.
397 5362 501 5430 Orsa.
529 5360 613 5426 var..
632 5358 729 5430 XIII.
1302 5411 1311 5427 .
1602 5354 1701 5487 RSD

1277 2631 1372 2721 Ergo
1389 2633 1419 2701 si
1436 2632 1654 2725 principium
1669 2633 1822 2728 Augusti
1845 2590 1924 2731 post
1940 2644 2163 2723 interfectum

1174 2729 1358 2802 Caesarem
1375 2730 1509 2804 habere
1524 2737 1630 2821 voles,
1652 2737 1865 2811 detrahendi
1880 2759 1986 2816 erunt
2001 2751 2085 2819 anni
2104 2753 2163 2825 12.

1173 2834 1360 2927 Eruutque
1381 2859 1401 2904 a
1424 2850 1538 2921 morte
1553 2836 1748 2910 Alexandri
1763 2845 1807 2911 ad
1826 2843 2050 2918 intersectum
2073 2850 2163 2923 Cae-

1174 2960 1287 3008 sarem
1313 2937 1401 3008 282.
1458 2935 1526 3008 His
1541 2941 1632 3008 adde
1655 2965 1768 3013 annos
1786 2947 1833 3016 4'2
1848 2946 2011 3036 Augusti,
2039 2968 2163 3025 erunt-

1175 3062 1244 3128 que
1259 3041 1301 3108 ad
1318 3051 1439 3108 natum
1457 3036 1640 3111 Christum
1656 3066 1675 3111 a
1690 3061 1803 3117 morte
1822 3048 2038 3136 Alexandri,
2066 3055 2164 3126 iuxta
2183 3084 2188 3091 ·

1175 3137 1266 3210 hanc
1276 3141 1588 3230 computationem,
1611 3145 1796 3226 annidssl,
1814 3151 2029 3226 velcirciter.
2057 3156 2162 3226 Adde
