4538 5754
66 197 166 272 uso
603 207 637 256 ·.
693 187 759 262 nr.
789 179 1514 264 1couuaucaauruesacuos,
1547 130 1563 300 ’ἡ
1917 295 1920 299 ,
1989 176 2089 267 raro
2127 129 2136 142 '¹

58 394 167 464 pore,
190 352 396 458 legens'hoc
412 352 639 444 suricinium,
662 373 697 432 et
711 360 820 433 simul
835 360 992 454 cogitans
1007 350 1070 430 de
1101 371 1270 454 semntur
1298 369 1334 430 et
1359 355 1617 430 confirmantur
1640 358 1780 433 diversa
1801 359 1952 439 ratione.
1974 361 2086 452 ‘'Nec
2133 440 2135 446 ,

62 469 280 544 successibus
307 483 342 538 et
362 465 520 536 victoriis
542 461 723 549 Turricis,
755 464 800 532 de
820 461 872 533 ira
896 461 981 551 Dei,
1006 463 1051 531 de
1101 461 1241 551 singula
1271 456 1468 547 conferam,
1516 463 1576 533 sed
1606 463 1749 533 defendi
1782 463 2016 537 idolomanias
2045 466 2086 536 in

62 569 302 644 Ecclesiarum
324 568 480 639 excidiis.
541 562 612 635 Sed
634 579 752 637 tamen
774 558 866 635 hanc
889 565 1049 636 consola·
1096 561 1280 655 pontificia
1304 561 1430 656 politia
1446 562 1673 636 manifestum
1690 577 1761 652 est,
1785 569 1935 658 prolana
1950 582 2085 660 specta-

61 674 198 746 tionem
227 660 426 743 teneamus:
459 691 566 763 qnam
590 667 682 752 dixi,
717 691 790 736 non
816 689 917 758 posse
938 665 1051 737 deleri
1099 666 1178 734 cula
1200 663 1414 749 Misenum,
1447 677 1482 735 et
1502 679 1726 738 mortuorum
1750 669 2009 754 invocationes,
2033 670 2085 738 le-

63 799 196 845 nomen
225 773 311 845 Filii
333 769 419 858 Dei,
450 794 526 840 non
554 763 717 841 lunditus
742 768 948 840 interituras
976 790 1051 838 esse
1099 790 1177 857 gem
1200 766 1306 837 etiam
1327 769 1372 836 de
1394 764 1591 854 coelibatu,
1610 770 1833 842 fontemesse
1848 794 1993 864 magnac
2008 785 2086 843 tur·

61 873 254 951 Ecclesias:
283 887 404 965 gerent
424 877 520 943 enim
534 871 669 941 bellum
688 895 768 941 cum
784 870 846 940 illa
860 869 1050 968 tyrannide
1098 869 1292 960 pitudinis,
1317 891 1422 938 nemo
1438 892 1567 961 negare
1585 884 1710 962 potest.

61 978 205 1047 inimica
231 973 384 1061 Christi,
416 997 506 1069 quae
529 973 599 1044 late
622 973 885 1055 dominabitur,
909 985 950 1044 ut
972 974 1049 1041 An·
1200 969 1271 1040 Sed
1296 965 1382 1040 haec
1403 970 1651 1063 superstitione
1673 976 1845 1067 quadam,
1878 990 1912 1048 et
1936 977 2084 1073 quibus-

60 1075 201 1151 tiochus
217 1079 287 1148 late
303 1076 567 1160 dominabatur,
593 1088 627 1143 et
638 1071 804 1145 iudaeam
821 1074 931 1167 ipsam
946 1096 1049 1166 prae·
1099 1071 1179 1140 dam
1208 1069 1404 1142 involucris
1431 1084 1520 1145 tecta
1548 1088 1642 1149 sunt.
1709 1075 1839 1167 Magis
1857 1078 2083 1171 impudenter

60 1181 161 1251 cidiis
185 1182 337 1251 tenebat.
402 1176 451 1249 Et
476 1192 593 1249 tamen
617 1176 729 1270 aliqui
750 1190 851 1246 erant
873 1175 1047 1246 exercitus
1098 1172 1233 1243 iactitat
1245 1172 1301 1242 lex
1311 1167 1527 1259 Mahometi,
1552 1176 1786 1248 contumelias
1801 1176 2084 1252 adversusChri-

60 1282 132 1376 pii,
166 1281 229 1375 qui
257 1281 369 1369 legem
390 1278 462 1350 Dei
486 1280 777 1371 propugnabant,
809 1290 844 1347 et
865 1276 1048 1371 aliquanto
1097 1288 1210 1354 stum,
1236 1287 1271 1344 et
1293 1272 1428 1364 flagitia
1450 1273 1658 1349 libidinum.
1709 1278 1807 1350 Haec
1828 1295 1934 1353 notae
1958 1280 2083 1354 aPro·
2202 1354 2206 1359 ,

60 1398 140 1475 post
161 1397 368 1472 recuperant
389 1380 571 1472 templum.
638 1377 736 1449 Haec
760 1374 908 1448 historia
931 1379 1047 1468 imago
1096 1371 1213 1468 phetis
1229 1373 1520 1462 indicatae'snnt,
1546 1390 1586 1448 ut
1602 1399 1668 1448 nos
1685 1402 1706 1448 a
1723 1380 1883 1453 doctrina
1899 1384 2084 1474 flagitiosa,

59 1499 112 1555 est
130 1509 250 1554 earum
269 1508 406 1569 rerum,
432 1506 523 1576 qnae
537 1505 634 1552 nunc
651 1481 689 1550 in
705 1475 863 1551 Ecclesia
877 1480 1048 1566 accident,
1098 1492 1132 1549 et
1148 1502 1168 1549 a
1184 1500 1294 1566 regno
1311 1478 1505 1548 execrando
1520 1479 1732 1553 deterreant.
1806 1571 1809 1579 1

58 1587 314 1675 grassabuntur
336 1584 468 1668 Terei,
500 1584 562 1652 sed
592 1594 698 1654 erunt
725 1595 844 1653 tamen
865 1581 1047 1667 exercitus,
1198 1576 1338 1649 Deinde
1354 1578 1613 1671 praedictiones
1629 1579 1784 1672 Spiritus
1800 1586 1912 1657 sancti
1925 1601 2084 1672 monent,

59 1689 222 1782 quamvis
237 1687 374 1776 exigui,
400 1685 462 1778 qui
478 1707 513 1753 se
531 1696 724 1776 opponent.
1096 1694 1138 1753 ut
1175 1682 1404 1778 adversemur
1437 1680 1620 1752 doctrinae
1656 1696 1691 1753 ct
1726 1706 1837 1774 regno
1869 1683 2082 1777 Mahometi,

160 1786 345 1859 Discamus
368 1788 476 1878 igitur
498 1781 585 1856 haec
607 1786 694 1866 tria,
725 1808 816 1878 quac
838 1786 882 1854 de
904 1780 960 1855 his
981 1809 1048 1878 po·
1097 1778 1236 1855 Omnes
1253 1805 1475 1875 opponamus
1493 1806 1612 1852 veram
1626 1783 1886 1858 invocationem
1902 1785 1990 1875 Dei,
2014 1788 2083 1862 Ec·

59 1891 199 1963 stremis
228 1889 395 1982 periculis
417 1888 594 1979 praedicta
618 1899 719 1970 sunt,
752 1911 797 1956 ne
819 1887 1047 1977 nosmagniss
1096 1885 1222 1955 clesiae
1245 1907 1367 1953 ornnes
1390 1898 1494 1957 orent
1508 1882 1648 1972 Deum,
1673 1889 1904 1979 ut'reprimat
1919 1912 2083 1981 grassan-

15 2066 23 2081 ‚
59 1995 146 2065 tudo
177 1991 316 2081 imperii
344 1989 507 2074 Tuccici,
532 2003 592 2060 aut
613 1983 791 2058 Ecclesiae
821 1988 937 2058 clades
967 2012 1043 2058 mo·
1097 1999 1169 2057 tem
1186 1985 1369 2056 diabolum
1385 1984 1424 2054 in
1438 1985 1723 2076 regnoTurcico.
1757 1986 2081 2079 Pugncmusetiam

58 2108 185 2178 ceant,
215 2107 256 2163 ut
277 2115 297 2162 a
318 2086 462 2161 Christo
482 2090 696 2160 deficiamus.
753 2086 933 2173 Primum,
963 2087 1047 2160 Non
1096 2112 1159 2158 suo
1181 2086 1330 2182 quisque
1354 2087 1450 2171 loco,
1481 2091 1647 2179 ¹doctores
1669 2089 1781 2179 legem
1805 2087 2081 2164 Mahometicam

59 2220 134 2267 esse
156 2192 427 2266 adsentiendum
454 2187 755 2282 regno'l'urciro,
780 2213 912 2259 nenos
935 2191 1046 2261 socie·
1095 2189 1267 2273 refutent,
1312 2187 1523 2275 patefaciant
1555 2190 1835 2285 turpitudinem,
1882 2209 2080 2267 monstrent

59 2312 129 2370 tate
152 2290 393 2387 blasphemiae
416 2305 538 2363 contra
560 2289 695 2376 Deum,
716 2305 749 2362 et
772 2291 1044 2383 parricidiorum
1095 2292 1188 2361 dicta
1210 2284 1492 2380 Prophetarum,
1525 2291 1587 2385 qui
1617 2316 1684 2362 nos
1707 2295 1932 2384 praemunire
1957 2297 2080 2367 volue-

58 2401 97 2471 in
120 2410 258 2472 sanctos
279 2396 497 2489 polluamus,
522 2392 605 2485 quia
618 2387 708 2485 haec
720 2394 792 2463 duo
808 2393 935 2465 tribuit
949 2391 1046 2464 Tur·
1095 2405 1192 2463 runt.
1256 2388 1428 2478 Politiae,
1460 2415 1551 2486 quac
1578 2393 1701 2465 colunt
1726 2395 1962 2486 Evangelium
1994 2395 2079 2468 Filii

58 2502 135 2572 ciro
158 2522 286 2590 regno,
313 2522 387 2589 cap.
402 2494 438 2572 7.
464 2517 642 2565 sermones
658 2508 780 2566 eontra
796 2496 972 2566 excelsum
989 2495 1046 2566 lo-
1093 2492 1182 2579 Dei,
1216 2490 1386 2564 dimicent
1414 2493 1534 2565 armis.
1588 2492 1689 2584 Quae
1719 2520 1822 2567 eausa
1853 2497 1948 2568 viros
1970 2499 2080 2571 sortes

59 2616 207 2698 quetur,
241 2613 275 2670 et
305 2612 444 2669 sanctos
475 2595 637 2668 altissimi
666 2608 835 2670 conteret.
898 2594 1047 2668 Constat
1093 2597 1138 2666 ad
1151 2594 1395 2666 dimicandum
1406 2588 1807 2668 vehementiusincitare
1818 2612 1943 2691 potest,
1970 2624 2078 2694 quam

58 2720 176 2776 autem
201 2701 367 2774 delirium
384 2693 684 2783 Mahometicum,
708 2699 827 2790 palam
850 2710 1046 2792 etexpro·
1093 2695 1251 2788 defensio
1274 2695 1471 2788 pudiciciae
1487 2697 1697 2788 coniugum,
1723 2699 1895 2786 filiarum,
1920 2701 2077 2773 filiorum
2206 2747 2208 2752 -

57 2808 149 2877 fesso
173 2803 466 2875 contumeliosum
490 2823 563 2870 esse
580 2812 703 2871 eontra
720 2797 853 2873 Filium
869 2798 948 2874 Dei.
999 2799 1047 2873 Et
1094 2811 1128 2870 et
1155 2794 1382 2868 honestarum
1410 2797 1528 2887 legum
1555 2799 1737 2890 coniugii?
1795 2799 1888 2890 Quis
1916 2817 2077 2876 nostrum

59 2921 175 2982 totum
194 2902 263 2976 hoc
285 2928 454 2994 regnum,
478 2902 603 2972 foedus
618 2915 670 2972 est
685 2902 836 2986 lactum,
861 2904 906 2972 ad
920 2902 1044 2972 delen·
1092 2924 1167 2971 non
1182 2899 1283 2971 malit
1296 2922 1371 2970 uno
1386 2893 1486 2971 hiatu
1500 2911 1611 2970 terrae
1627 2902 1829 2972 universam
1845 2901 2076 2976 Germaniam

57 3011 140 3081 dam
156 3006 305 3098 gloriam
324 3006 409 3078 Filii
427 3002 513 3089 Dei,
539 3016 574 3073 et
591 3003 635 3070 ad
651 3002 852 3094 parricidia.
970 3014 974 3024 '
1093 3024 1277 3086 corruere,
1310 3024 1349 3070 ac
1371 3000 1569 3072 vestitatem
1590 3002 1686 3087 fieri,
1714 3028 1819 3098 quam
1843 3005 1966 3075 inlecri
1989 3030 2076 3076 con-

160 3107 306 3180 hccedit
323 3108 369 3176 ad
386 3101 473 3193 hoc,
498 3105 593 3197 quod
611 3102 674 3195 qui
689 3105 846 3175 volentes
862 3126 898 3174 se
912 3105 1044 3176 adiun-
1093 3103 1254 3175 tumelias
1274 3098 1438 3184 Christo,
1456 3102 1621 3192 „coniugii
1642 3103 1927 3198 dissipationem,
1954 3108 2074 3199 publi-

58 3222 148 3303 gunt
166 3234 275 3300 regno
299 3197 471 3288 Turrim,
497 3207 617 3276 foedas
640 3219 676 3276 et
699 3205 850 3275 nefarias
874 3205 1044 3278 libidines
1092 3229 1168 3275 cam
1190 3204 1369 3274 licentiam
1389 3203 1553 3296 rapiendi
1573 3205 1697 3276 florem
1719 3207 1926 3282 iuventutis.
1976 3205 2074 3281 Haec

58 3313 287 3396 confirmant,
333 3332 423 3401 quae
452 3310 527 3397 lege
557 3301 757 3378 Mahometi
788 3309 1043 3385 conceduntur.
1090 3307 1184 3377 mala
1203 3305 1272 3374 viri
1294 3308 1403 3377 sortes
1425 3321 1606 3393 metuunt,
1632 3300 1720 3377 haec
1735 3310 1897 3399 fugiunt,
1925 3306 2075 3382 haecne

57 3414 191 3505 Magna
210 3411 395 3504 turpitudo
414 3409 482 3480 luit
498 3410 538 3477 in
553 3405 703 3479 Graecia
717 3422 752 3481 et
769 3409 807 3477 in
823 3404 907 3479 Asia
916 3459 935 3495 „
955 3410 1043 3482 Ale·
1091 3408 1269 3499 accidant,
1293 3429 1368 3477 non
1391 3408 1507 3479 solum
1529 3408 1697 3480 dimicare
1718 3410 1756 3480 in
1776 3410 1867 3496 acie,
1891 3412 2073 3483 sedetiam

56 3514 185 3587 xandri
208 3527 381 3604 tempore,
411 3523 446 3582 et
468 3523 587 3603 postea
612 3533 737 3602 magna
753 3508 891 3583 Romae
910 3511 947 3580 in
964 3512 1042 3605 ipso
1090 3524 1242 3581 mortem
1270 3522 1435 3601 oppetere
1462 3510 1659 3600 gloriosum
1688 3513 1834 3584 ducunt.
1910 3511 2074 3609 Cumque

56 3615 201 3716 imperii
224 3615 331 3699 llere,
354 3615 415 3683 sed
441 3625 560 3684 tamen
581 3612 672 3700 leges
687 3626 793 3683 erant
810 3609 1040 3686 honestiores.
1091 3626 1208 3685 tantae
1220 3608 1293 3681 sint
1306 3611 1500 3683 dimicandi
1514 3636 1654 3699 causae,
1678 3612 1750 3685 sint
1763 3615 1980 3703 occasiones,
2000 3618 2096 3688 sint·

54 3707 112 3791 'Ar
128 3718 184 3787 lex
207 3710 406 3787 Mahometi
429 3713 590 3785 concedit
613 3715 760 3799 ducere,
785 3713 981 3800 dimittere,
1008 3731 1043 3789 et
1091 3713 1206 3785 studia
1229 3713 1369 3803 populi,
1394 3714 1587 3785 dolendum
1608 3728 1659 3787 est
1675 3715 1722 3787 ita
1738 3740 1803 3787 nos
1817 3741 1967 3805 cessare,
1990 3742 2073 3788 cum
2127 3741 2130 3748 ·

56 3820 220 3893 dimissas
244 3838 365 3887 rursus
388 3817 529 3885 ducere.
580 3813 663 3886 Hoc
683 3838 826 3906 prorsus
848 3829 902 3888 est
917 3818 1042 3889 tollere
1089 3811 1202 3885 hostis
1224 3812 1260 3882 in
1283 3829 1483 3907 conspectu.
1534 3813 1680 3889 Utinam
1701 3817 1810 3908 igitur
1823 3815 1920 3891 Deus
1935 3819 2072 3890 exusci-
2201 3859 2206 3870 ι

10 3966 17 3977 -
55 3920 213 4009 coniugii
243 3932 450 4010 perpetuum
480 3916 623 4001 foedus,
656 3929 691 3986 et
707 3941 795 3987 non
818 3918 933 3988 solum
961 3944 1041 3992 curn
1071 3930 1139 4004 ⁴tet
1160 3915 1300 3987 tandem
1323 3917 1448 4005 duces,
1472 3930 1513 3988 ut
1530 3919 1682 4008 patriae,
1707 3934 1748 3991 ut
1761 3916 1957 4001 Ecclesiae,
1980 3944 2073 4014 quae

55 4018 196 4096 Christi
211 4022 305 4091 dicto
321 4031 473 4111 pugnat,
498 4019 557 4087 sed
574 4018 678 4088 etiam
693 4042 774 4107 cum
790 4017 918 4090 Moise.
1090 4034 1141 4091 cst
1154 4018 1259 4088 altera
1272 4019 1397 4107 patria,
1422 4019 1463 4092 ut
1477 4042 1560 4090 suae
1574 4021 1731 4111 privatae
1743 4020 1847 4093 saluti
1861 4022 2058 4111 consulant.

159 4122 212 4193 hc
228 4121 308 4192 talis
322 4120 562 4200 consuetudo,
588 4119 675 4213 quid
690 4133 743 4190 est
758 4119 828 4189 uisi
844 4120 1041 4211 promiscua
1189 4113 1333 4201 Tertio,
1363 4144 1438 4190 non
1459 4122 1573 4191 solum
1597 4120 1753 4212 pericula
1770 4124 1965 4194 ostendunt
1978 4121 2068 4194 Pro·
2149 4112 2152 4119 ¹

54 4226 229 4324 quaedam
254 4222 442 4307 scortatio,
474 4222 619 4307 ducere,
652 4221 855 4321 extrudere,
889 4224 1041 4292 vendere
1089 4213 1230 4311 phetae,
1262 4242 1327 4288 nec
1354 4233 1501 4291 monent
1529 4233 1667 4292 tantum
1696 4222 1862 4312 fugienda
1882 4248 1974 4311 esse,
2006 4227 2069 4296 sed

54 4327 173 4418 alteri,
197 4348 320 4395 cursus
333 4346 449 4394 emere
464 4335 652 4402 extrusam.
702 4319 851 4393 Nullum
868 4335 918 4394 est
933 4324 1041 4414 igitur
1089 4319 1190 4390 etiam
1205 4320 1482 4392 consolationem
1495 4322 1644 4392 addunt.
1685 4321 1770 4394 Late
1786 4326 1970 4414 vagabitur
1984 4328 2067 4398 bar-

53 4453 140 4503 vere
170 4425 373 4516 coniugium
405 4423 544 4516 legibus
565 4421 740 4495 Turricis.
798 4420 847 4495 Et
867 4416 941 4518 ipsa
964 4425 1040 4514 lege
1088 4419 1197 4492 baries
1223 4418 1305 4512 Gog
1327 4434 1361 4493 et
1382 4422 1531 4514 Magog,
1561 4447 1650 4517 quos
1671 4447 1743 4495 esse
1760 4423 1896 4496 Triccas
1917 4430 2067 4498 omnino

54 4529 265 4605 conceditur
286 4527 400 4597 maior
422 4524 617 4618 turpitudo.
667 4522 797 4595 Daniel
812 4538 914 4597 notas
928 4526 1040 4597 tradi·
1085 4535 1358 4595 consentaneum
1381 4538 1452 4610 est,
1481 4526 1541 4594 sed
1567 4537 1685 4594 tamen
1705 4528 1753 4598 ait
1778 4524 1909 4598 Daniel
1933 4533 1978 4601 de
2000 4555 2068 4620 po·

54 4635 112 4709 dit
132 4623 368 4718 Antichristi,
399 4641 441 4699 ut
471 4627 620 4715 agnosci,
644 4639 679 4698 et
703 4627 808 4698 vitari
830 4627 960 4720 possit,
992 4628 1041 4698 ait
1083 4637 1209 4694 strema
1238 4626 1362 4696 mundi
1389 4635 1517 4699 aetate:
1554 4623 1731 4719 Tempore
1761 4629 1824 4698 illo
1852 4629 1960 4702 stabit
1990 4629 2065 4700 Mi-

53 4755 188 4808 novam
219 4729 418 4801 doctrinam
447 4727 738 4799 contumeliosam
763 4743 886 4801 contra
907 4726 1039 4799 Pilium
1082 4722 1182 4799 chael
1206 4727 1277 4797 dux
1300 4750 1447 4817 magnus
1467 4752 1534 4819 pro
1557 4727 1640 4797 bliis
1657 4732 1780 4820 populi
1803 4732 1866 4808 tui.
1928 4729 2065 4803 Ducem

53 4834 126 4913 Dei
148 4831 413 4927 propositurum
433 4853 518 4900 esse.
569 4825 684 4901 Addit
700 4843 734 4900 et
747 4830 891 4901 alteram
908 4843 1038 4913 notam,
1081 4828 1247 4918 intelligit
1264 4827 1395 4899 Filium
1410 4826 1489 4904 Dei.
1541 4827 1610 4900 Hic
1629 4828 1753 4918 stabit,
1779 4858 1853 4903 non
1872 4833 2067 4926 fugabitur,

53 4935 289 5012 contumelias
310 4932 476 5004 foeminei
491 4954 603 5004 sexus.
656 4931 756 5002 Haec
773 4932 835 5003 ubi
852 4931 966 5024 palam
982 4956 1037 5002 so·
1082 4953 1156 4999 non
1180 4944 1374 5014 evertetur,
1399 4933 1460 5001 sed
1483 4931 1667 5003 dimicabit
1681 4958 1746 5023 pro
1761 4929 1937 5020 Ecclesia,
1960 4937 2065 5009 ducet

53 5053 122 5115 nat
139 5037 215 5130 ipsa
236 5036 323 5125 legis
346 5059 435 5118 vox,
461 5058 536 5104 uon
557 5032 795 5119 dubitandum
818 5048 888 5120 est,
912 5034 964 5104 ibi
983 5056 1032 5104 re·
1080 5031 1159 5122 pios
1188 5035 1378 5113 exercitus,
1422 5033 1654 5124 praeliabitur
1684 5036 1722 5104 in
1751 5037 1843 5119 acie,
1881 5038 2064 5111 adiuvabit

54 5163 168 5237 gnum
184 5161 257 5208 esse
274 5130 497 5208 Antichristi.
1080 5133 1158 5224 pios
1172 5134 1320 5219 milites,
1346 5149 1384 5206 ut
1400 5135 1589 5206 adiuvabat
1600 5135 1802 5209 Maccabaei
1816 5141 2004 5210 exercitum
2022 5140 2063 5210 in

160 5239 375 5332 Quanquam
402 5249 518 5307 autem
548 5235 737 5309 dissimiles
768 5252 852 5308 runt
883 5235 1034 5329 politiae,
1081 5239 1323 5326 recuperando
1346 5237 1499 5330 templo,
1521 5237 1559 5305 in
1582 5242 1768 5310 evertenda
1790 5239 1884 5312 Iovis
1900 5237 2063 5334 Olympii

55 5337 298 5443 Mahometica
328 5353 363 5411 ct
383 5336 591 5428 Pontificio,
623 5353 742 5410 tamen
763 5341 884 5411 eadem
907 5335 1031 5430 flagitia
1079 5349 1212 5424 datus,
1249 5339 1288 5408 in
1316 5338 1501 5410 abolendis
1530 5335 1828 5431 Bacchanalibus,
1866 5344 1928 5414 scd
1956 5342 2062 5415 simul
