4538 5754
121 213 218 289 raas
242 314 251 323 ,

119 386 411 469 invocationem,
453 384 753 477 praedicationem
787 399 821 456 et
857 385 1116 477 professionem

121 515 181 559 seu
208 490 450 559 testimonium
477 502 618 556 nostrae
641 488 838 557 sententiae
865 490 909 557 de
932 487 1117 576 religione,

39 589 46 599 ’
122 594 220 684 quod
236 590 376 659 ostendi
392 591 531 679 oportet
549 612 622 656 non
647 588 763 657 solun·
784 614 863 656 cum
889 592 933 657 de
952 589 1116 658 doctrina

122 695 405 781 interrogamur,
432 689 613 760 sedetiam
632 690 669 758 in
689 692 868 770 moribus,
892 692 1020 761 intuta
1041 692 1113 760 vita

122 797 239 864 lucere
257 796 359 877 debet
377 793 567 883 professio,
595 793 642 860 ita
666 807 706 861 ut
729 794 966 881 significemus
990 793 1027 859 in
1048 816 1116 883 pu-

95 957 98 964 .
122 898 226 967 blicis
251 913 284 967 ct
309 896 455 986 privatis
478 894 652 983 negociis,
680 918 745 962 nos
762 891 857 963 hunc
873 891 989 962 Deum
1009 894 1115 961 iuvo-

123 1023 220 1080 care,
248 1000 311 1090 qui
329 997 424 1066 misit
441 995 575 1066 Filium
592 1020 714 1079 suum,
740 1011 779 1064 ut
798 999 840 1064 sit
864 992 966 1089 lapis
992 1020 1115 1089 angu-

124 1098 239 1184 laris,
256 1097 323 1168 hoc
340 1115 408 1181 est,
428 1100 582 1168 salvator
595 1094 782 1166 Ecclesiae.
834 1096 882 1166 Hi
899 1098 1014 1177 cultus
1033 1123 1114 1187 pro-

124 1204 194 1294 prii
214 1216 297 1270 sunt
320 1198 516 1284 Ecclesiae,
545 1201 727 1282 invocare,
743 1202 868 1269 ducere
889 1214 923 1270 et
944 1200 1113 1289 profiteri,

18 1324 21 1329 ’
124 1307 215 1373 sicut
240 1304 327 1371 alias
351 1303 486 1372 dietum
511 1302 624 1371 estin
649 1325 753 1371 versu
775 1300 925 1371 Psalmi:
952 1300 1113 1386 Credidi,

124 1421 271 1498 propter
286 1407 381 1498 quod
400 1405 537 1475 locutus
552 1425 642 1475 sum.

894 1496 905 1521 s

227 1542 387 1632 Speciem
402 1556 519 1609 autem
538 1536 715 1610 Ecclesiae
730 1540 915 1622 describit,
931 1539 1111 1632 inquiens:

126 1641 228 1741 Quia
253 1637 468 1714 humiliasti
489 1665 555 1716 me.
608 1640 723 1732 Supra
747 1643 880 1712 dictum
906 1653 956 1709 est
974 1640 1112 1732 aliquo-

127 1755 212 1831 ties,
244 1742 436 1815 Ecclesiam
458 1746 496 1813 in
518 1740 584 1814 hae
616 1745 689 1815 vita
711 1746 901 1813 subiectam
918 1765 990 1811 esse
1006 1741 1113 1822 cruci,

90 1856 93 1865 '
127 1849 284 1918 mirabili
310 1848 459 1917 consilio
481 1844 568 1932 Dei,
597 1871 676 1915 cum
702 1859 847 1937 propter
869 1845 956 1913 alias
980 1866 1113 1925 causas,

128 1964 202 2018 tum
235 1951 318 2043 quia
351 1949 554 2018 circumfert
586 1962 765 2038 peccatum
790 1948 828 2016 in
855 1965 980 2025 carne,
1016 1945 1112 2039 quod

126 2053 224 2123 Deus
246 2053 323 2122 vult
346 2049 551 2122 mortificari
578 2051 615 2117 in
632 2051 759 2120 sanctis
782 2050 820 2117 in
836 2043 901 2117 bae
920 2048 1009 2127 vita,
1037 2047 1114 2116 vult

128 2155 232 2223 etiam
254 2151 352 2224 Deus
377 2152 534 2245 conspici
557 2154 751 2242 potentiam
776 2174 875 2219 suam
903 2150 940 2216 in
963 2149 1113 2217 infirmis

128 2270 250 2325 contra
269 2256 463 2346 potentiam
485 2255 641 2334 diaboli,
669 2252 911 2344 belligerantis
936 2250 1112 2342 multipli-

127 2359 213 2429 citer
228 2372 348 2428 contra
366 2354 572 2428 Ecclesiam.

230 2491 327 2562 Haec
360 2492 550 2561 certamina
583 2488 761 2581 praedicta
793 2502 875 2561 sunt
899 2488 1005 2558 initio
1036 2501 1114 2580 post

130 2596 266 2686 lapsum
290 2595 407 2672 Adae,
448 2593 511 2662 ubi
538 2593 669 2662 dicitur
692 2595 736 2662 de
770 2592 903 2660 semine
938 2590 1113 2659 mulieris:

130 2696 249 2786 lpsum
283 2694 505 2765 conculcabit
539 2710 644 2783 caput
671 2695 860 2785 serpentis,
903 2706 938 2765 et
971 2714 1115 2784 serpens

130 2799 309 2868 mordebit
335 2798 535 2866 calcaneum
560 2797 646 2866 eius.
702 2794 779 2865 Hos
802 2808 995 2865 venenatos
1017 2819 1113 2862 mor·

130 2923 188 2970 sus
204 2899 382 2992 experitur
398 2895 553 2968 Ecclesia
568 2898 729 2968 omnium
751 2914 968 2990 temporum,
995 2898 1113 2988 priva·

128 3005 194 3072 tim
213 3017 247 3073 et
263 3002 416 3093 publice.
468 2999 561 3071 Nota
584 3014 635 3070 est
658 3001 802 3069 saevitia
827 3000 968 3090 publica
992 3012 1115 3092 tyran-

95 3138 100 3147 ·
128 3130 275 3188 norum,
315 3127 404 3197 quae
435 3104 554 3172 statim
588 3116 747 3192 tempore
777 3100 863 3172 Cain
895 3102 1039 3184 exarsit,
1080 3114 1113 3168 et

127 3207 257 3276 deinde
282 3220 360 3295 post
385 3202 561 3274 diluvium
585 3205 713 3287 crevit,
734 3229 814 3274 cum
838 3217 979 3272 exortae
999 3217 1114 3272 esseut

128 3303 365 3378 monarchiae.
424 3303 471 3376 Et
495 3330 590 3376 nunc
613 3307 651 3374 in
679 3308 748 3375 line
772 3306 898 3375 mundi
925 3305 1114 3374 durissime

129 3423 313 3504 quassatur
341 3406 519 3494 Ecclesia,
552 3432 571 3477 a
596 3406 744 3493 Turcis,
776 3432 797 3477 a
822 3407 1048 3497 pontificibus
1079 3421 1115 3476 et

129 3513 281 3600 regibus.
331 3506 380 3580 Et
400 3505 492 3580 hanc
515 3510 695 3580 saevitiam
718 3510 781 3578 alii
804 3509 933 3598 magis,
958 3509 1019 3578 alii
1046 3508 1114 3576 mi-

128 3636 195 3684 nus
211 3612 452 3704 experiuntur.
502 3611 572 3684 Sed
594 3626 713 3684 tamen
730 3607 819 3682 ethi
835 3612 897 3705 qui
912 3611 1035 3702 procul
1050 3614 1113 3681 ab·

129 3729 244 3784 sunta
264 3715 402 3804 publica
421 3715 628 3808 tyrannide,
656 3708 790 3785 habent
813 3737 894 3784 suas
915 3737 1114 3797 aenunnas,

129 3818 260 3907 singuli
279 3815 418 3886 tametsi
433 3817 580 3907 privati,
605 3829 639 3887 et
656 3829 753 3887 extra
768 3817 843 3887 loca
864 3816 1029 3907 periculis
1047 3818 1112 3885 ob-

130 3922 235 3990 noxia
260 3921 442 4008 degentes,
472 3919 632 3989 sentiunt
656 3913 848 3990 horribiles
873 3941 1013 3986 morsus
1035 3917 1112 3986 dia-

128 4024 222 4105 boli,
247 4022 308 4115 qui
333 4021 386 4088 vel
408 4044 555 4111 corpora
577 4033 801 4101 sanctorum,
829 4019 1032 4105 velritam,
1056 4019 1111 4086 vel

126 4125 279 4193 familias
296 4136 497 4213 oppugnat,
523 4135 563 4192 ut
587 4121 784 4213 implicatos
810 4121 990 4192 acerrimis
1010 4119 1113 4191 dolo·

128 4227 227 4296 ribus
242 4226 449 4310 interficiat,
469 4225 524 4296 vel
538 4225 584 4294 ad
600 4225 880 4316 desperationem
898 4218 1025 4297 trahat.
1060 4224 1111 4293 lta

128 4342 306 4417 grassatur
329 4351 472 4419 serpens
501 4328 579 4407 ille,
615 4339 719 4397 autor
749 4327 880 4417 pcccati
912 4340 946 4396 et
976 4327 1111 4406 mortis,

127 4429 190 4500 etsi
206 4430 308 4521 pauci
326 4425 489 4499 homines
503 4443 698 4519 agnoscunt
712 4451 834 4499 causas
848 4441 1026 4499 tantonrm
1037 4451 1113 4497 ma-

127 4530 254 4602 lorum.
308 4530 376 4600 Sed
396 4527 552 4600 Ecclesia
566 4531 631 4600 scit
653 4555 690 4599 se
708 4531 833 4600 luctari
857 4555 936 4599 cum
954 4529 1112 4610 diabolo,

128 4635 193 4703 scit
204 4619 388 4702 diabolum
404 4629 621 4704 essehostem
632 4629 808 4716 FiliiDei,
826 4629 1033 4702 scitFiliurn
1043 4630 1111 4700 Dei

128 4747 398 4825 propagatorem
424 4758 497 4804 esse
514 4732 710 4819 Ecclesiae,
736 4731 878 4805 ethanc
892 4735 936 4803 ad
954 4734 1109 4822 ingentia

127 4837 317 4904 certamina
335 4851 491 4907 vocatam
516 4861 609 4921 esse,
633 4837 725 4909 sicut
741 4834 799 4907 hic
815 4836 946 4908 dicitur
966 4837 1011 4905 de
1035 4861 1111 4903 cer-

128 4938 321 5026 taminibus
336 4953 371 5010 et
385 4941 429 5008 de
443 4939 603 5009 victoria.
657 4936 719 5008 Ait
736 4963 773 5009 se
796 4952 987 5032 utrumque
1010 4960 1109 5028 prae-

127 5039 324 5110 dicaturum
341 5063 431 5120 esse,
458 5044 553 5132 quod
572 5041 617 5112 sit
631 5036 840 5112 humiliatus
857 5055 891 5111 et
904 5041 1084 5110 liberatus.

180 5204 190 5253 t
226 5171 291 5244 Est
314 5200 396 5266 ergo
411 5170 498 5244 haec
514 5177 646 5268 species
662 5173 859 5257 Ecclesiae,
894 5173 958 5248 Est
975 5177 1110 5265 exigua,

9 5362 14 5371 ¹
127 5277 326 5360 imbecillis,
352 5300 516 5368 oppressa
534 5279 723 5372 tyrannide
740 5280 952 5371 impiorum,
970 5281 1108 5371 experi-

125 5389 184 5448 tur
199 5392 233 5447 et
249 5379 414 5456 privatim
435 5402 575 5451 morsus
592 5381 746 5451 diaboli:
780 5385 840 5452 sed
862 5382 1007 5454 interim
1034 5405 1107 5451 ser·
1132 5410 1137 5466 3

642 312 646 321 ¹
720 207 844 284 eurr.
873 207 990 288 usa.
1016 209 1227 287 semera
1256 170 1558 287 exscertus.

1995 208 2001 213 ¹
2063 223 2153 299 1444

1142 397 1146 441 t
1168 397 1272 456 vatur
1288 399 1322 456 et
1341 387 1514 456 liberatur
1535 388 1690 457 mirabili
1716 394 1844 474 modo,
1871 391 1965 461 sicut
1989 391 2066 463 Noe'
2087 418 2153 465 scr-

1167 502 1272 556 vatur
1295 490 1333 556 in
1356 489 1516 573 diluvio,
1542 490 1631 560 sicut
1648 489 1765 562 David
1794 494 2057 564 defendebatur
2076 521 2153 566 con·

1166 602 1220 658 tra
1243 589 1426 660 saevitiam
1449 589 1555 669 Saul,
1587 592 1678 662 sicut
1707 592 1826 679 Elias,
1852 593 2022 666 Etisaeus
2044 610 2079 666 et
2095 599 2153 668 alii

1165 686 1366 781 Prophetae
1381 693 1517 760 defensi
1541 706 1624 762 sunt
1642 709 1764 765 contra
1787 710 1983 790 tyrannos,
2007 700 2153 793 denique

1166 805 1204 861 ut
1230 791 1345 863 David
1366 797 1574 862 servabatur
1595 795 1688 865 inter
1712 799 1844 870 leones.
1898 795 2000 867 Haec
2023 824 2153 892 semper

1164 907 1216 962 est
1247 919 1348 963 verae
1378 892 1557 964 Ecclesiae
1589 900 1734 986 species.
1793 897 1839 968 Et
1861 893 1900 967 hi
1927 912 2015 971 sunt
2044 904 2152 974 cultus

1166 998 1301 1086 proprii
1324 994 1522 1081 Ecclesiae,
1555 999 1723 1088 patientia
1746 1001 1786 1070 in
1808 996 1865 1069 bis
1887 1004 2093 1088 aerumnis,
2123 1020 2152 1076 et

1164 1099 1342 1170 invocatio
1358 1097 1444 1185 Dei,
1471 1100 1646 1169 confessio
1663 1116 1697 1171 et
1713 1102 1925 1188 celebratio,
1951 1117 1993 1174 ut
2009 1128 2077 1174 nos
2093 1107 2153 1197 ipsi

1164 1201 1432 1284 confirmemur,
1459 1202 1578 1271 etalii
1602 1204 1884 1292 adagnitionem
1908 1204 1977 1274 Dei
1999 1206 2153 1279 inviten-

1164 1315 1242 1386 tur,
1268 1305 1359 1375 sicut
1381 1326 1483 1394 saepe
1508 1304 1636 1373 dicunt
1660 1302 1810 1374 Psalmi:
1837 1304 2064 1377 Sacrificium
2085 1309 2151 1380 Deo

1164 1405 1310 1494 spiritns
1346 1405 1616 1479 contribulatus.
1692 1405 1797 1476 ltem:
1830 1405 1998 1478 Narrabo
2029 1433 2151 1478 nomen

1164 1519 1264 1574 tuum
1281 1508 1452 1579 fratribus
1471 1509 1558 1576 meis
1575 1522 1639 1578 etc.

1267 1622 1320 1695 Ac
1344 1628 1389 1693 de
1420 1626 1536 1716 specie
1560 1622 1739 1695 Ecclesiae
1766 1639 1799 1695 et
1823 1629 1982 1721 propriis
2005 1630 2152 1700 cultibus

1163 1721 1223 1795 liic
1241 1749 1363 1797 versus
1379 1716 1610 1797 concionatus
1629 1742 1697 1812 est,
1724 1753 1814 1821 quos
1832 1755 1913 1799 cum
1930 1732 2086 1800 sciamus
2101 1756 2150 1802 re-

1165 1828 1259 1923 quiri
1278 1851 1297 1896 a
1315 1829 1439 1918 nobis,
1464 1829 1575 1898 simus
1595 1829 1715 1898 animo
1734 1845 1857 1920 parato
1881 1833 1926 1899 ad
1951 1834 2151 1917 certamina,

1164 1954 1253 2024 quae
1275 1927 1452 1998 Ecclesiae
1475 1932 1657 2023 proposita
1686 1945 1780 2004 sunt.
1842 1932 2009 2025 Sequens
2036 1958 2150 2004 versus

1165 2033 1285 2100 eadem
1308 2032 1454 2123 repetit,
1481 2034 1540 2101 sed
1567 2032 1778 2102 nominatim
1803 2035 1956 2104 deduce
1977 2036 2149 2107 etlibera·

1165 2146 1241 2203 tore
1253 2129 1430 2202 Ecclesiae
1445 2128 1590 2204 Christo
1607 2135 1712 2204 etiam
1732 2136 1956 2207 vaticinatur.

1215 2331 1401 2434 Lapidem
1417 2362 1520 2436 quem
1537 2337 1818 2435 reprobaverunt
1828 2334 2081 2433 aedificantes,
2095 2336 2148 2412 tic

1259 2438 1392 2538 soclus
1409 2450 1460 2512 est
1477 2442 1516 2510 in
1532 2450 1640 2538 capul
1658 2439 1805 2536 anguli.

1265 2602 1321 2676 Eo
1346 2608 1449 2677 etiam
1471 2607 1582 2694 magis
1603 2608 1777 2676 amandus
1799 2621 1851 2678 cst
1874 2603 1936 2679 hic
1953 2612 2143 2689 versiculus,

1165 2709 1247 2801 quia
1268 2709 1393 2778 citatus
1411 2722 1462 2778 est
1480 2704 1655 2778 aChristo
1680 2709 1774 2798 ipso,
1799 2722 1835 2779 et
1851 2706 2040 2802 Apostolis
2053 2713 2141 2783 Petro

1165 2824 1198 2880 et
1222 2809 1353 2895 Paulo,
1379 2824 1414 2881 et
1435 2811 1515 2879 usui
1539 2808 1643 2879 nobis
1665 2824 1716 2880 est
1739 2810 1941 2901 tripliciter.
1996 2813 2140 2885 Primum
2181 2816 2184 2859 ἲ

1164 2914 1294 2983 refutat
1308 2913 1476 2993 ludaeos,
1502 2912 1565 3004 qui
1586 2911 1725 3000 fingunt
1740 2910 1911 2982 Messiam
1928 2911 2138 3007 triumphan-

1165 3027 1234 3083 tem
1261 3028 1296 3084 et
1323 3039 1396 3083 non
1427 3014 1651 3084 interfectum
1683 3015 1861 3105 apopulo
1888 3039 1968 3086 suo.
2022 3017 2070 3089 At
2091 3011 2136 3085 hic

1165 3140 1285 3185 versus
1307 3129 1456 3186 testatur
1476 3115 1570 3206 ipsos
1600 3115 1784 3206 pontifices
1813 3129 1849 3185 et
1871 3118 2055 3210 principes
2076 3118 2135 3186 fore

1165 3213 1283 3289 hostes
1308 3217 1478 3302 Messiae,
1506 3233 1541 3288 et
1561 3217 1722 3286 futurum
1748 3231 1788 3287 ut
1812 3219 1980 3294 videatur
2008 3218 2135 3290 Messias

1164 3321 1314 3391 reiectus
1340 3335 1374 3390 et
1397 3321 1533 3389 deletus
1559 3343 1579 3389 a
1606 3340 1671 3388 suo
1700 3321 1856 3414 populo,
1901 3338 1936 3393 et
1964 3323 2134 3414 quideme

1164 3424 1398 3515 principibus.
1451 3419 1585 3492 Usitata
1608 3434 1660 3490 est
1679 3419 1775 3490 enim
1798 3420 2010 3514 metaphora
2032 3421 2133 3493 aedifi-

1164 3527 1320 3596 cantium
1338 3548 1401 3616 pro
1417 3521 1727 3614 gubernatoribus.

1266 3627 1431 3699 Secundo
1453 3625 1555 3694 docet
1574 3636 1609 3693 et
1631 3647 1696 3694 nos
1718 3624 1762 3692 de
1785 3618 1965 3692 Ecclesiae
1991 3647 2132 3718 persecu·

1164 3732 1281 3810 tione,
1307 3736 1403 3823 quod
1416 3727 1507 3798 sicut
1521 3722 1703 3796 Christum
1720 3725 1895 3815 persecuti
1912 3742 1998 3798 sunt
2020 3725 2133 3819 princi·

1165 3856 1244 3924 pes,
1269 3832 1316 3900 ita
1341 3831 1386 3899 sit
1402 3826 1559 3899 Ecclesia
1579 3827 1736 3900 subiecta
1761 3826 1941 3897 similibus
1961 3828 2132 3900 aerumnis

1163 3932 1260 4002 Haec
1275 3930 1449 4001 sententia
1464 3931 1528 4002 etsi
1545 3952 1647 4024 saepe
1669 3928 1859 4020 repetitur,
1888 3943 2009 4000 tamen
2033 3945 2065 4002 ct
2088 3925 2133 3999 hic

1163 4036 1377 4105 continetur.

1265 4151 1390 4224 Tertio
1413 4154 1517 4222 docet
1537 4172 1604 4220 nus
1627 4146 1687 4221 hie
1711 4150 1907 4220 versiculus
1932 4154 1979 4221 de
1993 4148 2157 4223 aedilicio¹

1165 4254 1356 4341 Ecclesiae,
1370 4268 1404 4327 et
1415 4267 1454 4325 ut
1468 4277 1573 4345 supra
1584 4251 1864 4344 indescriptione
1875 4249 2054 4324 Ecclesiae
2068 4274 2133 4321 eum

1163 4358 1335 4450 complexi
1358 4379 1497 4436 sumus,
1530 4355 1580 4425 ita
1601 4355 1760 4439 ,sciamus
1789 4376 1930 4445 semper
1950 4356 1990 4424 in
2017 4352 2133 4425 descri-

1162 4461 1346 4553 ptionibus
1372 4454 1551 4529 Ecclesiae
1581 4456 1785 4538 citandum,
1828 4458 2078 4546 proferendum
2107 4465 2135 4522 et

1163 4563 1514 4656 explicandumgesse.
1566 4555 1736 4629 Continet
1751 4556 1845 4626 enim
1861 4560 2062 4628 doctrinam
2083 4558 2134 4624 ad-

1163 4669 1307 4735 modum
1338 4662 1463 4734 utilem
1496 4663 1538 4730 ad
1570 4660 1675 4728 fidem
1703 4659 1983 4729 confirmandam
2010 4658 2136 4749 inpiis,

1162 4769 1222 4861 qui
1238 4768 1353 4858 specie
1367 4760 1546 4834 Ecclesiae
1562 4763 1803 4831 offenduntur.
1855 4758 2014 4832 Videtur
2028 4758 2133 4831 Eccle-

1162 4871 1233 4939 siae
1257 4882 1378 4939 coetus
1400 4889 1479 4934 esse
1499 4868 1674 4948 desertus,
1712 4876 1748 4932 et
1768 4861 2004 4950 vagabundus
2019 4862 2133 4932 Noma-

1146 4964 1246 5040 ³dum
1262 4984 1325 5040 aut
1342 4970 1518 5059 pecudum
1544 4990 1660 5049 more,
1685 4966 1762 5034 siue
1785 4964 1997 5034 doctoribus
2020 4980 2051 5033 et
2071 4963 2132 5032 sine

1161 5073 1417 5143 defensoribus.
1467 5067 1516 5139 At
1529 5064 1588 5137 bic
1603 5066 1797 5136 versiculus
1811 5077 1965 5135 testatur
1983 5065 2131 5135 Messiam

1161 5199 1235 5245 esse
1250 5187 1354 5266 caput
1369 5170 1512 5258 anguli,
1539 5170 1573 5238 id
1592 5182 1661 5252 est,
1687 5167 1982 5248 fundamentum,
2010 5169 2063 5238 cui
2076 5161 2132 5235 ta-

1162 5279 1265 5348 clesia
1288 5274 1483 5353 incumbit,
1518 5274 1613 5366 quod
1641 5270 1912 5358 intelligendum
1938 5284 2011 5352 est,
2045 5268 2130 5339 etde

1162 5383 1270 5452 verbo
1288 5405 1347 5450 seu
1365 5376 1544 5460 doctrina,
1571 5388 1604 5443 et
1622 5374 1666 5442 de
1683 5371 1833 5441 efficacia
1849 5396 1890 5440 ac
1903 5372 2114 5443 defensione.
