4538 5754
118 199 190 277 ιιι
743 192 809 271 1v.
860 187 1499 273 uruuuurauuuromues.
2056 202 2154 283 ρ,

120 365 206 447 addi
236 364 329 443 eisd
348 362 510 465 φίλτατα
534 361 603 439 καὶ·
626 356 833 441 οἰκειότατα
862 357 1019 459 σαίμαια
1045 359 1099 460 μὴ
1149 387 1191 436 ac
1204 361 1457 449 dissimulator,
1475 362 1776 458 alieniappetens.
1808 366 1872 443 Eat
1888 387 1925 447 at
1939 371 2130 454 Roms,1,;

119 470 305 570 σιίργιον,
331 465 507 543 οὐδέποτε
521 464 622 559 ὑμᾶς
638 463 722 559 περὶ
734 462 900 548 πλείονος
913 464 1100 561 ποιήσεται
1149 462 1280 537 Plenus
1295 464 1393 535 omui
1409 464 1604 551 iniustitia,
1624 468 1776 553 malicia,
1790 474 1883 544 dolis
1897 490 1963 550 etc.
1996 474 2128 550 Pleuae

118 572 242 666 ἢτσύς
255 565 490 663 ἀλλοτρίους,
516 564 609 643 odds'
620 564 699 657 γεὸ
719 564 801 641 idio
823 562 983 663 πονηρὸς
988 616 1002 653 ,
1028 564 1100 641 οὐκ
1148 578 1232 638 sunt
1248 566 1344 635 enisu
1360 588 1478 635 morae
1493 566 1614 637 literae
1626 586 1917 645 ornamentorum
1933 580 2050 648 omnis
2067 602 2128 669 ge·

118 676 255 747 dauers
268 669 414 771 γίνοιτο
427 666 591 765 δημοσία
602 664 981 765 γρηστὸο,σύδ’ἱίστις
997 664 1099 741 ἐστίν
1148 668 1255 741 ueris.
1306 664 1435 737 Graeci
1452 679 1579 737 vocant
1601 662 1904 768 σσνιίθροισμσν,
1927 701 2034 770 quam
2061 704 2127 751 noc

118 777 213 849 οἴκοι
238 777 400 871 φαῦλος,
418 767 574 855 ,οὐδέπω
593 768 624 843 τ’
645 762 695 865 ἦν
715 769 758 845 ίν
776 765 983 865 medaria
1000 764 1097 843 κατὰ
1148 767 1346 858 congeriem
1364 768 1594 859 appellamus.
1665 820 1670 827 .

117 872 186 969 τὴν
199 868 402 972 πρεσβείαν
414 868 525 953 καλὸς
542 866 737 970 κάγαθὸς,
763 868 808 945 οὐ
827 866 903 969 γὰρ
923 894 992 943 τον
1010 862 1098 967 τρό-
1251 866 1513 939 lucrementum
1530 884 1582 941 est
1594 894 1675 941 cusu
1690 893 1764 941 non
1779 874 1935 949 eiusdem
1950 878 2125 971 signitica-

116 1002 209 1068 πον,
235 970 329 1047 ἀλλὰ
345 970 412 1049 τὸν
424 966 541 1045 τίσω
551 964 761 1066 μετήλλαξε.
1148 968 1257 1041 tionis
1271 969 1377 1039 verba
1393 970 1661 1060 coniungimur,
1684 976 1743 1042 aed
1760 998 1824 1066 per
1838 983 1968 1069 gradus
1980 984 2026 1055 ab
2040 985 2124 1055 infi-

217 1074 389 1149 Definitio
415 1096 571 1165 prorsus.
587 1069 646 1143 hic
675 1073 848 1163 significat
873 1072 969 1144 idem
999 1072 1096 1166 quod
1147 1070 1216 1139 mis
1231 1072 1276 1139 ad
1286 1093 1422 1141 summa
1434 1070 1588 1156 imus,ut
1596 1075 1777 1165 percussis,
1789 1080 1970 1163 sauciavit,
1984 1086 2124 1163 occidit.

115 1177 322 1251 diatecsicic.
375 1173 423 1247 Ut
433 1175 530 1247 euim
544 1176 584 1243 iu
601 1176 787 1265 probando
801 1174 953 1266 plurima
974 1196 1016 1245 sc
1035 1174 1097 1253 ar.
1147 1166 1539 1263 Scipioapudbivium:
1553 1172 1643 1258 iudi,
1656 1175 1787 1265 iugavi,
1812 1176 1983 1273 Hispania
1992 1190 2123 1278 expuli.

114 1278 274 1349 missima
295 1288 500 1367 argumenta
524 1299 567 1347 ex
590 1274 874 1359 definitionibus,
904 1275 954 1349 isa
974 1274 1015 1345 iu
1036 1298 1095 1345 or·
1146 1266 1226 1343 Hoc
1242 1266 1382 1355 saltem
1405 1274 1566 1345 imitatur
1587 1276 1750 1348 ordinem
1775 1302 1958 1353 caussarum
1981 1300 2016 1357 et
2037 1288 2122 1359 effe-

115 1381 239 1449 uando
262 1398 365 1469 saepe
386 1390 505 1467 aperte
525 1374 672 1468 pmuitur
693 1376 873 1457 delinitio,
902 1389 944 1447 ut
962 1374 1096 1445 Demo·
1147 1383 1279 1442 ctuum.
1321 1370 1444 1467 Neque
1471 1374 1509 1445 tit
1524 1387 1663 1448 tantum
1683 1376 1721 1445 in
1736 1380 1886 1469 singulis
1900 1385 2036 1470 verbis,
2059 1393 2121 1461 sed

114 1476 260 1553 stbenes
279 1478 392 1567 legem
406 1476 531 1549 definit
542 1489 663 1557 contra
680 1474 972 1567 Aristogitonem.
1022 1472 1096 1545 tle-
1146 1473 1251 1561 etiam
1263 1472 1425 1565 pluribus
1433 1476 1612 1561 membris,
1624 1490 1665 1547 ut
1678 1482 1771 1568 apud
1782 1478 2005 1555 Ciceronem:
2020 1486 2123 1560 Faci-

114 1577 258 1652 acltiues
271 1578 401 1655 ¹delinit
422 1578 558 1649 bonum
582 1573 696 1647 civem
720 1593 917 1657 vcrsautem
934 1577 1096 1667 inrepu-
1146 1592 1215 1643 uus
1229 1588 1280 1643 est
1293 1574 1429 1645 vincire
1443 1578 1553 1647 civem
1561 1572 1778 1665 Romanum,
1801 1584 1913 1655 scelus
1928 1589 2123 1679 verberare,

112 1682 221 1757 blica.
270 1678 396 1753 Cicero
410 1678 449 1748 in
471 1678 547 1770 lege
569 1675 718 1765 Agraria
743 1677 866 1751 debuit
887 1676 1093 1770 popularem
1146 1674 1376 1764 parricidium
1397 1700 1534 1747 necare.
1585 1675 1815 1769 sacrilegium
1836 1699 1889 1756 est
1908 1688 2063 1779 diripere
2080 1716 2121 1763 ac

114 1782 318 1865 consulem,
342 1803 407 1872 pro
426 1780 502 1869 lege
517 1776 668 1849 Manilia
691 1781 816 1850 debuit
833 1780 1095 1871 imperatorem,
1144 1774 1316 1865 dissipare
1331 1777 1424 1847 bona
1437 1772 1695 1865 Ecclesiarum,
1721 1784 1949 1871 parricidium
1966 1802 2018 1875 est
2030 1792 2123 1863 same

115 1908 180 1975 pro
195 1880 317 1955 Sextio
333 1879 665 1973 definitpptimates.
705 1876 754 1951 Et
768 1880 998 1951 multaeauut
1012 1881 1094 1949 bre.
1144 1898 1269 1945 necare
1288 1876 1435 1967 miseros
1457 1892 1634 1969 pestores,
1658 1881 1789 1975 quibus
1804 1909 1844 1955 ex
1861 1886 1932 1960 illis
1948 1890 2122 1963 bouisvi·

116 2006 175 2052 ves
190 1982 414 2052 definitiones
427 1980 467 2049 iu
480 1981 718 2066 ornamentis,
742 1981 781 2051 in
799 1981 930 2073 quibua
946 1981 1094 2051 virtutes
1143 1990 1221 2048 ctus
1235 1976 1442 2051 debebatur.

119 2082 287 2153 avitinis
306 2081 408 2151 viciis
432 2083 700 2161 discernuntur,
731 2095 786 2152 ut:
817 2080 1005 2151 Fortitudo
1027 2090 1092 2163 cat,
1698 2157 1708 2175 ⁶

118 2206 207 2276 quae
223 2206 303 2251 cum
317 2177 465 2251 honesta
479 2181 768 2269 rationeeuscipit
776 2180 983 2271 periculum.
1008 2178 1091 2250 Nou
1520 2156 1579 2225 Μ
1604 2174 1739 2228 mm·

117 2298 167 2355 est
181 2283 374 2365 tarutudo,
399 2282 460 2361 ¹sed
473 2280 668 2365 temeritas,
692 2281 768 2349 sine
786 2276 933 2351 boueata
956 2280 1092 2351 ratione
1198 2320 1210 2341 -.
1243 2272 1457 2377 Αλιιολογία
1480 2296 1633 2355 cattum
1656 2308 1797 2355 musam
1819 2289 2029 2379 recitamus,
2063 2307 2120 2366 ut:

117 2384 314 2476 periculum
332 2382 440 2451 adire.
463 2378 506 2449 lu
520 2380 685 2451 Pisonem
701 2382 952 2471 iuterpretatur
965 2380 1092 2451 furias:
1143 2378 1182 2451 si
1198 2382 1285 2475 quid
1302 2396 1353 2451 cst
1366 2382 1406 2451 in
1420 2406 1476 2451 me
1491 2380 1627 2474 ingenii
1645 2383 1797 2472 iudices,
1821 2388 1899 2461 iure
1911 2395 2041 2482 repetit
2049 2390 2123 2465 Ar·

118 2484 236 2554 Nolite
251 2482 345 2551 cuim
364 2495 486 2572 putare
500 2479 541 2550 P.
558 2479 598 2553 C.
615 2492 654 2551 nt
668 2481 706 2549 in
729 2505 832 2551 scena
856 2479 1000 2565 videtis,
1026 2476 1092 2551 lto-
1144 2476 1241 2551 cbiaa
1259 2484 1413 2552 fructum
1435 2506 1593 2553 meorum
1616 2487 1827 2556 studiorum.
1876 2489 2122 2586 Sequitur-ra.

117 2586 230 2653 mines
243 2580 672 2673 consceleratos-impulsu
695 2584 862 2667 deorum,
888 2583 1010 2652 terreri
1035 2583 1093 2653 lu·
1144 2582 1207 2666 tio,
1229 2584 1313 2675 quia
1329 2578 1481 2653 Archiae
1497 2584 1566 2654 luit
1580 2581 1670 2655 mibi
1687 2600 1792 2658 autor
1805 2592 2018 2683 suscipiendi
2036 2590 2122 2665 haec

116 2686 252 2756 riarum
267 2683 357 2754 tedis
366 2682 582 2761 ardentibus,
606 2681 972 2775 Susquenquelraue,
988 2705 1093 2753 susim
1143 2684 1272 2757 studia.
1322 2680 1404 2754 Huc
1422 2685 1573 2775 pertinet
1593 2680 1843 2786 δικαιολογία,
1867 2715 1947 2761 cum
1967 2694 2123 2788 aliquam

117 2786 272 2868 facinus,
297 2806 400 2853 auum
414 2783 545 2861 scelus,
570 2805 632 2851 aua
649 2784 796 2853 audacia
812 2786 857 2855 de
881 2784 1030 2855 sanitate
1053 2806 1094 2853 ac
1144 2783 1252 2853 oflicii
1281 2784 1454 2853 rationem
1493 2786 1723 2877 exponimu,
1759 2802 1822 2861 aut
1853 2795 2123 2879 excusationem,

116 2899 234 2957 mente
249 2884 424 2955 deturbat.
475 2882 552 2954 Hae
567 2899 651 2954 sunt
664 2884 856 2975 impiorum
871 2884 1003 2967 furiae,
1026 2879 1094 2953 hae
1144 2885 1241 2977 quod
1261 2883 1426 2955 videlicet
1448 2884 1543 2966 iure,
1576 2890 1672 2981 quod
1696 2883 1842 2963 honeste
1862 2893 2052 2983 iaciamus,
2082 2910 2124 2967 ut

117 2988 299 3069 flammae,
325 2978 393 3053 lsae
406 2986 511 3056 faces.
537 2982 608 3053 Pro
621 2982 760 3055 Coelio:
787 2984 899 3055 alind
918 2998 970 3055 est
985 2984 1094 3053 male-
1145 3006 1347 3077 quanquam
1362 2998 1415 3063 eat
1429 2984 1580 3070 amicus,
1605 3000 1724 3057 temen
1744 2992 1844 3061 decet
1863 2995 2038 3067 amicitiae
2062 3021 2123 3067 ve-

120 3088 251 3167 dicere,
273 3085 369 3155 aliud
386 3107 548 3154 accusare
575 3095 640 3157 etc.
690 3080 757 3157 Est
773 3097 808 3154 et
825 3080 893 3157 boc
908 3108 951 3155 ex
965 3084 1094 3154 defini·
1145 3085 1482 3158 ritatemautelerrc.
1534 3084 1637 3157 Talia
1651 3102 1735 3159 aunt
1749 3104 1783 3161 et
1798 3108 2018 3178 ornamenta,
2031 3120 2121 3190 quae

118 3188 212 3257 tione
245 3199 437 3277 cumptum.
500 3182 729 3274 Magistratus
758 3182 819 3255 Dii
858 3186 1094 3277 appellantur,
1146 3210 1187 3255 er
1204 3183 1373 3279 cuiusque
1391 3186 1508 3257 officio
1531 3199 1741 3275 sumuntur,
1766 3214 1838 3285 quo
1858 3215 1985 3282 genere
2007 3198 2123 3287 pluri·

118 3311 199 3357 uam
220 3284 290 3359 Dei
317 3286 505 3378 appellatio
534 3303 586 3355 est
605 3285 767 3357 definitio
789 3290 960 3381 quaedam
982 3290 1094 3376 magi·
1145 3310 1245 3359 mum
1260 3288 1406 3373 utimur,
1431 3299 1487 3357 ut:
1513 3282 1682 3380 Episcopi
1695 3302 1749 3363 est
1762 3314 1886 3363 sanare
1901 3309 1936 3367 et
1950 3298 2123 3389 explicare

118 3400 263 3473 stratus,
287 3409 370 3477 crgo
385 3388 518 3459 debent
533 3410 589 3457 res
606 3388 746 3459 divinas
759 3388 798 3457 iu
815 3387 937 3473 terris,
962 3390 1094 3460 scilicet
1145 3387 1350 3461 dubitantes
1362 3388 1613 3481 conscientias,
1638 3412 1714 3461 uon
1732 3392 1841 3464 armis
1853 3390 2028 3469 Ecclesiae
2049 3399 2125 3469 dis·

117 3490 206 3579 leges
220 3502 256 3562 et
270 3488 458 3577 religiones
472 3489 578 3563 tueri.
677 3518 685 3535 ·
1143 3490 1293 3581 sipare..

584 3661 593 3680 ι
621 3663 630 3679 ⁸
657 3662 667 3679 ‚
1247 3590 1366 3661 Affine
1381 3602 1434 3659 eat
1453 3584 1681 3688 ἀναγκαίαν,
1705 3616 1785 3667 curn
1807 3594 1979 3687 allegatur
2002 3624 2123 3673 neces·

468 3660 530 3731 De
551 3655 749 3732 dmm·
1144 3690 1246 3776 sitas,
1271 3714 1383 3783 qrtae,
1414 3704 1454 3762 ut
1474 3706 1628 3780 constat,
1650 3694 1863 3783 singularem
1889 3697 1961 3766 vim
1986 3703 2123 3773 delibe-

214 3792 430 3866 Distributio
454 3790 589 3866 Graece
608 3790 785 3890 μερισμὸς
814 3814 896 3863 eum
917 3805 1031 3865 totum
1054 3792 1093 3861 iu
1144 3792 1346 3862 rationibus
1359 3786 1485 3876 babet,
1508 3804 1547 3861 ut
1570 3792 1609 3861 iu
1630 3796 1801 3865 concione
1818 3800 2007 3871 Annibalis
2028 3802 2121 3875 libro

117 3911 232 3986 partes
256 3911 317 3966 aut
338 3897 495 3965 membra
519 3895 711 3987 partimur,
746 3911 800 3965 ut:
833 3892 926 3965 Tota
948 3917 1004 3964 res
1026 3916 1092 3985 pu·
1144 3893 1260 3986 primo
1283 3891 1430 3963 mcundi
1450 3890 1535 3961 belli
1551 3888 1690 3964 Punici.
1729 3896 1806 3966 Illis
1821 3897 1956 3968 timidis
1973 3916 2006 3973 et
2020 3904 2121 3992 igna-

115 3999 204 4067 blica
219 3998 450 4087 periclitatur.
500 3994 707 4087 Principum
721 3994 892 4066 autoritas
904 3994 1092 4066 labetacca-
1141 3994 1198 4065 vis
1220 4015 1294 4081 esec
1320 3993 1422 4071 licet,
1452 3992 1519 4085 qui
1546 4008 1724 4086 receptum
1752 3991 1902 4085 habent,
1934 4004 2036 4073 vobis
2056 4027 2120 4074 ne-

115 4112 189 4181 tur,
214 4094 440 4187 Optimatum
458 4097 607 4166 consilia
622 4097 865 4187 repudiantur,
892 4096 999 4165 Plebs
1016 4119 1090 4166 uon
1143 4118 1236 4165 cesae
1258 4108 1309 4165 eet
1331 4094 1480 4163 fortibus
1502 4093 1588 4163 viria
1608 4118 1700 4182 esse,
1730 4098 1861 4190 quibus
1884 4100 1928 4169 ad
1951 4102 2128 4193 effugium·

114 4201 247 4289 patitur
262 4198 393 4269 se-iure
408 4222 448 4267 ac
463 4198 601 4286 legibus
614 4196 699 4285 regi.
750 4196 1091 4267 Sinescieutialite·
1140 4193 1233 4266 nibil
1253 4195 1507 4289 estreliquum.
1556 4193 1647 4266 Cum
1666 4198 1883 4288 impossibile
1904 4200 1949 4270 sit
1973 4224 2029 4272 res
2052 4229 2119 4296 pu-

114 4322 232 4371 rarum
250 4321 323 4367 non
339 4302 487 4388 possunt
499 4298 614 4367 teneri
628 4296 856 4388 respublicae.
899 4295 1089 4367 Noneuim
1140 4298 1252 4367 blicae
1285 4295 1432 4367 retineri
1460 4297 1538 4366 sine
1571 4298 1754 4370 literarum
1780 4297 1945 4381 scientia,
1980 4326 2119 4375 neccsse

113 4411 262 4491 possunt
284 4399 379 4468 tradi
397 4398 603 4486 religiones,
631 4398 778 4468 retineri
805 4398 900 4488 leges
918 4411 954 4469 et
974 4397 1089 4467 civilis
1139 4411 1191 4468 cst
1212 4396 1453 4487 magistratus,
1491 4398 1609 4468 studia
1639 4398 1821 4471 literarum
1842 4398 1991 4471 excitare
2012 4418 2118 4500 atque

114 4501 303 4592 disciplina
329 4499 405 4569 sine
426 4499 550 4571 literis.
601 4496 719 4569 Facile
733 4512 802 4583 est,
827 4499 966 4573 infinita
984 4493 1090 4569 buius
1139 4520 1357 4569 conservare.

112 4602 248 4672 formae
270 4600 428 4692 exempla
447 4599 613 4691 reperire.
667 4596 808 4673 Cicero:
841 4601 944 4671 Hace
972 4600 1089 4671 studia
1243 4597 1445 4685 Translatio
1459 4591 1681 4691 μετάστασις
1693 4610 1848 4687 vocatur,
1873 4624 1955 4672 cusu
1968 4603 2117 4677 alicuius
2213 4644 2217 4649 ·

112 4704 388 4773 adolescentiam
406 4714 536 4791 agunt,
568 4712 782 4771 senectutem
804 4702 1003 4785 oblectant,
1034 4722 1090 4769 se-
1139 4700 1192 4771 rci
1204 4722 1309 4772 rausa
1323 4701 1506 4771 conicetur
1520 4700 1559 4768 in
1579 4701 1697 4770 locum
1717 4700 1936 4791 digniorem,
1960 4718 2022 4776 aut
2041 4731 2118 4777 ma-

112 4805 247 4875 eundas
261 4824 319 4873 res
333 4816 474 4888 ornant,
490 4800 647 4871 adversis
660 4802 859 4892 perfugium
874 4816 909 4874 et
923 4802 1089 4873 solatium
1140 4802 1442 4893 gisproluturum
1464 4800 1616 4885 dicenti,
1647 4814 1687 4883 ut
1708 4798 1833 4873 Cicero
1855 4828 1921 4896 pro
1942 4803 2114 4880 Marcello

113 4905 296 4995 praebent.
353 4901 513 4973 Pertinet
532 4897 603 4971 buc
622 4913 658 4971 et
678 4896 862 4983 διάλυσις,
892 4915 935 4973 ut
954 4902 1090 4972 iudices
1139 4898 1303 4973 bortatur
1315 4897 1512 4984 Caesarem,
1535 4913 1577 4971 ut
1593 4913 1734 4973 tueatur
1746 4905 1866 4991 vitam,
1888 4928 1963 4976 nou
1978 4920 2114 4979 tautum

112 5006 241 5095 partim
257 5005 389 5093 gratia,
412 5003 541 5095 partim
558 5002 706 5093 pecunia
721 5006 880 5095 corrupti
892 5017 989 5075 suut.
1139 5026 1204 5074 sua
1223 5024 1346 5088 causa,
1380 5002 1440 5072 sed
1464 5001 1679 5092 reipublicae
1705 5026 1828 5090 musa,
1860 5008 1943 5099 quia
1965 5010 2117 5080 maxime

210 5102 405 5194 Congeries
419 5104 562 5198 quando
584 5102 706 5194 plures
725 5104 857 5195 species
879 5126 1091 5175 coacervan-
1140 5106 1301 5197 expediat
1313 5102 1528 5196 reipublicae
1541 5102 1658 5195 ipsum
1674 5104 1805 5180 vivere.
1855 5104 1946 5177 Tsle
1967 5122 2019 5182 est
2039 5104 2117 5195 boc,

114 5218 189 5290 tur,
214 5218 259 5277 ut
276 5208 370 5295 apud
386 5205 583 5279 Salustium
597 5204 643 5273 de
656 5200 829 5277 Catilina:
856 5202 1010 5276 Animus
1024 5228 1092 5275 su·
1140 5230 1212 5300 quo
1225 5228 1292 5275 nos
1304 5226 1407 5296 saepe
1420 5203 1569 5276 utimur.
1600 5202 1698 5276 Haec
1713 5206 1830 5279 studia
1842 5206 2026 5281 literarum
2043 5236 2116 5281 uon

114 5308 200 5393 dar,
230 5307 423 5394 subdolus,
452 5308 591 5391 varius,
619 5304 809 5381 cuiuslibet
832 5306 1092 5379 rei-simulator
1140 5320 1279 5379 tautum
1292 5306 1338 5377 ad
1359 5306 1535 5477 privaatpsp
1551 5306 1741 5381 utilitatem
1764 5310 1967 5401 pertinent,
1991 5312 2052 5383 scd
2075 5315 2121 5381 ad
