4538 5754
9 324 13 333 ,
122 254 222 329 ιοοι
714 245 843 324 eura.
869 245 987 320 ιιιιι.
1010 246 1221 322 εειιιιι
1247 236 1546 324 mourut.
1631 291 1635 302 ·
1786 286 1789 293 ψ
2045 231 2168 328 eoos

117 424 304 497 Menelaus
320 416 454 492 Oniam
471 416 619 489 interfici
637 418 790 503 curarit,
815 433 850 490 et
870 421 1012 489 attraxit
1028 417 1105 489 An·
1156 421 1297 512 possitis
1329 421 1482 509 effugere
1515 421 1694 491 venientia
1728 415 1844 496 mala.
1891 422 1968 496 Suo
1998 423 2139 517 quisque

117 523 276 600 tiochum
298 517 544 614 Epiphanem,
570 521 703 590 occisus
727 522 869 588 tandem
892 522 1003 590 atilio
1028 521 1105 589 An·
1157 525 1235 591 loco
1257 524 1373 591 foveat
1396 546 1641 591 aerumnosam
1665 522 1880 610 Ecclesiam,
1902 539 1937 596 et
1958 537 2081 595 caveat
2101 550 2139 596 ne

117 629 227 701 tiochi
249 621 467 716 Epiphania,
502 623 598 714 quod
623 623 679 690 fax
702 621 824 691 fuisset
849 623 935 690 belli
959 623 1105 696 ludaici.
1156 623 1243 694 liant
1265 625 1417 694 maiores
1442 624 1690 715 dissipationes
1715 642 1887 718 quantum
1913 640 2046 719 potest.
2095 624 2138 697 lu

117 730 222 801 lason
246 729 285 796 in
302 727 407 795 exilio
430 728 523 814 apud
550 722 847 792 Lacedaemonios
863 738 1025 804 mortuus
1041 738 1103 793 εει.
1148 742 1242 794 tunc
1260 749 1402 818 quoque
1416 739 1551 796 servata
1574 739 1625 795 est
1647 723 1815 798 Ecclesia.
1871 726 2036 798 Fuerunt
2054 727 2137 796 euim

221 819 783 915 lutereaAutiochusEpiphanes
796 820 1009 894 horrendam
1024 849 1105 893 rru-
1156 826 1320 910 Simeou,
1356 821 1564 910 Zacharias,
1597 823 1802 911 Elisabeth,
1835 828 1990 910 Harrna,
2018 826 2136 913 Maria,

116 934 297 1005 delitatem
319 942 395 999 toto
415 926 581 998 octennio
601 926 808 995 exercuitin
827 925 967 998 Iudaea.
1021 925 1104 994 ldo-
1157 922 1285 1019 loseph
1301 928 1412 996 etalii
1430 928 1544 1012 multi,
1568 929 1629 1022 qui
1646 943 1739 998 recte
1755 928 1870 1000 Deum
1889 920 2174 1000 invocavemnt⁴

116 1035 252 1104 lumin
269 1032 401 1122 templo
418 1028 623 1111 collocavit
650 1051 811 1116 magnam
837 1028 1103 1098 multitudinem
1156 1044 1190 1098 ει
1213 1044 1305 1098 recte
1328 1032 1541 1114 docuerunt,
1573 1054 1776 1124 quanquam
1800 1033 2003 1122 aliaimpia
2027 1031 2136 1100 multi·
2172 1026 2174 1037 '

116 1131 304 1206 bominum
330 1131 476 1210 occidit,
508 1129 657 1198 vastavit
679 1130 818 1220 oppida
881 1128 951 1199 Sed
983 1130 1105 1229 paula·
1156 1132 1242 1200 tudo
1265 1130 1370 1218 longe
1393 1132 1507 1200 maior
1530 1133 1615 1216 fuit,
1642 1146 1677 1200 ει
1699 1134 1812 1204 ιειιιιιι
1839 1133 2135 1223 gubernationem,

5 1299 9 1307 .
116 1238 180 1307 tim
204 1234 301 1305 Deus
330 1232 495 1331 repressit
526 1230 601 1298 eius
625 1231 815 1303 exercitum
840 1233 984 1302 ductore
1016 1229 1103 1300 luda
1156 1246 1191 1302 et
1207 1233 1362 1303 familiae
1377 1233 1682 1320 gubernatorum
1671 1247 1765 1304 mter
1787 1259 1860 1306 sese
1877 1236 2105 1305 dimicabant

116 1338 339 1422 Macabaeo,
368 1349 409 1419 ut
448 1331 620 1424 reliquiae
654 1328 832 1401 Ecclesiae
868 1349 1104 1406 servarentur.
1257 1332 1438 1402 Hactenus
1463 1334 1538 1403 dixi
1568 1358 1638 1427 quo
1662 1349 1820 1427 tempore
1846 1337 2079 1405 concionatus
2098 1334 2134 1402 sit

119 1438 234 1509 lnterf
218 1438 320 1508 lectio
335 1435 422 1507 luda
438 1432 666 1504 Macabaeo
656 1456 695 1502 m
715 1434 790 1503 acie
810 1435 919 1504 frater
934 1430 1104 1505 lonathas
1156 1431 1371 1518 Malachiae,
1397 1449 1432 1504 et
1447 1446 1537 1527 quae
1551 1437 1793 1506 calamitates
1783 1463 1820 1504 m
1836 1438 1898 1505 illo
1914 1439 2053 1528 populo
2071 1448 2135 1526 post

117 1542 214 1610 varia
235 1542 379 1609 fortuna
401 1535 568 1628 praefuit,
601 1535 663 1628 qui
695 1560 775 1603 cum
804 1537 944 1605 duobus
976 1537 1058 1605 filiis
1084 1563 1102 1604 a
1156 1562 1235 1605 eum
1253 1553 1420 1630 sequutae
1434 1534 1518 1606 sint.
1558 1537 1615 1605 Ad
1635 1533 1725 1606 hanc
1744 1534 1930 1608 historiam
1951 1537 2134 1629 praedictio

118 1636 307 1731 Triphone
337 1640 481 1734 Syriaco
516 1661 577 1727 per
615 1638 775 1705 fraudem
809 1638 1014 1707 interfectus
1044 1652 1103 1706 est.
1156 1641 1415 1707 accomodanda
1448 1651 1517 1721 est,
1551 1663 1641 1730 quae
1671 1653 1711 1708 ut
1738 1654 1823 1709 tunc
1849 1640 1919 1711 fuit
1941 1661 2136 1709 commone·

117 1741 257 1814 Deinde
282 1743 405 1812 tertius
428 1743 536 1810 frater
558 1738 682 1809 Simon
706 1762 784 1807 cum
809 1740 912 1807 annis
934 1741 1006 1809 fere
1024 1756 1102 1810 orto
1154 1742 1280 1824 factio,
1306 1763 1349 1807 ne
1374 1739 1561 1809 deficerent
1584 1738 1705 1809 ludaei
1729 1740 1860 1824 aDeo,
1886 1756 1919 1810 et
1938 1739 2136 1821 consolatio,

15 1862 18 1872 '
59 1858 63 1868 “
119 1847 344 1938 praefuisset,
370 1868 388 1911 a
407 1865 537 1933 genero
553 1841 755 1910 interfectus
774 1853 836 1911 est.
1155 1843 1203 1911 ita
1218 1842 1319 1910 riobis
1335 1865 1476 1934 quoque
1498 1841 1535 1908 in
1559 1837 1625 1935 hac
1648 1857 1785 1912 senecta
1809 1844 1935 1912 mundi
1957 1843 2004 1912 sit
2023 1863 2136 1910 conso·

219 1945 344 2016 Postea
368 1949 434 2013 sub
456 1941 612 2011 Hircano
635 1943 708 2011 filio
732 1942 889 2012 Simonis
905 1939 1103 2013 Antiochus
1155 1944 1240 2015 latio
1256 1958 1290 2012 et
1306 1943 1609 2013 commonefactio.

87 2038 221 2137 'Soter
235 2048 421 2117 obsidione
439 2046 548 2114 cinxit
565 2043 831 2138 lerosolymam,
859 2059 893 2113 et
917 2045 1008 2112 fame
1023 2048 1100 2114 coii-

117 2153 169 2242 git
194 2175 275 2219 eum
305 2150 418 2218 facere
447 2147 689 2216 deditionem·
729 2145 852 2214 Postea
878 2141 1103 2242 tranquillio-

117 2277 192 2322 rem
222 2249 515 2341 gubernationem
542 2243 681 2317 habuit:
717 2249 776 2314 scd
807 2247 871 2315 filii
903 2248 994 2317 inter
1031 2272 1103 2317 sese
1258 2236 1451 2339 Praecipua
1469 2274 1592 2319 concio
1612 2251 1695 2320 rude
1710 2275 1822 2345 usque
1838 2249 1912 2321 ab
1901 2249 2012 2319 mitro
2031 2244 2137 2319 1ch

118 2353 356 2436 dimicarunt,
384 2353 445 2443 qui
466 2351 537 2418 iam
554 2373 627 2417 uon
651 2349 1103 2418 coutentititulosummo-
1156 2348 1259 2418 clesia
1293 2352 1413 2418 cadem
1449 2366 1518 2434 est,
1551 2352 1715 2423 videlicet
1744 2353 1867 2423 concio
1903 2352 2137 2448 poenitentiae

1285 2114 1449 2215 ¹Dt'leai,
1466 2136 1529 2185 vos
1554 2112 1648 2185 dicit
1675 2116 1873 2186 Dominus.

11 2533 15 2546 ‚
118 2478 199 2525 rum
215 2455 457 2531 sacerdotum
485 2476 542 2536 ιε
525 2472 583 2517 ees
605 2452 710 2519 etiam
734 2441 805 2517 dici
831 2450 1006 2525 volebant.
1057 2448 1103 2520 Et
1156 2464 1191 2520 et
1216 2451 1433 2520 remissionis
1464 2468 1684 2570 peccatorum
1715 2468 1858 2545 propter
1890 2451 2135 2523 Mediatorem:

120 2556 361 2625 Alexandrum
386 2552 498 2620 lilium
522 2549 670 2620 Hircani
700 2549 922 2620 Ptolemaeus
940 2551 1104 2623 Lamirus
1157 2551 1208 2622 lta
1226 2554 1342 2622 statim
1361 2566 1439 2642 post
1461 2554 1597 2645 lapsum
1622 2556 1820 2643 primorum
1836 2569 2030 2644 pareutum
2046 2576 2136 2623 arcu·

119 2679 248 2746 magno
277 2655 411 2746 praelio
438 2654 542 2736 vicit,
575 2667 607 2722 et
634 2653 749 2737 coligit
777 2654 934 2744 captivos
958 2653 1105 2725 ludaeos
1156 2667 1254 2724 satur
1271 2668 1469 2744 peccatum,
1496 2670 1529 2725 ει
1545 2658 1688 2727 additur
1708 2658 1904 2726 consolatio
1924 2655 2135 2744 promulgata

119 2758 215 2828 vesci
230 2771 326 2826 cocta
350 2778 455 2825 carne
469 2778 660 2846 puerorum
680 2755 848 2824 ludaieae'
861 2757 986 2843 gentis.
1017 2755 1105 2826 ,Hic
1157 2756 1402 2846 promissione.
1455 2753 1507 2826 Ac
1537 2781 1592 2827 res
1623 2756 1697 2848 ipsa
1722 2757 1875 2829 ostendit
1903 2757 1943 2825 in
1978 2755 2134 2825 omnibus

120 2861 321 2930 Alexander
344 2870 377 2925 et
395 2858 432 2925 in
450 2857 538 2927 festo
559 2857 868 2926 tabernaculorum
893 2858 1032 2928 circiter
1046 2883 1104 2928 sex
1146 2851 1344 2948 ,Prophetis
1367 2853 1429 2926 has
1454 2859 1541 2927 duas
1563 2861 1724 2929 materias
1746 2861 1953 2950 praecipuas
1975 2880 2068 2926 esse:
2093 2853 2134 2923 tu

121 2962 233 3030 millia
255 2955 446 3030 >hominurn
470 2959 618 3028 iu'urbe
643 2955 857 3052 lerosolyma
878 2959 916 3026 in
933 2961 1105 3030 seditione
1157 2954 1215 3027 hic
1230 2959 1371 3027 orditur
1385 2952 1429 3026 de
1453 2962 1694 3045 accusatione,
1719 2964 1778 3032 sed
1804 2961 1901 3049 prius
1929 2981 2153 3042 commemo·¹

119 3063 322 3136 trucidavit.
373 3058 510 3131 Deinde
532 3060 737 3130 sexennium
761 3084 840 3129 cum
865 3060 1005 3130 Iudaeis
1029 3063 1104 3131 bel·
1157 3074 1212 3130 rat
1230 3059 1417 3142 beneficia,
1444 3073 1484 3130 ut
1505 3062 1679 3131 accusatio
1697 3063 1758 3132 fiat
1778 3063 1926 3135 tristior.

119 3168 195 3236 lum
209 3164 332 3256 gessit,
359 3164 419 3256 qui
438 3163 691 3231 accersiverant
706 3159 936 3236 Demetrium.
1157 3231 1164 3249 .
1259 3160 1331 3230 Nec
1351 3185 1434 3231 vero
1457 3165 1661 3252 magnitudo
1683 3164 1936 3232 beneficiorum
1952 3164 2070 3235 verbis
2083 3185 2131 3230 er·

222 3264 418 3336 Huiusfilii
437 3261 613 3334 Hircanus
637 3261 1106 3334 se'cundusetAristobulus
1158 3262 1244 3353 poni
1260 3277 1389 3352 potest
1410 3264 1469 3332 sed
1486 3265 1728 3357 aliquomodo
1744 3266 1930 3355 cogitanda
1945 3278 2013 3336 est.
2050 3262 2130 3333 Deus

121 3370 226 3439 etiam
250 3368 343 3436 inter
365 3390 401 3434 se
428 3366 473 3432 de
504 3388 611 3453 regno
637 3364 862 3434 dimicarunt.
916 3360 1114 3455 Ροιιιρείιιε
1158 3359 1253 3434 hunc
1271 3366 1443 3461 populum
1459 3381 1701 3456 segregaverat
1717 3369 1761 3436 ab
1779 3369 1946 3436 omnibus
1969 3366 2130 3457 gentibus,

120 3469 279 3538 Hircano
295 3466 442 3536 tradidit
459 3488 634 3534 summum
658 3466 889 3535 sacerdotium
914 3466 1106 3564 interfectis
1158 3467 1196 3534 in
1213 3462 1278 3535 boc
1297 3467 1426 3558 popolo
1444 3490 1480 3535 se
1497 3468 1678 3558 patefecit,
1704 3469 1849 3539 dedit
1819 3493 1851 3537 er
1871 3469 1986 3559 legem
2012 3483 2046 3538 et
2061 3489 2129 3558 pro·

122 3569 249 3660 viginti
267 3569 407 3637 duobus
422 3566 580 3638 millibus
601 3564 820 3640 ludaeorum
858 3565 1105 3638 Aristobulum
1159 3568 1360 3637 missionem
1390 3569 1540 3665 gratiae,
1570 3570 1758 3641 affirmavit
1796 3571 1847 3638 ibi
1876 3594 1914 3641 se
1949 3564 2127 3681 Ecclesiam

122 3695 207 3741 vero
228 3669 384 3742 Romam
402 3669 568 3754 abduxit
598 3670 694 3738 unde
717 3694 796 3739 cum
814 3670 959 3756 fugasset
980 3682 1015 3739 ει
1031 3671 1106 3739 bel
1158 3671 1388 3741 collecturum
1406 3693 1498 3754 esse
1523 3672 1687 3741 attribuit
1702 3687 1829 3741 certam
1846 3675 1985 3756 sedem
2011 3686 2044 3741 et
2057 3691 2128 3739 asst

122 3772 223 3844 lum
213 3797 252 3840 ιιι
269 3770 398 3841 ludaea
422 3771 603 3856 movisset,
630 3796 751 3841 rursus
767 3785 889 3872 captus
906 3785 959 3841 est
981 3784 1015 3841 ει
1021 3765 1106 3844 Ro
1159 3771 1238 3841 diris
1254 3773 1447 3840 miraculis
1461 3773 1693 3863 praesentiam
1710 3797 1809 3842 suam
1831 3724 2008 3856 ostendii,
2031 3787 2127 3859 etpo-

123 3899 217 3945 mam
232 3874 379 3956 missus,
403 3874 964 3944 tandemvenenoextinctusest.
1159 3874 1282 3962 pulum
1307 3873 1466 3942 defendit
1495 3897 1535 3943 ac
1567 3874 1739 3958 restituit,
1776 3875 1868 3943 misit
1892 3827 2126 3967 Prophetaset
2173 3922 2174 3926 ,

226 3975 425 4046 Aristobuli
448 3974 541 4043 lilius
567 3972 768 4063 Antigonus
798 3999 876 4043 cum
903 3966 1106 4044 Parthicum
1160 3979 1286 4057 duces,
1321 3989 1354 4044 et
1380 3997 1540 4063 magnam
1566 3975 1869 4046 multitudinem'
1859 4001 1896 4043 m
1921 3967 1992 4044 hoc
2013 3969 2126 4066 populo

123 4079 313 4149 exercitum
343 4077 379 4145 iu
416 4074 579 4145 Iudaeam
607 4076 825 4159 adduxisset,
858 4075 983 4145 fraude
1017 4077 1107 4167 cepit
1159 4075 1265 4164 elegit
1283 4077 1327 4145 ad
1353 4076 1604 4147 haereditatem
1636 4077 1728 4145 vitae
1755 4092 1936 4160 aeternae,
1964 4091 2001 4146 et
2023 4078 2127 4146 adso·
2172 4120 2174 4129 ·

121 4180 320 4252 Hircanum
346 4191 530 4270 patruum,
563 4192 596 4247 ct
618 4178 651 4246 ei
674 4201 850 4246 summum
872 4176 1106 4247 sacerdotium
1160 4179 1319 4248 rietatem
1352 4193 1512 4249 aeternae
1535 4176 1724 4247 Ecclesiae.
1776 4176 1872 4247 Haeo
1902 4193 1988 4249 sunt
2008 4194 2127 4248 summ
2172 4211 2174 4228 ι

124 4283 264 4375 ειίριιίι.
324 4278 455 4351 Urbem
485 4275 611 4351 Parthi
639 4279 833 4370 diripiunt,
867 4295 985 4370 postea
1014 4275 1107 4349 bella
1159 4281 1340 4352 beneficia.
1394 4278 1636 4348 lnobedientia
1655 4278 2127 4371 igitureomaiuspeccatu'm
2172 4269 2174 4336 Ῐ

125 4409 205 4456 ειιιιι
223 4382 364 4453 Herode
382 4380 503 4471 gessit:
531 4383 589 4450 sed
607 4380 788 4451 Antonius
805 4376 1017 4451 Antiochiae
1034 4382 1104 4451 ius·
1160 4397 1230 4466 est,
1259 4382 1341 4473 quia
1367 4382 1514 4469 insignis
1529 4380 1745 4468 ingratitudo
1769 4383 1912 4454 accedit.

34 4536 37 4541 -
125 4488 171 4556 sit
186 4507 266 4555 eum
285 4484 446 4555 interfici.
470 4480 612 4552 ‘Postea
628 4481 788 4553 Herodes
804 4484 902 4552 solus
918 4507 1027 4573 regno
1044 4508 1108 4576 p0-
1261 4486 1302 4550 ln
1325 4479 1391 4551 hoc
1411 4484 1569 4570 exemplo
1602 4497 1635 4554 et
1663 4506 1729 4551 nos
1750 4498 1906 4553 nostram
1933 4481 2129 4552 inobedien-

125 4589 211 4658 titus
227 4599 296 4675 est,
319 4599 351 4654 et
367 4608 528 4673 magnam
544 4585 787 4654 crudelitatem
804 4586 969 4655 exercuit.
1161 4586 1246 4655 tiam
1278 4598 1312 4653 et
1335 4583 1628 4673 ingratitudinem
1655 4584 1879 4676 deploremus
1902 4599 1938 4655 et
1955 4585 2129 4654 clamemus

226 4685 322 4756 llaec
347 4699 419 4755 tota
445 4684 527 4753 llias
556 4686 724 4775 postremi
753 4687 921 4778 temporis
947 4684 1110 4755 ludaicae
1161 4711 1239 4756 cum
1263 4684 1426 4755 Ieremia:
1463 4685 1640 4755 Converte
1660 4711 1715 4754 me
1738 4683 1909 4768 Domine,
1936 4700 1970 4755 et
1995 4705 2130 4756 couver-

125 4789 271 4880 politiae
294 4788 467 4876 significat
490 4788 621 4856 similes
645 4789 871 4858 confusiones
888 4789 926 4856 iu
953 4789 1108 4878 imperiis
1162 4803 1224 4859 tar.
1276 4785 1364 4856 Nam
1383 4802 1416 4856 et
1432 4810 1496 4855 nos
1515 4788 1628 4856 uocati
1646 4811 1768 4856 sumtis
1783 4789 1826 4856 ad
1841 4784 2023 4856 Ecclesiae
2038 4783 2132 4858 socie·

126 4887 233 4960 huius
256 4903 412 4957 senectae
435 4891 577 4971 mundi,
605 4915 692 4981 quas
714 4891 888 4978 sapienter
909 4891 1110 4973 toleremus,
1161 4904 1289 4967 tatem,
1314 4905 1349 4973 et
1363 4912 1566 4983 quanquam
1584 4884 1739 4957 Ecclesia
1756 4912 1851 4957 uurm
1871 4913 1945 4957 nou
1961 4884 2069 4960 habet
2082 4909 2134 4977 po·

127 5018 172 5062 ne
189 5004 332 5082 propter
346 4991 510 5059 scandala
527 4992 728 5061 deficiamus
753 5016 770 5058 a
787 4989 874 5064 Deo.
926 4991 997 5061 Sed
1015 5007 1109 5061 certo
1162 4992 1274 5062 litiam
1292 5006 1439 5074 certam,
1465 5003 1582 5071 tamen
1602 4988 1697 5058 Deus
1714 4991 1821 5058 ei'dat
1836 4990 1969 5059 alicubi
1985 4986 2135 5083 hospitis,

127 5108 321 5165 statuamus
337 5091 428 5159 inter
444 5087 506 5160 has
521 5094 745 5161 confusiones
761 5091 892 5162 Filium
909 5093 976 5162 Dei
993 5107 1109 5163 tamen
1163 5108 1196 5162 et
1218 5092 1429 5162 mirabiliter
1451 5115 1526 5159 earu
1552 5091 1711 5160 defendit
1739 5093 1833 5159 inter
1858 5086 2059 5162 horrendas
2079 5092 2136 5158 im·

126 5194 319 5266 Ecclesiam
350 5193 580 5268 collecturum
612 5210 645 5265 et
680 5209 900 5264 servaturum
932 5219 1013 5267 esse.
1068 5194 1109 5263 ln
1162 5195 1303 5287 piorum
1326 5193 1459 5263 ruinas.
1511 5192 1647 5263 Interea
1671 5207 1787 5262 tamen
1811 5193 1957 5281 plurimi
1988 5193 2138 5263 suntin·

127 5293 220 5375 hanc
237 5319 301 5364 nos
317 5295 540 5369 includamus
557 5310 590 5365 et
607 5307 767 5383 petamus
784 5297 1038 5385 mitigationem
1052 5322 1111 5366 ca·
1162 5297 1366 5364 obedientes
1381 5309 1415 5364 et
1428 5296 1568 5385 ingrati.
1621 5290 1839 5363 Observabis
1859 5294 1970 5383 igitur
1992 5298 2138 5387 primum

46 5493 48 5497 v
116 5401 342 5482 lamitatum,
377 5397 469 5470 sicut
499 5397 674 5492 praecipit
699 5398 893 5468 Dominus:
932 5396 1044 5471 Orate
1071 5414 1112 5470 ut
1133 5444 1136 5457 ι
1161 5399 1199 5467 in
1217 5393 1284 5466 hoc
1301 5410 1415 5483 textu,
1440 5396 1580 5468 recitari
1595 5392 1686 5466 hanc
1702 5395 2084 5470 commemorationem
2104 5398 2139 5466 de
