4538 5754
141 180 217 261 487
373 176 584 255 sctum
611 178 687 255 Pil.
712 178 828 258 Mllln
854 180 923 255 au
947 178 1076 259 lllS'l'.
1103 176 1248 257 l’l’sOl'.
1273 174 1342 251 nt·
1367 176 1560 261 puteos,
1591 182 1924 265 SPEC'l'ANTlA.
2102 195 2188 271 m·

97 402 102 411 .
143 340 411 447 rempublicam.
462 346 552 421 Nam
575 346 663 423 haer
682 352 843 424 tractatio
862 352 1047 424 literarum
1070 365 1127 423 to-
1178 370 1236 421 res
1258 348 1517 423 transsumam
1540 354 1588 433 ad
1608 354 1730 425 vicina
1753 354 1868 443 vicia,
1900 346 1986 454 quia
2006 354 2175 437 Chn'stns

143 468 222 548 pata
237 455 410 548 quaedam
425 448 553 521 militis
570 464 633 526 est.
677 452 779 527 Sicut
793 454 889 525 enim
901 454 990 525 ioris
1004 456 1129 525 deien-
1181 452 1364 522 commoni
1388 476 1489 523 more
1509 453 1670 543 virebat,
1692 460 1912 533 amnmbant
1934 482 2019 531 enm
2044 461 2177 537 intem-

144 558 199 629 sio
219 554 435 648 reipublicae
455 552 601 624 armatis
623 554 834 629 exercitibus
855 556 1042 649 commissa
1066 568 1131 641 est,
1178 549 1372 644 pemntiae.
1422 550 1481 623 Ad
1497 549 1584 625 haec
1596 551 1805 631 adhibenda
1818 573 1873 633 est
1896 560 2108 653 diligentia,
2133 580 2174 639 ut

144 659 195 731 ita
219 654 320 728 domi
343 654 503 727 custodia
523 654 759 747 reipublicae,
788 656 940 729 literatis
962 658 1130 728 mandata
1178 653 1372 725 modam·
1390 652 1624 729 dissimulatis
1645 671 1710 731 sut
1728 662 1952 751 extenuatis,
1977 678 2097 736 errata
2114 688 2175 737 ex·

147 771 217 845 est,
255 756 318 852 qui
343 756 534 847 religiones
555 758 702 844 docent,
732 770 769 830 et
794 771 958 830 mercem
984 757 1131 843 iudicia,
1180 768 1393 845 afferentur
1416 755 1455 825 in
1478 755 1706 833 immensum.
1760 760 1863 834 Sient
1878 764 2009 854 rulpns
2022 764 2115 837 solet
2131 769 2175 838 de

147 860 279 957 quibus
299 859 405 929 rebus
427 879 495 949 pax
524 858 624 929 dorni
654 857 868 931 continetur.
926 857 1131 929 Translstio
1178 856 1444 943 magistratibus
1473 856 1650 951 iudicare,
1682 865 1780 955 qnod
1810 863 1972 953 ingentis
2003 866 2174 941 beneficia

147 974 201 1034 est
217 959 312 1051 apud
327 958 491 1040 livium,
515 958 580 1030 nbi
601 958 723 1052 Scipio
741 984 881 1031 cansam
903 958 1088 1030 seditionis
1109 980 1131 1029 a
1180 978 1255 1025 non
1272 957 1388 1043 ridet,
1411 958 1576 1031 videlieet
1595 964 1694 1055 qnod
1709 985 1832 1054 pacem
1858 979 2095 1055 conservant,
2119 983 2174 1042 at-

148 1060 431 1145 multitudineio
447 1082 579 1153 paucos
593 1064 742 1133 confert.
791 1060 1001 1133 Multidudo
1013 1058 1132 1130 omnis
1179 1080 1249 1151 que
1263 1056 1383 1127 orium
1400 1061 1627 1151 suppeditant
1643 1064 1689 1132 ad
1709 1064 1961 1136 educationem
1983 1080 2094 1163 etipse
2116 1068 2175 1141 in-

149 1164 241 1236 sicut
256 1174 385 1233 natura
396 1160 506 1231 maria
519 1184 583 1255 per
599 1184 638 1234 se
656 1162 852 1235 immobilis
875 1175 947 1247 est,
970 1176 1012 1235 nt
1032 1159 1132 1232 renti
1180 1158 1402 1231 stitutionem
1417 1160 1572 1248 sobolis,
1596 1164 1641 1232 ad
1660 1184 1717 1233 res
1729 1164 1943 1237 domesticas
1957 1166 2175 1258 retinehdas,

150 1278 186 1338 et
199 1284 306 1335 aurae
320 1264 434 1343 cient,
459 1262 509 1333 ita
523 1275 586 1335 aut
601 1265 854 1359 tranquillum,
878 1276 941 1335 ant
955 1262 1132 1355 procellae
1180 1260 1377 1353 augendas,
1409 1272 1518 1355 atque
1538 1266 1730 1340 ornandas,
1781 1264 1929 1338 lnterim
1953 1266 2060 1363 siqu!
2079 1268 2173 1343 levia

151 1368 190 1437 in
203 1362 425 1449 robissunt,
443 1376 478 1434 et
493 1386 598 1436 causa
614 1379 720 1461 atque
736 1368 837 1457 origo
858 1362 975 1435 omnis
998 1362 1132 1435 luroris
1180 1372 1296 1431 errata
1308 1358 1502 1435 inciderint
1514 1362 1561 1433 de
1573 1364 1842 1455 maqistrltnum
1855 1367 2086 1459 negligentia,
2098 1382 2174 1443 tra·

150 1487 258 1563 peoes
283 1477 424 1536 autores
455 1479 524 1537 est:
562 1462 638 1538 Vos
665 1468 910 1560 contegatione
938 1464 1133 1537 insanistis.
1181 1460 1552 1555 gisemnqreruntor.
1599 1464 1726 1537 Sedin
1741 1479 1841 1539 tanta
1855 1466 2089 1561 improbitate
2103 1466 2173 1545 ho-

152 1564 340 1639 Translert
353 1578 390 1638 et
401 1563 657 1639 Demosthenes
669 1581 835 1641 eventum
849 1564 935 1637 belli
953 1565 993 1637 in
1016 1566 1132 1637 tortu-
1181 1560 1321 1632 minum
1338 1561 1480 1635 infinita
1496 1567 1655 1658 exempla
1668 1566 1872 1661 suppeditat
1889 1590 1977 1640 usus
1989 1570 2097 1649 vilse.

151 1690 255 1753 nam,
281 1680 317 1739 et
336 1668 633 1763 quemadmodum
654 1669 899 1761 gubernatori,
923 1666 986 1763 qni
1006 1690 1133 1737 somno
1284 1658 1459 1735 Gradatio
1471 1661 1608 1757 κλίμαξ
1618 1690 1699 1738 eum
1715 1671 1922 1761 perpradus
1936 1670 2011 1741 itus
2024 1673 2072 1743 ab
2091 1671 2172 1743 aliia

152 1767 304 1840 consilio
327 1768 450 1839 navim
473 1790 617 1860 regens,
648 1772 687 1841 ri
709 1768 924 1863 tempestatis
949 1784 1134 1859 superatus
1182 1761 1331 1849 ad'tlit,
1355 1763 1407 1837 ita
1423 1778 1467 1836 nt
1480 1788 1618 1861 semper
1631 1770 1833 1861 proximum
1857 1771 2006 1842 verbum
2030 1788 2171 1865 repeta-

152 1870 211 1951 sit,
225 1869 452 1961 naufragium
464 1869 636 1962 imputari
648 1896 723 1943 non
739 1873 857 1957 debet,
872 1870 921 1941 ita
937 1870 1008 1940 sibi
1023 1892 1133 1939 eren·
1181 1874 1261 1947 tor,
1284 1875 1343 1935 ut:
1364 1863 1550 1937 &undae
1563 1892 1621 1939 res
1642 1870 2082 1961 pariuntmegligeatiam,
2106 1896 2170 1945 ne-

154 1986 230 2042 tum
246 1971 332 2041 belli
345 1983 451 2061 negat
464 1970 731 2063 imputandum,
754 1972 816 2067 qui
829 1994 968 2043 summo
983 1970 1133 2041 consilio
1182 1963 1348 2053 slipentia
1364 1967 1616 2055 temeritatem,
1643 1973 1823 2042 temeritas
1845 1971 1973 2042 evertit
1994 1968 2171 2050 homines·

153 2094 360 2166 summaque
378 2072 447 2141 lide
461 2072 715 2166 rempublicam
733 2073 1045 2146 administraverit.
1068 2067 1134 2143 llst
1183 2059 1291 2156 Apud
1313 2060 1465 2136 Paulum
1489 2082 1557 2139 est:
1591 2067 1796 2143 Tribulatio
1820 2070 2028 2163 patientiam
2053 2073 2170 2161 affert,

108 2183 111 2187 ’
152 2186 188 2243 et
204 2172 299 2264 apud
317 2169 468 2244 Paulum
482 2174 666 2245 translatio
679 2170 766 2268 Cap.
775 2174 812 2249 7.
827 2177 870 2243 ad
883 2170 1011 2245 Roma.
1042 2169 1133 2243 Cum
1181 2162 1351 2255 patientia
1365 2166 1634 2257 probationem,
1660 2171 1826 2261 probatio
1842 2191 1952 2262 spem.
1999 2168 2169 2247 Diximus

152 2273 287 2343 dictum
301 2285 392 2343 esset
407 2272 484 2364 lege
502 2275 622 2366 angeri
636 2290 835 2369 peecatum,
858 2284 979 2365 postes
991 2272 1133 2343 confer
1181 2275 1301 2335 antem
1317 2264 1358 2334 in
1373 2267 1568 2339 dialecticis
1584 2263 1654 2340 hoe
1672 2273 1781 2341 modo
1805 2270 1971 2345 connecti
1989 2294 2114 2347 musas
2134 2288 2169 2347 et

152 2386 215 2447 tor
228 2396 331 2444 causa
345 2373 385 2441 in
400 2386 564 2445 naturam
580 2375 830 2469 peccatricem,
849 2396 926 2446 non
943 2373 985 2444 in
1006 2372 1132 2463 legem,
1182 2364 1349 2454 effeetus,
1373 2390 1500 2459 genera
1512 2384 1548 2442 et
1563 2369 1707 2462 species.

154 2472 238 2568 qnia
254 2474 311 2543 les
325 2476 421 2547 bona
437 2488 499 2545 est.
1765 2544 1790 2561 Ν

182 2620 185 2627 -
255 2572 338 2646 line
351 2573 505 2667 pertinet
542 2576 633 2647 olor.
680 2574 763 2647 Non
785 2574 880 2649 enim
900 2572 997 2645 idem
1022 2572 1133 2664 signi·
1519 2539 1580 2611 θ’
1604 2548 1822 2615 mmm

153 2674 235 2748 best
257 2674 357 2745 color
376 2676 474 2769 quod
497 2698 535 2747 sc
561 2698 657 2761 ema,
687 2692 730 2749 nt
747 2678 875 2769 vulgus
894 2688 1006 2768 putat.
1060 2673 1134 2747 Sed
1283 2669 1478 2742 Contentio
1499 2667 1691 2755 ἀντίθεσις
1710 2696 1793 2745 cnm
1820 2698 1885 2768 per
1900 2678 2168 2751 contrarium·

155 2766 624 2869 colorestspeciesbpurtl,
643 2776 816 2869 significat
837 2775 934 2847 enim
955 2774 1133 2848 narratio·
1183 2767 1399 2863 plifittmm,
1424 2793 1487 2842 ⁸0⁰
1500 2774 1722 2845 declaremus
1743 2776 1895 2870 aliquid·
1943 2776 2035 2850 Nam
2052 2782 2167 2853 eolla·

138 2898 238 2947 ,nem
257 2876 499 2947 verisimiliter
517 2878 650 2964 licum,
670 2892 712 2950 ιιι
733 2902 815 2949 eum
837 2877 1023 2969 fingimus,
1045 2875 1133 2971 quid
1181 2870 1236 2943 tio
1250 2869 1510 2944 contrariorum
1524 2896 1689 2965 magnam
1705 2876 1778 2946 vim
1795 2872 1903 2948 habet
1914 2881 1962 2949 ad
1979 2880 2165 2953 illustran-

154 2976 286 3071 aliquis
298 2975 483 3070 opinetur,
506 2978 595 3073 quid
609 2978 756 3066 dixerit,
776 2978 864 3074 quid
879 2978 1012 3053 fecerit.
1039 2974 1133 3049 Cum
1183 2973 1282 3048 dum.
1332 2972 1523 3045 Pitantem
1539 2976 1690 3066 singulis
1704 2976 1833 3063 verbis,
1856 2990 1897 3050 ut
1910 3003 1986 3050 non
2000 2993 2167 3064 estrees,

154 3098 294 3149 eausam
317 3078 468 3149 alieuius
489 3078 574 3151 lacti
595 3078 702 3151 nobis
721 3080 944 3151 commodam
956 3076 1134 3169 tingimus.
1183 3074 1243 3143 sed
1259 3072 1346 3145 laisa
1357 3074 1488 3165 gloria,
1513 3075 1621 3167 rulqo
1635 3077 1783 3169 plaeere.
1834 3074 1909 3152 Ant
1923 3080 2071 3172 integris
2082 3108 2167 3155 ora·

153 3174 1047 3272 SictingitCic.Clodiumdixissetriduoperiturum
1056 3174 1134 3247 Mi·
1183 3173 1363 3262 tionibus,
1385 3188 1442 3248 ut:
1468 3174 1576 3248 Nulla
1588 3178 1685 3249 salus
1706 3178 1822 3272 bello,
1848 3204 1969 3272 pacem
1991 3195 2027 3255 te
2049 3185 2166 3277 posci-

154 3276 927 3371 lonem,eumipseadAtticumseribattridno
935 3279 1132 3371 periturum
1184 3297 1264 3345 mus
1277 3296 1412 3346 omnes.
1444 3273 1595 3349 Pellitur
1615 3280 1774 3350 emedio
1794 3282 1988 3374 sapientia,
2011 3283 2050 3353 ri
2071 3286 2165 3377 geri-

152 3376 334 3456 Clodinm.
383 3377 512 3451 Poetae
524 3381 622 3472 pleni
636 3395 721 3453 sunt
736 3376 944 3452 huiuamodi
957 3378 1133 3450 narratio·
1183 3388 1244 3448 tnr
1257 3396 1327 3448 res.
1354 3372 1478 3448 Βοιιι
1491 3378 1562 3449 eris
1575 3379 1696 3468 loelix,
1709 3383 1842 3453 multos
1857 3385 2062 3455 numerabis
2073 3386 2166 3457 arni·

154 3480 249 3563 nib„
273 3478 357 3577 quia
371 3503 426 3551 res
444 3480 541 3552 fictas
551 3481 770 3555 describunt.
801 3478 1002 3553 Sumuntur
1015 3492 1133 3551 autem
1184 3498 1255 3552 ιοι.
1305 3474 1483 3571 Tempora
1498 3479 1530 3551 si
1545 3479 1680 3554 tuerint
1700 3483 1844 3568 nubila,
1867 3484 1966 3555 solus
1989 3487 2072 3563 eris.
2123 3484 2166 3560 st

154 3580 290 3652 colores
303 3606 346 3653 ex
360 3580 652 3669 circumstantiis,
678 3606 718 3653 ex
732 3594 850 3675 gestu,
876 3606 918 3653 ex
933 3580 1067 3661 causis,
1091 3602 1133 3649 ex
1183 3578 1377 3649 secundum
1390 3602 1530 3650 carnem
1544 3580 1713 3667 vixeritis,
1726 3583 1940 3659 moriemini.
1977 3585 2017 3657 Si
2033 3587 2166 3681 spiritu

153 3681 263 3773 signis
285 3682 584 3777 consequentibus
601 3696 664 3755 aut
690 3682 991 3775 praecedentibus.
1041 3674 1133 3751 Ori·
1182 3678 1272 3751 lacta
1289 3678 1407 3751 earnis
1421 3680 1698 3774 mortificabitis,
1724 3682 1861 3756 vivetis.
1911 3683 2020 3757 Varie
2042 3689 2167 3760 conie-

152 3786 235 3853 dins
261 3784 411 3876 sumpsit
434 3809 475 3855 ex
496 3784 794 3881 consequentibus
816 3808 898 3855 cum
921 3783 987 3856 ait:
1021 3781 1133 3851 Arma
1183 3792 1314 3851 rantur
1340 3780 1539 3863 contraria,
1572 3784 1635 3853 sed
1663 3806 1731 3855 nos
1755 3810 1829 3858 nno
1850 3786 1956 3858 titulo
1976 3784 2165 3861 antithesis

152 3882 223 3953 viri
237 3883 485 3956 lortismedios
496 3886 687 3960 mittantur
701 3886 740 3957 in
755 3882 886 3967 hostes,
911 3882 1001 3954 lnde
1015 3882 1134 3953 iubete
1184 3879 1367 3975 pleraeque
1389 3879 1478 3953 alias
1506 3883 1637 3976 speeies
1666 3885 2014 3980 comprehendimus.
2071 3886 2165 3961 Nam

152 3983 244 4079 peti,
267 4008 303 4078 q.
317 3986 353 4055 d.
369 3978 436 4054 hoc
450 3986 519 4058 erit
541 3987 681 4079 signum
703 4000 783 4059 nter
801 3984 948 4077 dignior
966 3983 1031 4069 sit,
1054 3994 1134 4053 uter
1184 3981 1246 4051 illa
1263 3979 1373 4083 nimis
1387 3982 1527 4055 exiliter
1538 3986 1680 4057 concisa
1706 3989 1901 4080 specierum
1923 3990 2069 4082 partitio
2093 3992 2165 4063 ob·

151 4084 285 4157 virtute
301 4097 463 4178 praestet.
1183 4094 1363 4159 moreest.

254 4180 302 4258 llt
327 4180 397 4257 bare
422 4184 574 4277 pertinet
598 4186 796 4279 calumnia,
830 4208 901 4281 qua
924 4196 1018 4256 recte
1038 4182 1133 4254 dicta
1283 4180 1526 4258 Commutatio
1541 4182 1812 4282 ἄνειμιιαβολι)
1828 4188 2105 4281 monachiense
2124 4192 2166 4266 bt

154 4310 195 4359 ac
218 4288 309 4360 iacta
336 4288 594 4379 depravantur,
630 4286 767 4383 deque
787 4284 927 4361 tametsi
949 4297 1133 4380 praecepta
1183 4284 1371 4357 contrariis
1384 4287 1618 4379 transpositis,
1641 4302 1698 4359 ut:
1719 4288 1876 4359 inimicis
1890 4301 1926 4361 te
1937 4291 2165 4385 placabilem,

154 4402 273 4461 extant
288 4388 327 4459 in
341 4382 542 4482 sophisticis
555 4387 769 4485 syllogismis
777 4386 990 4481 Aristotelis,
1013 4400 1133 4460 tamen
1183 4384 1306 4456 amieis
1327 4385 1581 4475 inexorabilem
1609 4389 1767 4479 praebes.
1823 4388 1945 4463 Labor
1972 4406 2025 4465 est
2053 4396 2164 4466 etism

155 4483 243 4559 haee
265 4501 423 4582 tempora
446 4486 580 4562 habent
599 4488 786 4562 artiticium
816 4488 930 4562 multo
958 4487 1133 4573 callidius,
1182 4486 1258 4578 ipsa
1275 4487 1449 4580 voluptas.
1499 4486 1588 4560 Esse
1597 4504 1736 4581 oportet
1751 4504 1791 4561 ut
1807 4492 1925 4578 vivas,
1949 4514 2024 4563 non
2043 4494 2165 4567 virere

155 4588 252 4687 quod
267 4588 391 4661 multis
410 4614 493 4685 opes
515 4613 556 4662 ae
580 4588 787 4681 dignitatem
804 4590 911 4684 parit.
961 4586 1055 4661 Tota
1077 4608 1133 4659 res
1182 4601 1225 4659 nt
1239 4588 1332 4662 edas.
1381 4586 1422 4661 Si
1437 4585 1673 4680 Evangelium
1695 4594 1869 4682 approbat
1889 4594 2012 4665 civiles
2031 4618 2166 4685 mores,

155 4689 291 4763 esloeo
304 4712 485 4763 causarum
505 4704 539 4763 et
561 4692 745 4784 signorum
766 4688 1073 4783 interpretatione,
1097 4702 1134 4761 et
1182 4688 1430 4787 conmquitur,
1454 4702 1495 4762 ut
1510 4684 1568 4772 hi,
1586 4690 1655 4785 ¹qui
1672 4690 1793 4764 civiles
1809 4716 1925 4765 mores
1946 4694 2166 4789 improbant,

132 4790 324 4886 „exemplis
339 4792 596 4865 vairedetortis
610 4792 763 4868 ducitur.
810 4790 902 4865 Nam
920 4788 959 4859 in
971 4790 1133 4863 recteia·
1182 4784 1370 4879 Evangelii
1384 4790 1606 4864 autoritatem
1621 4792 1774 4882 praviter
1788 4792 1944 4868 laedant.

118 4864 133 4903 ἱ
154 4892 239 4979 etis,
261 4890 373 4973 malas
394 4914 515 4965 musas
536 4888 694 4982 horest,
718 4916 828 4988 prava
849 4888 998 4964 consilia
1021 4912 1133 4987 qnae·
1285 4890 1463 4978 inversio,
1493 4914 1575 4963 enm
1594 4894 1814 4965 ostendimus
1836 4919 1901 4986 pro
1921 4896 2026 4967 nobis
2045 4896 2165 4970 iaceas

153 5006 257 5085 runt,
275 4992 445 5064 insidiose
457 5008 680 5085 aucupantur
697 4996 817 5088 signa,
841 5016 931 5089 quae
950 4988 1132 5063 rarie'ex·
1182 5002 1429 5082 argumentum
1456 4994 1553 5088 quod
1582 5006 1705 5064 eontra
1731 5016 1799 5065 nos
1824 4998 2074 5092 detorquetur,
2104 5013 2163 5070 ut:

152 5094 241 5191 psai
260 5107 427 5189 possunt,
450 5106 492 5173 nt
512 5090 694 5169 Pharisaei
715 5094 1013 5190 interpretabatur
1023 5089 1132 5165 Chri-
1182 5090 1381 5185 Sepeliisti‚
1404 5094 1514 5183 igitur
1525 5093 1698 5171 occidisti.
1726 5093 1848 5168 Potest
1862 5098 2010 5168 inverti:
2037 5096 2117 5170 lmo
2130 5099 2165 5171 si

151 5210 246 5279 stum
268 5194 431 5266 affectare
451 5218 622 5287 regnum,
645 5197 731 5293 quia
751 5198 950 5291 patiebatur
966 5195 1131 5267 multitu·
1182 5194 1407 5281 oceirtim,
1431 5216 1506 5265 non
1521 5193 1747 5289 sepeliissesn.
1777 5195 1868 5268 Nam
1884 5198 1947 5293 qui
1963 5197 2003 5267 in
2019 5198 2079 5270 sis
2091 5222 2164 5292 pu-

149 5298 269 5369 dioem
285 5298 329 5366 ad
345 5296 591 5385 seronllnere,
613 5298 900 5373 distendimusa.
948 5294 1036 5366 ltem
1050 5318 1129 5366 mo·
1180 5293 1274 5367 blica
1285 5296 1380 5389 apnd
1392 5300 1545 5368 cadaeer
1556 5310 1797 5369 commoratur
1808 5299 1896 5369 dam
1910 5298 2161 5395 sepeliat,·ulsi
