4538 5754
131 213 228 293 ross
714 212 841 289 enm
870 212 1547 313 uanscnuranxuoauoa.
1737 300 1755 341 Ι.
2052 245 2135 318 soso

129 386 188 460 hic
207 384 425 479 propositam
448 404 537 453 esse:
568 379 718 456 Etiamsi
742 399 842 477 pater
864 403 899 461 et
923 404 1035 462 mater
1053 416 1110 462 me
1160 393 1246 467 Dixi
1266 398 1462 471 confitebor
1490 405 1678 475 adversum
1706 431 1762 477 me
1791 408 2014 483 gnimgpcgam
2034 437 2133 486 mm

127 493 309 569 deserant,
340 500 457 557 tamen
478 482 574 554 Deus
594 482 685 556 mihi
706 488 838 576 aderit,
864 515 920 561 me
944 492 1110 565 desendet
1159 494 1337 585 Domino,
1372 513 1407 571 et
1434 514 1472 571 tu
1496 506 1645 577 remittis
1669 509 1884 600 impietatem
1909 516 2046 605 peccati
2064 508 2131 589 mei

128 607 161 666 et
175 590 340 664 servabit.
668 619 678 639 ·
1160 596 1231 669 Sed
1255 596 1419 683 Ethnici,
1446 619 1486 676 ut
1507 603 1616 699 Cato,
1650 606 1783 681 Brutus
1804 627 1839 684 et
1863 615 2021 697 similes,
2052 641 2131 687 mer
2165 667 2167 676 ·

228 705 485 779 Promissiones
516 719 633 775 autem
667 719 701 776 et
733 724 915 802 praecepta
947 716 991 783 de
1024 713 1108 785 fide:
1159 713 1293 790 &⁰³¹¹st
1308 703 1348 772 5¹¹
1363 704 1779 800 ⁰Pi¹¹i⁰¹¹²⁸EPifflf²³⁵s
1805 737 1885 784 ⁶⁰¹ss
1901 716 2029 808 Viden!
2050 742 2084 788 δὲ
2099 721 2128 788 in

126 808 295 908 Expecta
309 805 537 893 Dominum,
563 809 692 880 docent
707 832 771 878 nos
786 834 890 882 usum
913 808 1021 884 huius
1042 818 1109 886 do·
1160 802 1291 884 ΰόῠὸῐδ,
1317 818 1358 876 ῦῐ
1379 821 1523 896 vulfini,
1551 811 1759 883 imbribus
1780 821 2035 910 succumbere,
2059 844 2128 913 que·

125 915 268 988 aprinae,
328 909 499 980 Tenenda
532 921 584 978 est
617 911 822 1004 promissio,
855 927 889 984 et
922 917 1105 987 sciendum
1158 916 1289 975 runtur
1303 929 1377 975 non
1393 930 1466 979 esse
1480 934 1584 981 curae
1599 910 1675 982 Deo
1691 938 1746 984 res
1763 910 1961 1004 humanas,
1977 943 2044 990 nec
2059 945 2127 991 con·

123 1018 221 1110 quod
237 1037 319 1084 vere
333 1011 377 1084 sit
392 1011 597 1080 mandatum
612 1013 699 1096 Dei,
724 1026 765 1083 ut
779 1015 916 1085 etiamsi
931 1041 1052 1090 sumus
1067 1020 1107 1088 in
1157 1004 1301 1096 fugiunt
1322 1009 1367 1076 ad
1389 1006 1518 1082 Deum·
1573 1012 1620 1084 Ut
1641 1011 1774 1089 Brutus
1797 1020 1997 1091 moriturus
2018 1021 2128 1091 clama·

124 1117 302 1188 aerumnis
316 1113 538 1202 ingentibus,
564 1125 681 1182 tamen
696 1113 793 1185 iuxta
808 1117 956 1188 verbum
972 1132 1107 1192 statua·
1158 1107 1227 1177 Vii²
1254 1104 1291 1177 0
1306 1108 1402 1179 Deus
1419 1112 1498 1204 quis
1517 1127 1568 1185 est
1583 1109 1713 1186 homm
1738 1119 1915 1190 melorum
1932 1122 2060 1192 causa?
2089 1118 2125 1194 Et

124 1242 203 1289 mus
225 1217 329 1287 nobis
345 1216 465 1284 adesse
478 1209 592 1284 Deum
615 1214 882 1305 opitulatorem,
908 1234 943 1291 ct
964 1222 1107 1312 mitiga·
1156 1204 1245 1281 0²1⁰
1261 1209 1412 1294 dicebat»
1427 1237 1571 1304 magnas
1587 1239 1660 1287 etse
1678 1222 1841 1290 tenebras
1851 1216 2031 1293 humanae
2046 1247 2126 1292 men·

122 1336 243 1393 turum
261 1341 333 1388 esse
354 1316 585 1396 calamitates,
611 1338 747 1409 nosque
764 1321 907 1389 tandem
932 1323 1104 1394 liberatu-
1156 1309 1202 1379 15⁸
1218 1310 1262 1380 de
1277 1311 1552 1397 V0¹¹¹⁰l⁸ieD⁸52
1568 1321 1665 1412 quod
1677 1317 1869 1420 Pompeius
1886 1324 2047 1395 antesin
2059 1347 2126 1395 cau·

123 1445 204 1492 rum
228 1442 310 1492 esse.
363 1415 446 1487 ldeo
471 1417 577 1486 tidem
606 1439 705 1486 suam
735 1417 810 1512 ipse
839 1439 1102 1517 commemorat,
1157 1411 1205 1480 sis
1228 1411 1370 1483 iniustis
1392 1415 1594 1489 fortunatus
1616 1420 1754 1506 fuisset,
1788 1425 1952 1494 nuncin
1979 1447 2077 1496 causa
2095 1439 2125 1496 ut
2166 1488 2167 1500 ,

122 1537 163 1594 ut
177 1521 336 1612 exemplo
350 1541 414 1590 suo
431 1541 496 1588 nos
512 1520 700 1590 admoneat
722 1522 766 1589 de
790 1525 1043 1619 applicatione,
1069 1540 1104 1598 ,ι
1156 1512 1224 1603 ipsi
1239 1513 1428 1585 videbatur
1446 1518 1557 1603 iusta,
1582 1520 1705 1592 infelix
1721 1536 1819 1596 esset.
1874 1523 1985 1596 Tales
1999 1538 2077 1597 sunt
2095 1526 2123 1596 in

121 1626 167 1695 de
196 1621 409 1713 expectanda
430 1620 686 1691 consolatione:
720 1615 859 1706 Credo,
888 1627 1023 1718 inquit,
1048 1650 1104 1696 ma
1156 1615 1293 1703 magnis
1306 1619 1655 1713 aerumnisquerelae
1670 1637 1703 1694 et
1714 1625 2125 1714 disputationesomniun
2165 1688 2167 1700 .

124 1723 285 1795 visurum
314 1742 388 1790 esse
411 1719 508 1791 bona
530 1718 693 1790 Domini
713 1720 753 1790 in
775 1732 873 1794 terra
898 1724 1103 1800 viventium.
1157 1716 1373 1806 ”Plffliuffls
1426 1720 1489 1813 ‘1¹¹5
1531 1723 1697 1810 ignorant
1734 1720 1998 1816 Evangelium,
2047 1728 2125 1823 ΨΜ

120 1823 271 1898 Etiamsi
293 1846 435 1916 premor
456 1824 617 1917 undique
640 1836 759 1894 tamen
780 1821 845 1897 hac
867 1852 924 1898 me
940 1832 1104 1901 comta.
1155 1831 1331 1889 monstrat
1363 1843 1485 1890 causas
1514 1823 1752 1896 calamitatum
1785 1840 1820 1897 et
1848 1852 1952 1900 veras
1983 1829 2127 1902 consola-

121 1930 219 1998 tione
244 1938 420 2010 sustento,
445 1926 628 2017 acquiesco
649 1925 687 1993 in
713 1929 945 2016 promissione
967 1933 1102 2018 divina,
1154 1915 1280 1990 5⁰⁰⁰&

120 2044 156 2100 et
176 2026 241 2099 hac
269 2029 338 2097 lide
369 2027 616 2097 liberationem
641 2028 855 2120 tranquillus
876 2047 1036 2122 expecto,
1069 2049 1105 2106 et

121 2132 264 2225 quidem
287 2127 453 2199 evenient
483 2129 581 2197 bona
610 2151 685 2198 non
710 2131 885 2220 peritura,
917 2135 977 2203 sed
1008 2135 1102 2205 bona

119 2230 283 2317 Domini,
307 2231 386 2313 lux,
411 2229 550 2299 iusticia
571 2242 606 2300 et
626 2229 701 2299 vita
723 2245 872 2305 aeterna.
922 2229 970 2304 Et
985 2257 1101 2306 serva·

119 2337 188 2405 bor
209 2335 248 2402 in
259 2347 351 2403 terra
367 2329 583 2415 viventium,
607 2331 731 2412 idest,
757 2356 832 2401 non
855 2335 1037 2425 opprimar
1057 2340 1103 2409 ab

120 2431 281 2506 hostibus
298 2434 336 2500 in
354 2427 419 2500 bac
437 2431 528 2512 vita,
555 2454 620 2500 nec
637 2430 768 2501 deinde
782 2456 919 2526 mergar
935 2436 973 2506 in
988 2453 1102 2511 aeter-

119 2560 203 2606 nam
227 2545 395 2616 mortem,
421 2532 482 2600 sed
498 2530 684 2601 celebrabo
700 2530 816 2605 Deum
834 2536 928 2608 inter
943 2539 1102 2610 viventes

121 2639 161 2706 in
184 2630 249 2706 hac
272 2636 345 2705 vita
371 2645 405 2701 et
426 2633 465 2700 in
487 2633 559 2703 vita
582 2648 740 2705 aeterna:
769 2649 856 2708 tecte
879 2638 974 2708 enim
996 2640 1103 2713 simul

122 2738 354 2808 concionatur
366 2735 411 2804 de
427 2733 499 2806 vita
514 2748 666 2819 aeterna.

1213 2169 1223 2186 ·
1262 2067 1347 2144 Post
1375 2075 1612 2165 precationem
1643 2103 1729 2151 vero
1758 2083 1920 2176 sequitur
1949 2084 2127 2175 gratiarnm
2164 2146 2167 2159 .

1154 2182 1246 2240 actm
1273 2195 1377 2244 versu
1400 2189 1508 2259 sexto,
1533 2202 1603 2271 qua
1627 2193 1773 2253 testatur
1795 2209 1831 2252 se
1854 2199 2036 2256 servatum
2058 2206 2128 2255 esse

1154 2264 1202 2342 Et
1219 2272 1266 2343 ob
1278 2269 1371 2345 hanc
1386 2274 1500 2365 ipsam
1517 2303 1657 2350 causam
1671 2307 1769 2352 suam
1785 2285 2036 2357 liberationem
2052 2283 2127 2356 reci·
2166 2352 2167 2361 ,

1155 2467 1292 2545 Omnes
1308 2478 1435 2548 caeteri
1450 2493 1573 2574 petant
1593 2483 1862 2572 liberationem,
1888 2502 1924 2559 et
1949 2502 2046 2560 certo
2065 2510 2125 2558 cre·

1154 2573 1243 2645 dant
1258 2598 1295 2646 se
1311 2579 1470 2648 exaudiri
1491 2605 1510 2649 a
1525 2579 1601 2653 Deo
1623 2587 1866 2677 confugientes
1878 2591 1923 2659 ad
1939 2591 2074 2681 ipsum,
2096 2599 2125 2656 ut

1154 2673 1242 2744 alibi
1266 2675 1426 2748 Psalmus
1450 2679 1584 2775 inquit:
1609 2682 1725 2776 Prope
1748 2703 1799 2758 est
1821 2688 2002 2760 Dominus
2024 2686 2123 2762 omni·

1154 2776 1222 2844 bus
1240 2776 1490 2850 invocantibus
1516 2805 1611 2851 eum.
1666 2782 1716 2855 Et
1738 2784 1813 2857 tost
1836 2790 1975 2882 inquit:
2010 2787 2122 2862 Omnit

1155 2876 1218 2971 qui
1237 2877 1455 2953 invocaverit
1477 2891 1610 2952 nomen
1624 2882 1772 2955 Domini
1797 2889 1914 2960 salvus
1932 2893 2014 2963 erit.
2058 2889 2120 2961 Has
2158 2960 2160 2965 .

259 2958 594 3053 Arpumevtvm
620 2977 675 3026 αθ
700 2953 958 3049 ἆὶθΡθδίΗθ
1156 2978 1373 3050 universales
1410 2983 1603 3053 sententiae
1635 2986 1824 3078 diligenter
1863 2991 2120 3064 considerandae

414 3087 575 3172 Psalmi
604 3086 816 3173 XXVssL
1154 3096 1255 3164 sunt,
1280 3093 1321 3150 ut
1335 3105 1400 3152 nos
1421 3082 1516 3174 ipsos
1537 3083 1577 3154 in
1596 3108 1653 3155 eas
1669 3087 1904 3163 includamus.
1958 3088 2007 3165 Et
2022 3088 2119 3164 David

943 3212 945 3216 >
1017 3257 1024 3273 ι
1155 3201 1236 3249 suas
1253 3181 1480 3254 liberationes
1498 3185 1576 3254 ideo
1594 3187 1741 3258 recitare
1755 3214 1791 3259 se
1807 3193 2044 3276 adfirmat,ut
2058 3212 2119 3263 cae·
2154 3271 2156 3274 Α

50 3357 54 3364 .
169 3251 282 3325 Adit?
297 3254 457 3324 DOMO
473 3247 665 3359 ‘iambis
688 3258 803 3342 Petra
819 3273 906 3325 Μ
927 3274 975 3325 '⁸⁰
989 3252 1105 3327 “im
1155 3296 1250 3352 leros
1272 3284 1430 3375 exemplo
1453 3309 1517 3357 suo
1543 3288 1587 3355 ad
1610 3287 1716 3358 fidem
1742 3291 1886 3379 invitet,
1911 3309 1955 3368 nt
1970 3288 2119 3369 Putat

172 3376 197 3425 (ὅ
223 3377 307 3442 mes
333 3363 406 3426 02⁰·
1155 3383 1290 3478 inquit:
1315 3383 1481 3456 Accedite
1497 3389 1656 3475 adeum,
1682 3405 1716 3460 et
1740 3395 1934 3476 accurrite,
1961 3410 1997 3468 et
2018 3395 2117 3467 vultu

1155 3485 1263 3555 vestri
1288 3509 1364 3554 non
1387 3489 1660 3560 confundentur.
1712 3489 1782 3562 Iste
1807 3518 1942 3585 pauper
1964 3494 2118 3577 clamavit,
2155 3564 2167 3576 ,

1155 3599 1190 3656 et
1204 3583 1382 3656 Dominus
1398 3589 1577 3659 exaudivit
1590 3614 1669 3660 eum
1677 3642 1689 3675 ‚
1718 3607 1751 3661 et
1773 3619 1815 3662 ex
1829 3597 2000 3669 omnibus
2021 3597 2117 3669 tribu·

1154 3686 1348 3758 lationibus
1364 3688 1495 3786 eripuit
1510 3713 1601 3764 eum.
1654 3692 1714 3763 Sic
1736 3693 1845 3783 igitur
1866 3698 2028 3790 exempla
2047 3697 2117 3767 libe·

1154 3786 1505 3859 rationisDavidicae
1528 3792 1704 3880 legamus,
1732 3808 1767 3864 et
1790 3810 1830 3865 ut
1850 3799 1956 3869 nobis
1977 3792 2118 3891 promitti

1154 3887 1326 3958 auxilium
1343 3902 1555 3975 statuamus,
1580 3917 1620 3962 ac
1635 3897 1789 3986 praecipi
1806 3897 2005 3985 discamus,
2028 3910 2116 3970 utta·

1154 3988 1249 4059 libus
1280 3991 1548 4063 commonefacti
1573 3996 1739 4087 exemplis
1764 3998 2014 4069 liberationem
2037 4011 2116 4093 pets·

1154 4113 1233 4160 mus
1247 4083 1281 4161 et
1296 4104 1525 4183 expectemus.
1577 4093 1663 4165 Ideo
1686 4097 1724 4165 in
1744 4095 1816 4168 fine
1836 4096 1967 4192 addita
1983 4114 2037 4173 est
2055 4120 2116 4194 pre·
2160 4093 2164 4097 ’

1154 4193 1245 4263 catio
1269 4215 1333 4283 pro
1365 4193 1529 4265 universa
1552 4196 1730 4279 Ecclesia,
1762 4213 1802 4269 ut
1828 4202 2004 4292 significet
2032 4218 2116 4273 suun

1154 4293 1352 4386 exemplum
1379 4296 1423 4364 ad
1456 4310 1609 4368 caeteros
1632 4299 1819 4388 pertinere.
1879 4299 1994 4395 Saepe
2020 4315 2114 4373 auten
2162 4314 2167 4331 ¹

1154 4396 1192 4463 in
1205 4396 1275 4464 line
1288 4393 1512 4466 Psalmorum
1529 4399 1615 4468 tales
1629 4423 1832 4471 communes
1847 4405 2067 4493 precationes
2077 4412 2115 4487 at·¹

1153 4497 1259 4577 texit,
1294 4497 1423 4588 quibus
1445 4499 1560 4569 voluit
1583 4524 1704 4570 omnes
1726 4502 1873 4574 lectores
1896 4502 2115 4576 commonefa-

1153 4620 1231 4667 cere
1252 4599 1296 4668 de
1319 4592 1386 4667 hoc
1404 4599 1539 4680 officio,
1565 4603 1726 4671 omnium
1749 4607 1900 4674 maxime
1927 4604 2115 4682 necmsaritv

1153 4698 1316 4769 videlicet
1331 4701 1589 4793 deprecatione
1605 4728 1668 4794 pro
1685 4705 1849 4774 universa
1863 4700 2037 4779 Ecclesia.

223 3523 331 3592 Initio
348 3523 516 3593 recitatur
530 3523 696 3614 precatio,
722 3545 812 3617 quae
826 3521 1034 3614 amplificata
1054 3535 1105 3594 est

123 3622 332 3697 tristissimis
360 3624 557 3695 affectibus.
621 3622 791 3695 Luctatur
817 3619 993 3716 Propheta
1023 3649 1104 3696 cum

123 3724 311 3798 horrendis
344 3726 557 3810 terroribus,
595 3727 770 3816 premitur
800 3739 991 3817 conspectu
1023 3750 1103 3818 pec-

124 3830 210 3913 eati,
237 3841 271 3899 et
291 3828 418 3898 metuit
440 3850 476 3896 se
499 3826 606 3896 abiici
627 3852 707 3897 cum
730 3827 849 3918 impiis
865 3841 900 3898 et
914 3828 1101 3899 damnatis.

122 3928 243 4002 Huius
262 3929 414 4018 ingentis
437 3941 472 3998 et
492 3924 691 3998 horrendae
717 3928 1012 3999 consternationis
1036 3942 1102 4017 gu·

122 4046 216 4104 stum
234 4031 274 4101 in
288 4053 393 4101 sensu
408 4029 645 4123 poenitentiae
667 4030 717 4122 pii
739 4031 979 4122 experiuntur.
1029 4028 1103 4100 Nec

123 4134 202 4204 aliis
219 4133 337 4205 verbis
352 4128 390 4201 hi
405 4154 553 4224 pavores
573 4132 681 4222 magis
698 4133 840 4221 proprie
854 4131 1006 4201 describi
1021 4154 1102 4222 pos-

123 4249 225 4322 sunt,
249 4259 356 4328 quam
373 4256 464 4330 quae
486 4227 569 4304 sunt
589 4233 627 4301 in
652 4233 736 4324 ipsis
757 4231 918 4306 Psalmis.
969 4232 1102 4325 Deplo-

62 4400 67 4411 .
124 4352 208 4410 rant
222 4358 322 4407 suam
336 4334 617 4419 immunditiem,
643 4346 839 4423 agnoscunt
860 4333 988 4404 iustam
1012 4336 1101 4404 iram

124 4439 211 4521 Dei,
245 4439 402 4509 sentiunt
427 4459 577 4528 poenas,
609 4435 766 4505 fatentur
794 4437 1102 4526 poenasminores

125 4563 199 4612 esse
215 4540 287 4610 suis
302 4538 471 4630 peccatis,
497 4550 537 4607 ut
552 4537 707 4608 clamitat
720 4535 848 4607 Daniel
862 4559 937 4626 cap.
955 4535 1008 4611 9.:
1036 4536 1103 4607 Ti-

124 4644 164 4714 bi
184 4639 337 4711 Domine
352 4637 508 4725 iusticia,
532 4638 638 4710 nobis
658 4650 775 4708 autem
799 4637 959 4706 conlusio
982 4638 1101 4709 iacieit

125 4754 288 4814 metuunt
306 4739 415 4831 igitur
435 4762 471 4809 se
487 4762 630 4833 prorsus
646 4738 752 4812 abiici
768 4762 848 4811 cum
862 4740 1038 4810 damnatis
1061 4741 1100 4810 in

124 4840 307 4918 aeternum
323 4842 480 4914 exitium·
732 4862 734 4866 “
855 4864 859 4869 “
1254 4843 1501 4936 Adiungamus
1517 4872 1598 4940 ergo
1611 4865 1730 4922 nostra
1750 4866 1829 4924 vota
1852 4855 1898 4924 ad
1915 4849 2012 4925 hanc
2026 4856 2117 4948 ipsas

226 4944 269 5015 ln
284 4940 340 5015 his
357 4945 463 5016 tantis
477 4943 662 5014 doloribus
674 4943 910 5015 succumbunt
926 4940 1024 5027 Saul,
1039 4939 1101 5013 lu·
1153 4970 1274 5016 vocem
1299 4946 1511 5039 Prophetae:
1559 4946 1715 5021 Salvum
1730 4951 1803 5050 sae
1817 4951 2000 5051 pupulam
2022 4967 2116 5034 tuum,

124 5053 187 5122 das
207 5062 242 5120 et
260 5047 321 5117 alii
335 5045 627 5117 innumerabiles.
678 5046 748 5117 Sed
774 5042 908 5129 David,
931 5039 1102 5116 Ezechias
1154 5055 1185 5115 et
1200 5044 1346 5118 benedic
1362 5043 1588 5120 haereditati
1599 5060 1699 5140 tuoe,
1725 5064 1757 5123 el
1772 5077 1851 5151 rege
1875 5066 1907 5126 et
1924 5054 2118 5130 extolleret

124 5168 158 5225 et
173 5151 303 5221 similes
323 5160 556 5220 sustentantes
576 5170 612 5218 se
625 5147 835 5239 cogitatione
855 5145 1102 5238 promissionis
1152 5170 1307 5246 semper,
1334 5152 1482 5222 deiende
1497 5151 1690 5225 Ecclesiam
1707 5159 1875 5229 adversus
1888 5163 2055 5232 omnium
2066 5160 2118 5228 ina

123 5278 186 5329 seu
207 5250 412 5342 Evangelii,
437 5263 633 5338 agnoscunt
653 5248 859 5338 promissam
881 5267 953 5317 esse
976 5249 1101 5318 remis-
1152 5250 1293 5343 piorum
1318 5246 1573 5324 haereticorum
1599 5270 1632 5327 et
1656 5269 1888 5349 tyrannorum
1911 5263 2068 5346 furores,
2094 5266 2119 5327 cl

100 5358 261 5433 ,sionem
288 5363 529 5444 peccatorum,
560 5364 602 5422 ut
632 5373 713 5420 mox
740 5348 834 5426 Psal.
857 5349 919 5423 82.
952 5348 1099 5423 dicitur:
1152 5354 1268 5425 studia
1283 5365 1317 5425 et
1330 5353 1554 5448 disciplinam
1569 5379 1669 5450 rege,
1696 5373 1730 5432 et
1748 5374 1908 5451 servato,
1935 5379 1979 5438 ut
2001 5378 2120 5456 sempe!
