4538 5754
96 219 165 311 tot
258 230 261 235 ·
548 163 1662 293 11.auouuuuruu1ussa1auraorusrnu.
1806 303 1816 314 „
2040 221 2127 300 sos

258 394 566 504 Argumentum
587 388 709 498 primi
730 384 909 496 Capitis.
1285 388 1336 472 ln
1366 386 1503 495 Caput
1524 387 1684 471 Esaiae
1714 387 1957 477 secundun.

176 536 325 608 initium
341 536 543 622 esttitulus,
567 534 741 629 quianon
755 533 833 603 vult
849 530 946 604 Deus
962 544 1078 602 entare
1209 531 1378 604 'initium
1402 547 1453 606 est
1475 534 1679 608 consolatio.
1731 530 1796 608 Est
1814 537 1907 607 enim
1925 544 2111 629 promissio

96 641 129 710 iu
146 638 306 709 Ecclesia
321 637 432 707 libros
453 638 529 707 sinc
551 636 656 709 certis
676 635 877 707 autoribus:
911 635 973 705 scd
996 634 1078 702 ideo
1128 636 1424 728 promulgationis
1440 633 1629 726 Evangelii
1652 649 1686 708 et
1709 637 1919 712 incoationis
1933 639 2111 720 Ecclesiae

96 752 194 812 vocat
209 735 407 830 Prophetas
430 751 464 810 et
478 734 684 830 Apostolos,
709 750 744 807 et
768 750 872 807 ornat
895 759 954 807 eos
978 735 1078 806 testi·
1129 751 1303 822 aeternae,
1322 733 1965 832 quaelictinhocipsomunteZion.
2002 745 2111 819 Man.

96 842 242 923 moniis,
267 853 307 912 ut
329 839 497 924 sciamus,
523 842 667 910 undeet
683 861 747 930 per
763 860 852 931 quos
876 850 1017 928 accepta
1033 837 1079 907 sit
1128 864 1209 911 sura
1225 855 1276 912 est
1292 840 1401 930 igitur
1423 839 1609 931 posteritas
1624 835 1789 910 Abrahae
1806 843 1844 911 in
1862 839 1928 915 boc
1953 847 2050 931 loco,
2077 865 2112 923 et

96 943 262 1015 loctrins.
287 937 290 941 ’
314 939 460 1011 Necesse
478 954 530 1012 est
544 941 653 1031 igitur
669 939 840 1031 praeponi
855 938 989 1012 titulos.
1069 948 1072 955 '
1128 964 1294 1012 mansura
1328 937 1414 1012 haec
1449 941 1594 1032 politia,
1635 942 1748 1011 donec
1778 941 1865 1015 fiant
1903 941 1987 1018 haec
2021 976 2111 1045 quae

192 1070 393 1145 Exordium
421 1087 537 1144 autern
561 1074 664 1142 valde
685 1073 818 1161 grande
839 1086 909 1156 est,
943 1069 1078 1142 Audite
1128 1046 1339 1136 Pi³⁰d¹⁰¹¹·'

96 1174 232 1246 coelum
255 1190 289 1246 et
312 1188 427 1268 terra,
459 1175 541 1269 quia
567 1171 663 1245 Deus
688 1175 765 1244 vult
789 1172 949 1244 exaudiri
977 1195 1077 1242 suam
1230 1159 1403 1250 COogruil
1425 1173 1541 1230 autom
1573 1155 1659 1251 hoec
1688 1158 1875 1255 prophetia
1897 1169 2111 1243 adverbum

96 1300 214 1346 vocem
241 1300 260 1345 a
284 1289 358 1347 toto
383 1298 512 1365 genere
534 1271 710 1360 humano,
739 1289 776 1347 et
791 1277 868 1345 vult
883 1269 1078 1343 Ecclesiam
1129 1287 1209 1333 cum
1231 1263 1325 1334 dicto
1350 1259 1498 1332 Psalmi:
1529 1261 1676 1354 Virgam
1699 1264 1841 1336 virtutis
1870 1279 1950 1338 tuac
1977 1274 2113 1362 emittet

96 1379 129 1445 iu
145 1378 284 1448 mundo
297 1392 418 1448 notam
435 1400 521 1463 csse,
548 1392 587 1449 ut
601 1377 771 1469 scriptum
791 1389 852 1460 est,
882 1372 1077 1444 inomnem
1128 1361 1305 1435 Dominus
1321 1388 1361 1433 ex
1379 1361 1483 1436 Zion·
1517 1364 1569 1434 Ita
1587 1359 1644 1433 hic
1663 1364 1809 1436 dicitnr:
1834 1363 1889 1437 Ex
1905 1368 1997 1441 Zion
2014 1397 2112 1464 egre-

96 1492 223 1549 terram
240 1479 348 1550 exivit
362 1501 472 1548 sonus
487 1503 621 1549 eorum,
1130 1467 1248 1535 dictur
1262 1466 1328 1535 lex.
1381 1463 1519 1535 Mentio
1536 1465 1574 1535 lit
1590 1467 1676 1536 certi
1690 1467 1778 1551 loci,
1804 1481 1839 1539 et
1856 1464 1942 1540 hacc
1959 1485 2030 1545 tota
2046 1501 2112 1567 po.

194 1593 260 1667 Est
273 1610 389 1666 autem
411 1610 524 1668 mmm
540 1602 696 1688 primum
714 1595 828 1688 caput
846 1582 970 1665 co'ncqo
993 1618 1079 1684 poe,
1130 1566 1206 1637 litia
1229 1563 1387 1636 Mosaica
1411 1566 1492 1634 ideo
1513 1567 1703 1640 constituta
1725 1570 1811 1652 luit,
1840 1584 1882 1641 ut
1903 1572 1954 1641 ibi
1975 1590 2112 1668 repete-

96 1698 276 1769 nqpemiae·
328 1695 458 1787 Argqu
472 1711 623 1788 peccata,
649 1712 685 1770 et
699 1698 885 1789 praecipue
900 1696 1079 1767 idolorum
1129 1681 1254 1738 rentur
1272 1666 1523 1758 promissiones
1539 1669 1669 1739 additis
1685 1669 1883 1741 illustribus
1899 1674 2112 1750 testimoniis

96 1801 243 1882 tultum,
270 1811 303 1869 et
318 1798 422 1866 ialsas
437 1799 624 1889 opiniones
639 1801 683 1867 de
702 1798 890 1869 sacrificiis.
932 1793 979 1868 Et
996 1792 1080 1867 huic
1129 1768 1402 1886 mifflffll‘ffflmr
1437 1783 1471 1838 ‘t
1497 1769 1548 1838 ibi
1581 1783 1675 1841 ‘⁰1¹⁰
1706 1765 1930 1893 “hib‘f‘ilff
1952 1775 2112 1851 Μθθὸῐᾶδι

96 1899 311 1971 accusationi
326 1900 458 1970 intexta
472 1912 524 1969 est
538 1901 692 1992 querela,
717 1901 813 1993 quod
830 1898 1001 1970 latissime
1019 1920 1080 1966 va-
1131 1868 1220 1940 Vull
1243 1894 1337 1938 ‘⁰¹¹¹'
1353 1867 1450 1987 ΒΨ
1472 1884 1601 1940 ceriam
1626 1895 1698 1941 ‘⁵⁸0
1711 1869 1903 1943 Eidem
1921 1878 1966 1945 de
1981 1876 2112 1952 Messio

96 2014 226 2091 gentur
248 2014 406 2094 peccata,
439 2013 473 2069 et
500 2001 700 2091 paucissimi
725 2000 855 2093 reliqui
887 1999 960 2069 siut
986 2013 1079 2069 recte
1130 1985 1165 2043 ⁸²
1187 1973 1230 2089 {¹⁰
1256 1966 1486 2089 {Evangelfflg
1523 1968 1608 2041 ¹⁶⁸⁰
1631 1986 1725 2091 ‘iim
1757 1973 1834 2044 ¹⁰⁶⁰
1862 1979 2112 2069 Piieficfiffllts

96 2101 286 2172 sentientes
310 2115 343 2171 et
365 2113 459 2171 recte
479 2101 684 2171 invocantes
700 2098 826 2172 Deum.
879 2097 976 2171 Haec
999 2123 1079 2190 pars
1129 2072 1205 2142 ΕΒΗ
1222 2074 1385 2141 ‘mimda
1401 2072 1559 2142 b⁰¹¹¹¹³le
1574 2074 1698 2145 Wlffli-

96 2203 205 2273 simul
219 2216 368 2273 testatur
392 2203 552 2292 exiguam
568 2225 642 2271 csse
659 2227 776 2271 veram
792 2198 860 2270 Dei
875 2198 1079 2280 Ecclesiam,
1232 2186 1340 2277 Quod
1363 2213 1446 2258 vero
1471 2190 1575 2275 dicit,
1599 2186 1817 2262 Conflabnnt
1838 2194 1973 2284 gladios
1995 2198 2033 2267 in
2050 2226 2114 2273 vo·

96 2318 131 2374 et
157 2316 278 2373 tamen
303 2305 440 2396 aliquas
469 2327 613 2372 manere
634 2326 733 2372 veras
764 2301 943 2395 reliquias.
995 2300 1078 2370 ldeo
1130 2313 1261 2373 meres,
1286 2290 1475 2360 discrimen
1500 2292 1678 2362 indicatur
1696 2293 1789 2364 iuter
1804 2309 1905 2365 vetus
1927 2310 2111 2372 etnovum

94 2404 202 2485 dicit,
235 2403 313 2473 Nisi
338 2402 435 2474 Deus
464 2405 662 2497 reliquisset
693 2404 797 2473 nobis
821 2425 959 2486 semen,
990 2402 1081 2471 sicut
1130 2388 1419 2476 Testamentum,
1446 2393 1545 2484 quoti
1570 2393 1683 2478 dicat,
1707 2392 1749 2464 In
1776 2419 1869 2465 novo
1885 2394 2112 2475 Testamenta

96 2504 253 2578 sodoma
270 2519 305 2576 et
319 2502 497 2575 Gomorra
513 2526 676 2577 essemus,
978 2508 983 2522 ·
1131 2516 1205 2563 nou
1225 2493 1462 2563 constituetur
1485 2496 1665 2564 mundana
1686 2496 1828 2587 politia,
1852 2510 1893 2568 ut
1910 2496 2030 2571 ludaei
2047 2527 2115 2594 pu·

196 2622 323 2695 1203100
338 2624 439 2694 addit
451 2622 666 2694 accusationi
679 2620 949 2710 pmmiffionem
964 2622 1009 2689 de
1024 2643 1082 2689 κκ.
1131 2595 1275 2677 tabant,
1304 2597 1364 2664 scd
1382 2594 1583 2665 incoabitur
1597 2619 1679 2665 vera
1700 2598 1833 2686 agnitio
1848 2594 1934 2680 Dei,
1959 2614 1993 2671 et
2014 2604 2116 2677 iusti·

96 2725 266 2795 missione
288 2738 530 2815 peccatorum,
564 2724 664 2793 cuius
686 2722 876 2792 declaratio
905 2721 1083 2814 copiosior
1131 2695 1206 2780 (ἦν
1231 2707 1265 2764 θῑ
1280 2709 1351 2764 ”¹³
1370 2710 1529 2776 aeterna,
1553 2696 1590 2765 5¹¹
1616 2720 1684 2789 ‘lua
1710 2698 1777 2815 “Ji
1798 2723 1865 2817 l’f’x
1887 2717 2056 2794 l’ffl'ellla
2081 2723 2116 2778 0²

96 2829 269 2897 sumenda
288 2841 341 2896 est
358 2851 398 2894 ex
414 2825 493 2895 aliis
508 2824 612 2907 locis,
640 2825 678 2892 in
695 2825 825 2916 quibus
841 2837 923 2893 suut
939 2823 1081 2893 concio·
1132 2796 1349 2913 ⁰⁰¹¹J¹J⁰¹ud⁰
1368 2821 1446 2866 ⁰⁰¹⁰
1468 2795 1556 2914 D.⁰⁰.'
1608 2793 1682 2866 Nec
1703 2813 1770 2869 ‘Ul
1793 2802 2010 2876 ⁸¹ffllli⁸vilo
2033 2804 2115 2880 huie
2151 2854 2159 2870 ·

97 2950 160 2996 nes
176 2929 221 2995 de
237 2925 388 3009 Messia,
415 2949 505 3019 quae
519 2926 696 2995 affirmant
712 2938 856 3016 propter
870 2919 962 2992 hauc
980 2922 1082 2993 victi·
1132 2897 1296 2987 ΡΟῙΙΜο
1310 2909 1344 2966 ⁰¹
1360 2897 1619 2970 ¹¹¹⁰f1³¹¹v¹l³²·
1740 2968 1747 2985 .

97 3051 218 3110 mam,
242 3041 278 3097 et
301 3051 373 3096 non
397 3040 541 3118 propter
562 3027 631 3096 alia
654 3049 759 3113 opera
775 3040 808 3097 et
822 3023 989 3094 sacrificia
1006 3023 1083 3093 dari
1233 3012 1387 3108 Reliqua
1409 3038 1490 3108 pars
1512 3016 1658 3085 secundi
1673 3014 1807 3110 Capitis
1830 3033 1883 3090 est
1904 3028 2117 3114 praedicatio

98 3128 344 3197 remissionem
361 3141 596 3218 peccatorum.
646 3125 715 3195 Hic
736 3140 873 3195 tantum
898 3127 935 3194 in
957 3148 1084 3214 genere
1132 3116 1390 3208 poenitentiae,
1417 3140 1565 3206 arguens
1579 3118 1714 3186 cultum
1730 3120 1930 3207 idolorum,
1957 3140 1991 3197 et
2007 3132 2117 3220 magi-

98 3230 263 3320 loquitur
278 3232 322 3298 de
335 3229 564 3297 conversione
580 3229 623 3296 ad
642 3251 764 3296 verum
781 3224 914 3312 Deum,
940 3228 1084 3305 scilicet,
1133 3217 1453 3291 casdivinolionos.
1487 3216 1643 3287 Etonlta
1665 3243 1748 3289 vero
1774 3224 1943 3311 praedicit
1963 3228 2039 3298 sore
2062 3232 2118 3301 iu·
2164 3291 2167 3294 .

99 3354 208 3424 quem
224 3324 443 3420 adprehendi
467 3352 605 3398 necesse
621 3342 671 3396 est
689 3353 750 3420 per
767 3329 1037 3420 promissionem
1051 3341 1085 3397 et
1132 3318 1278 3402 dicium,
1303 3319 1340 3386 in
1358 3344 1429 3411 quo
1448 3316 1596 3388 Messias
1612 3320 1785 3391 iudicabit
1801 3336 1834 3394 et
1849 3325 1981 3399 delebit
1996 3353 2119 3404 ornnes

97 3430 316 3522 agnitionem
326 3428 492 3500 Messias:
518 3427 678 3500 Desinite
694 3453 855 3521 perverse
872 3453 985 3519 agere.
1134 3421 1281 3512 impios,
1303 3433 1338 3490 et
1352 3443 1474 3490 omnes
1491 3435 1672 3491 creaturae
1686 3439 1875 3511 agnoscent
1890 3427 2004 3498 solum
2023 3427 2120 3505 hunc

204 3561 270 3634 Es,
293 3576 409 3632 autem
433 3563 580 3633 illustris
603 3563 739 3653 pictura
757 3564 795 3632 in
813 3559 879 3632 hac
903 3575 1021 3653 pam,
1047 3562 1086 3633 in
1133 3521 1249 3639 Deum
1266 3545 1347 3591 vere
1361 3520 1477 3591 Deum
1496 3544 1589 3606 esse,
1613 3523 1727 3615 quise
1753 3526 1914 3616 patefecit
1930 3531 2020 3602 datis
2037 3557 2120 3624 pro-

101 3690 171 3763 que
189 3666 358 3735 recitatur
371 3664 574 3756 promissio:
602 3664 639 3734 Si
657 3679 797 3754 peccata
816 3676 931 3733 vestra
953 3664 1088 3735 fuerint
1134 3622 1364 3699 m¹⁸⁸i⁰¹¹ib¹¹³
1386 3624 1425 3696 5¹¹
1443 3623 1579 3716 P⁰P¹¹l⁰
1597 3621 1718 3697 ¹³³3·
1771 3624 1975 3702 ¹d⁹⁰di⁶st²
2004 3631 2120 3708 indie

99 3783 142 3841 ut
156 3767 351 3849 coccinum,
375 3767 465 3836 sicut
481 3768 540 3834 nix
558 3767 833 3849 dealbabuntur,
856 3764 937 3834 etsi
954 3766 1087 3836 luerint
1135 3724 1197 3794 ἰὼ
1212 3724 1422 3795 “amblini
1438 3723 1615 3796 D⁰¹¹¹i¹¹¹¹⁸
1630 3726 1737 3798 ⁸⁶¹⁰&

100 3870 211 3942 rubra
226 3880 266 3937 ut
281 3866 511 3949 vermiculus,
538 3867 635 3936 eritis
655 3862 798 3935 candidi
812 3879 852 3936 ut
866 3866 959 3940 lana.

203 3998 398 4072 Cruentum
415 4024 487 4069 csse
504 4013 555 4070 est
571 4023 669 4069 reum
687 4024 781 4091 esse,
803 4014 843 4071 ut
860 4000 1088 4075 cruentus'fit
1194 3939 1244 4024 1¹¹
1268 3945 1432 4022 ternum
1456 3945 1497 4022 et
1519 3947 1708 4047 quartum
1731 3940 1869 4052 Capul
1892 3948 2064 4038 Esaiae·

102 4106 195 4177 latro
220 4103 260 4171 in
291 4101 483 4193 supplicio,
515 4125 594 4170 tum
618 4115 723 4192 caput
748 4102 972 4192 praeciditur.
1029 4101 1088 4173 Sic
1239 4102 1327 4177 Cum
1349 4105 1504 4175 narratio
1528 4106 1758 4180 continuasit
1781 4114 2062 4202 praedictionum
2081 4117 2120 4187 in

102 4206 214 4299 igitur
228 4203 329 4273 dicit:
354 4198 505 4273 Etiamsi
526 4202 577 4271 rei
594 4203 692 4286 estis,
719 4215 753 4272 ct
768 4201 987 4272 tristissimae
1001 4226 1087 4293 poe·
1137 4209 1242 4280 tertio
1266 4220 1300 4276 et
1317 4219 1443 4297 quarto
1458 4206 1605 4297 Capite,
1631 4233 1780 4302 quarum
1804 4214 1912 4282 altera
1930 4217 2120 4286 sanctona.

102 4331 172 4379 nae
193 4329 258 4375 vos
279 4315 548 4396 oppresserunt,
576 4316 694 4372 tamen
717 4303 745 4371 si
771 4302 1021 4373 convertimini
1042 4304 1087 4374 ad
1137 4323 1196 4381 tur
1217 4310 1262 4378 de
1282 4307 1417 4376 excidio
1444 4306 1679 4401 lerosolymae
1698 4324 1732 4381 et
1748 4311 1817 4380 fine
1835 4313 1952 4400 regni,
1977 4328 2010 4383 et
2026 4319 2118 4407 poli.

103 4408 239 4490 Deum,
271 4405 496 4476 remittentur
519 4417 678 4495 peccata,
705 4418 740 4474 et
763 4427 897 4495 poenae
918 4404 1090 4476 tollentur
1137 4411 1205 4481 tiae
1227 4406 1423 4491 Mosaicae,
1455 4409 1566 4486 altera
1589 4411 1859 4498 promissionem
1883 4414 2118 4496 dulcissimam

104 4521 169 4581 aut
183 4507 453 4599 mitigabuntur.
1137 4509 1264 4601 repetit
1278 4510 1322 4578 de
1339 4509 1521 4578 servandis
1536 4511 1695 4603 reliquiis
1713 4510 1751 4580 in
1765 4509 2010 4600 EcclesiaDei,
2031 4519 2121 4591 sicut

214 4622 407 4697 coccinum
448 4623 620 4711 significat
660 4645 879 4712 purpureum
923 4624 1088 4698 colorem,
1137 4611 1401 4704 supradictum
1427 4622 1499 4694 cst,
1532 4606 1727 4700 Prophetas
1751 4637 1825 4682 uon
1851 4617 1968 4687 solum
1989 4644 2120 4711 propo·

103 4725 206 4799 Hem
231 4725 403 4815 Significat
423 4724 655 4807 vermiculus,
683 4723 766 4817 qnia
789 4715 920 4804 κόκκος
944 4720 1089 4820 (pamm)
1137 4736 1222 4782 nere
1238 4711 1541 4800 comminationes,
1565 4711 1626 4779 sed
1642 4711 1746 4782 stiam
1762 4718 2033 4805 consolationes,
2056 4746 2120 4792 ne·

104 4840 157 4898 est
171 4846 322 4917 granum
338 4826 376 4894 in
394 4826 474 4895 ilice
489 4848 652 4910 nascens,
678 4825 775 4919 quod
800 4825 838 4893 in
857 4826 1088 4898 vermiculum
1138 4835 1229 4884 cesse
1246 4806 1395 4883 est-haec
1411 4814 1482 4881 duo
1498 4811 1622 4904 Capita
1639 4814 1817 4905 coniungi.

105 4929 279 5013 venitur,
305 4951 375 5021 que
396 4941 524 4998 vocant
544 4920 760 5020 σκωλήκιον.
815 4924 902 4995 inde
925 4928 1023 4997 color
1039 4940 1089 4996 est
1237 4928 1284 5000 Et
1301 4953 1503 5023 quanquam
1521 4924 1606 5001 hacc
1623 4933 1746 5002 concio
1763 4936 1948 5027 praecipue
1963 4939 2121 5032 loquitur

103 5031 304 5114 coccineus,
320 5042 353 5100 et
365 5041 492 5121 putant
506 5031 717 5098 vocabulum
732 5025 907 5119 &mattiaci
924 5025 1089 5098 aGraeca
1139 5035 1183 5103 de
1196 5032 1323 5106 ultimo
1340 5033 1486 5118 excidio,
1513 5045 1547 5102 et
1563 5036 1606 5101 de
1619 5034 1826 5105 collectione
1840 5036 2015 5110 Ecclesiae
2031 5044 2119 5115 facta

106 5155 194 5203 voce
209 5123 414 5221 σκωλήκιον
428 5131 558 5200 lactum
574 5151 660 5201 csse.
705 5129 775 5202 Sed
792 5145 863 5203 tota
879 5131 993 5220 imago
1009 5129 1090 5223 pul·
1139 5157 1224 5203 voce
1238 5128 1513 5225 Apostolorum,
1539 5147 1655 5204 tamen
1671 5137 1917 5209 universaliter
1930 5143 1972 5208 ad
1990 5167 2120 5234 poenas

104 5256 167 5305 ore
181 5234 228 5302 ad
243 5230 375 5300 Filium
391 5231 457 5302 Dei
473 5231 643 5323 quadrat,
669 5230 699 5299 is
709 5232 752 5303 'lit
766 5256 830 5323 pro
844 5232 949 5302 uobis
964 5254 1090 5303 cruen-
1140 5236 1216 5305 eius
1235 5236 1378 5326 populi,
1404 5251 1439 5308 et
1453 5239 1497 5305 ad
1520 5250 1656 5305 nostras
1679 5240 1970 5311 comminationes
1985 5269 2121 5314 accom-

106 5349 165 5405 tus
178 5333 409 5417 vermiculus,
434 5345 474 5403 ut
490 5345 609 5401 nostra
625 5345 764 5424 peccata
777 5334 890 5409 tollat.
1140 5337 1318 5407 modauda
1332 5351 1402 5424 est,
1428 5338 1514 5433 quia·
1525 5337 1657 5407 similes
1671 5360 1794 5409 causae
1811 5356 1911 5427 sunt,
1937 5356 1971 5412 et
1988 5345 2120 5416 similes

160 5437 338 5505 Massam.
357 5438 460 5505 Orrn.
483 5437 566 5502 Vos.
582 5436 676 5507 xnt.
1563 5433 1609 5510 51
