4538 5754
665 239 731 314 tx.
787 228 1154 312 COMMENTARll
1186 231 1238 305 IN
1269 220 1513 303 PSALMOS.
2012 219 2112 294 1³10

178 419 231 492 lta
255 417 361 490 simul
387 415 548 506 adiungit
572 408 752 506 Propheta
773 410 951 482 beneficiis
975 423 1065 480 tem·
1117 412 1153 480 id
1185 422 1254 495 εει,
1288 407 1426 483 efficax:
1461 402 1638 478 timendus
1666 395 1775 486 igitur
1805 402 1838 460 ct
1862 387 2032 507 colendus
2060 389 2112 457 est

71 524 259 618 pacalibus
280 535 434 591 aeterna.
498 515 576 590 Etsi
604 516 699 585 enim
725 513 932 605 temporalia
956 510 1066 599 magis
1118 510 1176 584 hic
1199 514 1307 586 solus.
1359 511 1405 585 Et
1427 508 1514 580 haec
1536 517 1588 574 est
1610 523 1691 570 vera
1715 510 1750 566 et
1772 517 1846 562 non
1871 504 2029 580 pentura
2052 513 2108 561 sa·

71 628 260 697 incurrant
296 624 334 692 in
364 621 502 691 oculos:
547 633 664 688 tamen
695 619 725 686 si
758 640 832 685 non
861 615 1065 684 accederent
1117 618 1269 710 pientia,
1295 611 1518 686 huncDeum
1535 624 1732 696 agnoscere.
1776 593 1911 686 Estque
1928 588 2011 661 haee
2026 614 2108 659 sen.

73 741 239 810 aeterua,
272 746 439 816 praesens
469 721 631 791 libetatio
656 742 730 789 non
754 718 872 807 magni
896 714 1066 785 momenti
1117 720 1229 791 tentia
1251 722 1411 808 opposita
1434 711 1576 784 iudiciis
1599 702 1782 782 humanis,
1814 698 2017 767 discernens
2038 687 2108 761 hu-

74 843 178 901 eeset.
230 828 353 921 Itaque
370 850 449 897 cum
466 820 643 915 Propheta
659 822 822 914 loquitur
836 822 880 889 de
897 818 1066 909 operibus
1118 845 1259 891 manem
1289 818 1497 914 sapientiam
1525 815 1570 882 ab
1600 807 1667 880 hac
1699 799 1886 897 spirituali.
1961 792 2010 865 Et
2040 789 2108 865 boc

73 930 166 1016 Dei,
191 930 236 999 de
260 930 389 1015 verbo,
416 923 731 1018 promissionibus,
757 923 890 993 directa
914 934 965 991 est
981 920 1066 987 fides
1118 925 1188 995 late
1204 936 1308 1014 patet.
1856 1003 1864 1021 ι

74 1032 117 1103 in
136 1044 280 1103 aeterua
296 1032 389 1101 hona
408 1043 441 1100 et
457 1030 494 1096 in
510 1026 782 1121 promissionem
799 1027 843 1094 dc
859 1021 1066 1093 remissione
1221 1024 1380 1096 Primum
1405 1027 1548 1093 damnat
1564 1012 1779 1107 Epicureos,
1805 1028 1867 1098 quc
1885 1012 2014 1090 negant
2028 994 2105 1067 Deo

75 1146 314 1228 peccatorum,
341 1133 385 1202 de
402 1131 577 1201 abolendo
594 1140 734 1222 peccalo
751 1140 785 1196 el
800 1139 924 1209 morie,
952 1127 995 1192 de
1011 1147 1067 1191 re·
1120 1151 1223 1199 curae
1249 1151 1321 1196 esse
1341 1152 1397 1197 res
1421 1122 1608 1194 humanas:
1643 1123 1773 1201 negant
1794 1107 1907 1178 ullum
1934 1125 2006 1171 esse
2027 1123 2107 1169 ver·

75 1234 271 1307 novatione
288 1248 446 1318 naturae,
471 1233 515 1301 de
532 1256 622 1300 nova
637 1244 672 1300 et
687 1242 826 1298 aeterna
842 1227 924 1300 vita.
971 1223 1068 1294 Haec
1121 1233 1204 1299 bum
1222 1229 1306 1300 Dei:
1333 1243 1368 1300 et
1390 1225 1607 1313 haneipsam
1627 1215 1825 1287 doctrinam
1842 1204 2017 1302 (quaeest
2035 1216 2106 1272 ιη.

76 1336 240 1433 ingentia
271 1336 439 1405 beneficia
468 1333 732 1425 complectitur,
766 1325 852 1400 haee
879 1329 1068 1421 praedicat,
1121 1334 1192 1401 dita
1218 1332 1348 1422 populo
1367 1327 1491 1422 lsrael)
1515 1326 1653 1413 fingunt
1676 1339 1749 1386 esse
1773 1324 1882 1383 totam
1906 1306 2105 1409 fabulosam

77 1436 165 1511 haec
178 1437 256 1507 vult
267 1437 422 1529 conspici
434 1449 468 1506 et
477 1436 545 1504 fide
557 1434 681 1525 accipi,
704 1457 768 1524 pro
779 1427 835 1500 his
846 1431 916 1521 agit
927 1428 1066 1519 gratias.
1121 1448 1154 1504 et
1170 1435 1458 1503 commentitiam.

484 1602 492 1621 ·
524 1602 532 1620 -
784 1602 792 1620 .
970 1596 1008 1615 ..
1223 1532 1325 1604 Hanc
1347 1533 1561 1623 impietatem
1581 1537 1675 1597 taxat
1690 1518 1748 1591 hic
1765 1512 1978 1594 versiculus,
2004 1505 2107 1578 etal-

127 1602 310 1679 Somum
340 1611 371 1674 a
403 1600 564 1675 lemme
596 1625 726 1672 mmm
758 1625 847 1676 ωε·
908 1595 1068 1669 Inmum
1121 1638 1236 1705 firmat
1257 1636 1490 1706 contrarium:
1524 1628 1627 1700 Hanc
1651 1647 1723 1694 esse
1746 1641 1864 1688 veram
1888 1608 2108 1702 sapientiam,

181 1704 389 1807 “Wlfflin
405 1705 515 1776 ‘im'
530 1701 703 1779 D⁰mim3
1122 1761 1309 1829 agnoscere
1323 1753 1357 1808 ει
1373 1737 1497 1806 timere
1512 1733 1639 1804 Deum·
1689 1722 1827 1794 Deinde
1842 1716 1972 1785 lesum
1987 1709 2107 1782 ⁰¹¹¹¹¹5³

73 246 176 326 1809

180 1842 325 1915 Adiecit
355 1838 610 1935 epiphonema,
642 1843 739 1935 quod
766 1852 816 1911 εει
844 1837 954 1907 veluti
984 1859 1069 1905 con·
1122 1841 1267 1911 consilia
1291 1836 1480 1908 hominum
1504 1847 1625 1905 contra
1650 1826 1813 1896 mandata
1834 1815 1920 1934 Dei,
1946 1812 2112 1931 quamvis¹

78 1946 194 2019 clusio
211 1944 403 2038 gratiarum
418 1944 586 2028 actionis,
611 1943 819 2036 praedicans
833 1939 947 2012 Deum
963 1934 1069 2008 huius
1122 1956 1234 2013 astute
1258 1941 1509 2028 excogitantur.
1577 1933 1677 2004 Sicut
1697 1926 1784 1999 Saul
1807 1920 1940 2036 multis·
1953 1913 2109 2030 consiliis

78 2047 228 2143 populi,
260 2048 377 2117 solum
404 2070 527 2116 verum
550 2068 623 2114 csse
646 2044 787 2116 Deum:
814 2044 965 2133 ideoque
989 2063 1069 2109 vere
1122 2058 1235 2115 astute
1257 2043 1458 2132 excogitatis
1478 2038 1624 2110 molitur
1646 2032 1792 2103 exitium
1812 2016 2048 2136 Dav1d1,·sed
2068 2008 2109 2081 h1

77 2174 164 2223 eum
183 2149 384 2221 timendum
408 2171 492 2218 esse.
548 2142 612 2218 Est
628 2147 737 2236 igitur
752 2145 912 2237 opposita
929 2155 1070 2212 senten·
1122 2161 1269 2217 conatus
1283 2168 1405 2215 omncs
1423 2157 1505 2214 sunt
1521 2139 1626 2210 irriti.
1678 2131 1766 2202 ltem
1781 2147 1904 2198 omncs
1919 2120 2108 2207 religiones

79 2252 129 2325 ²3⁸
151 2251 309 2345 Primum
334 2248 514 2321 Ῑᾶῡῖὃῑῐῑδῑ
541 2241 686 2321 N⁰m⁶t²
707 2243 870 2317 Domini
888 2253 1070 2324 Samium,
1122 2249 1282 2318 omnium
1305 2243 1492 2317 hominum
1514 2258 1548 2312 et
1569 2236 1775 2311 traditiones
1793 2226 2004 2316 excogitatae
2022 2241 2109 2288 con·

78 2353 214 2440 idest,
246 2352 584 2430 incontaminatum,
611 2375 685 2420 non
707 2351 883 2443 pollutum
905 2343 1071 2419 humanis
1123 2367 1175 2421 tra
1205 2351 1353 2420 verbum
1374 2348 1462 2433 Dei,
1494 2357 1580 2416 sunt·
1608 2361 1737 2422 vanae,
1771 2327 2051 2442 displicenttteo
2074 2331 2109 2391 et

79 2454 275 2527 “Mibffl-
330 2451 370 2523 ld
393 2467 463 2537 ²⁸22
489 2449 559 2521 Hic
582 2467 700 2524 noster
715 2450 811 2522 Deus
828 2474 902 2520 non
918 2463 968 2518 est
985 2470 1071 2517 con·
1124 2477 1198 2521 non
1221 2466 1304 2524 sunt
1327 2452 1491 2520 efficaces.
1543 2443 1623 2516 Una
1637 2455 1687 2510 est
1704 2440 1811 2530 igitur
1829 2430 2000 2522 sapientia
2015 2445 2110 2508 vera,

77 2554 187 2629 flatus
218 2550 377 2627 humano
407 2577 545 2638 errore,
577 2555 668 2635 sicut
690 2551 790 2624 Mars
815 2565 875 2622 aut
895 2545 1070 2619 Bacchus:

10 2688 12 2695 ·
78 2659 143 2729 sed
164 2657 373 2727 invocamus
398 2655 501 2724 illum
523 2653 661 2740 Deum,
686 2656 751 2748 qui
774 2678 854 2723 vere
870 2651 966 2722 D'eus
987 2674 1070 2719 san-

10 2774 37 2805 -‘
79 2772 160 2833 ctos
174 2770 250 2844 εει,
275 2772 308 2829 et
324 2781 360 2828 se
376 2757 536 2848 patefecit
553 2758 779 2846 perverbum
796 2779 911 2826 suum.

184 2856 369 2949 Significat
400 2858 510 2947 igitur
539 2852 737 2941 Sanctum,
776 2882 864 2948 pure
895 2856 1071 2925 divinum.

10 2962 35 3021 '²-
79 2956 128 3035 Et
142 2972 378 3053 opponuntur
394 2956 524 3030 Sancto
541 2955 627 3030 haec
643 2961 733 3029 duo:
759 2955 821 3029 Dii
839 2957 1073 3029 commentitii

11 3056 52 3123 ἐ
81 3076 116 3135 et
134 3059 325 3152 excogitati
339 3056 498 3131 humano
515 3085 652 3141 errore,
679 3074 714 3130 et
729 3060 844 3131 cultus
862 3060 982 3151 impii,
1010 3058 1073 3152 qui

1123 2552 1192 2625 hoc
1214 2556 1361 2623 verbum
1386 2550 1495 2622 aDeo
1518 2547 1686 2621 traditum
1708 2538 1877 2619 retinere,
1900 2526 1985 2599 hnic
1999 2525 2108 2644 serbo

1125 2659 1265 2727 credere
1282 2669 1316 2725 et
1332 2654 1489 2726 obedire.
1538 2647 1635 2719 Haec
1652 2658 1702 2714 est
1715 2660 1852 2714 summa
1867 2642 2073 2741 sententiae.

1225 2758 1315 2826 Nam
1348 2758 1443 2850 quod
1472 2754 1537 2824 ait:
1576 2745 1735 2818 Initium
1764 2730 1970 2837 sapientiae
1999 2738 2111 2798 tamor

1125 2855 1305 2943 Domini,
1331 2883 1405 2927 non
1423 2870 1474 2926 est
1489 2852 1673 2946 pueriliter
1683 2842 1927 2936 accipiendum
1942 2837 1986 2904 de
1999 2842 2112 2951 parte,

1125 2964 1187 3032 sed
1207 2961 1350 3030 initium
1373 2956 1432 3028 hic
1458 2971 1507 3027 est
1527 2978 1582 3025 res
1598 2953 1799 3043 gubernans
1814 2962 1937 3013 omnes
1954 2948 2112 3051 actrones

1126 3086 1205 3152 erga
1221 3060 1338 3132 Deum
1361 3075 1395 3132 et
1412 3083 1492 3150 erga
1506 3054 1688 3137 homines,
1713 3063 1752 3120 ut
1768 3047 1813 3117 sit
1826 3038 2016 3115 sententia:
2044 3031 2112 3101 Τι-

1125 3189 1204 3234 mor
1224 3162 1292 3234 Dei
1320 3180 1372 3235 est
1402 3161 1574 3253 sapientia
1597 3157 1797 3246 gubernans
1819 3143 1938 3217 omnia
1963 3134 2113 3209 consilia

11 3182 52 3223 ²-
128 3162 252 3235 lluunt
272 3160 401 3234 Deum.
462 3160 544 3231 Non
576 3162 672 3231 enim
702 3162 868 3233 tribuunt
889 3159 965 3231 Deo
993 3184 1073 3230 vere

11 3286 33 3323 =··
82 3187 278 3351 hhnorem,
310 3266 407 3357 quod
431 3263 656 3350 misereatur,
688 3265 785 3357 quod
807 3263 985 3333 exaudiat:
1012 3275 1074 3333 aut

11 3388 58 3457 [ς
82 3364 240 3459 insunt,
264 3367 358 3459 quod
384 3377 532 3459 propter
555 3367 639 3436 talia
664 3390 770 3456 opera
795 3366 840 3434 ab
862 3364 949 3456 ipsis
971 3388 1073 3434 exco-

12 3488 44 3533 ·.
82 3468 192 3560 gitnta
217 3467 400 3551 exaudiat,
434 3468 525 3537 sicut
545 3465 728 3537 Manasses
749 3481 783 3538 et
806 3467 868 3536 alii
894 3467 1074 3557 fingebant

12 3586 26 3623 -'
54 3590 115 3643 ·te
140 3568 308 3640 aaudiri
330 3581 475 3661 propter
493 3592 584 3659 opus
606 3581 766 3654 tantum,
800 3568 954 3652 scilicet,
987 3593 1072 3660 pro-

79 3684 163 3763 pter
183 3664 359 3740 humanas
378 3665 524 3742 hostias.
582 3668 734 3739 Talibus
756 3694 888 3740 nomen
911 3668 978 3739 Dei
999 3693 1072 3738 non

12 3790 14 3801 '
76 3787 133 3847 est
150 3783 337 3856 sanctum,
362 3770 398 3840 id
416 3784 487 3856 est,
511 3794 641 3862 purum
659 3784 695 3841 et
709 3796 789 3841 vere
805 3772 987 3856 divinum,
1012 3773 1072 3842 sed

71 3870 150 3970 ipsi
167 3872 336 3966 polluunt
350 3867 466 3943 Deum
483 3873 555 3942 suis
573 3872 859 3961 cogitationibus.

186 3971 329 4044 Deinde
352 3974 512 4043 terribile
535 3974 728 4062 significat,
760 3968 876 4045 Deum
902 3999 977 4045 non
1002 3999 1075 4046 esse
1128 3979 1252 4050 exitus.
2082 4052 2093 4070 ‚

27 4120 33 4125 ·
65 4078 244 4151 ociosum
266 4088 302 4146 et
320 4074 463 4144 inanem
486 4076 665 4155 fabulam,
690 4077 751 4146 sed
769 4100 851 4145 vere
868 4101 942 4147 esse
958 4079 1075 4148 ellico·
1225 4080 1524 4150 Accommodctnr
1534 4099 1616 4164 ergo
1626 4071 1694 4144 hoc
1704 4070 1837 4138 dictum
1850 4064 1893 4135 ad
1905 4079 2046 4132 omnem
2057 4078 2114 4121 vr-

63 4202 182 4263 ιω,
205 4175 417 4247 liberantem
436 4176 516 4267 pios
529 4190 564 4247 ει
579 4176 786 4266 punientem
801 4178 942 4269 impios.
994 4175 1076 4272 Op·
1127 4196 1220 4266 tam,
1244 4194 1278 4251 et
1294 4204 1431 4270 semper
1446 4182 1490 4249 sit
1507 4180 1545 4247 in
1562 4187 1770 4268 conspectu,
1796 4179 1835 4237 ut
1852 4167 1965 4234 luceat
1980 4152 2116 4246 agnitio

60 4291 272 4377 ponuntur
290 4300 375 4368 ergo
393 4278 554 4371 utrisque
571 4273 638 4348 hae
656 4279 930 4371 appellationes,
956 4279 1075 4352 Idola·
1128 4281 1196 4352 Dei
1213 4282 1251 4350 in
1266 4283 1434 4351 omnibus
1449 4281 1610 4373 partibus
1626 4280 1736 4359 vitae,
1763 4269 1872 4340 verbo
1886 4264 1958 4336 Dei
1973 4269 2116 4348 regatur

59 4386 145 4460 trin
163 4392 202 4453 et
217 4374 423 4470 Epicureis,
449 4380 533 4473 quia
545 4380 689 4473 utrique
701 4383 868 4473 polluunt
881 4380 996 4454 Deum
1013 4407 1075 4455 sua
1129 4383 1343 4456 conscientia
1363 4384 1402 4453 in
1425 4382 1617 4474 pavoribus
1633 4395 1667 4450 et
1682 4373 1921 4447 invocatione.
1971 4359 2117 4450 Regan-

56 4482 357 4576 imginatione:
383 4482 527 4574 utrique
543 4482 684 4572 fingunt
697 4507 772 4555 non
788 4504 863 4554 esse
879 4486 1075 4556 terribilem
1130 4500 1190 4558 tur
1210 4500 1245 4558 et
1265 4499 1422 4556 caeterae
1438 4485 1612 4565 actiones,
1637 4504 1683 4550 ne
1700 4477 1785 4572 quid
1801 4469 2032 4562 suscipiamus
2047 4460 2117 4530 ad-

56 4610 139 4665 m
156 4585 348 4656 efficacem·
384 4579 651 4674 Namltipicnrei
666 4576 977 4676 linguntociosum
992 4609 1076 4670 esse,
1130 4587 1227 4658 ducti
1256 4588 1414 4660 consiliis
1444 4581 1610 4657 humanis
1635 4579 1875 4676 pugnantibus
1901 4594 1983 4642 cum
2007 4562 2116 4634 verbo

57 4708 108 4767 et
148 4684 332 4759 Idolatrae
356 4698 503 4756 manent
523 4687 562 4754 in
584 4686 828 4774 dubitatione,
858 4703 920 4761 aut
938 4691 1078 4781 lingunt
1129 4689 1216 4761 Dei:
1250 4691 1340 4761 sicut
1363 4689 1554 4772 idolatrae,
1585 4681 1771 4766 haeretici,
1797 4673 1940 4774 tyranni
1963 4667 2120 4759 denique

56 4814 109 4869 ae
145 4788 266 4862 iustos
291 4808 366 4857 esse
389 4787 463 4855 suis
485 4788 661 4874 cultibus,
694 4815 758 4862 nee
779 4792 908 4863 timent
932 4790 1000 4862 Dei
1021 4793 1078 4864 iu·
1130 4816 1254 4862 omnes
1285 4793 1473 4862 discedunt
1503 4812 1522 4858 a
1551 4788 1673 4877 regula
1699 4783 1874 4855 divinitus
1903 4773 2051 4854 tradita,
2083 4777 2119 4836 et

56 4892 234 4971 digium.
1132 4895 1243 4965 multa
1263 4894 1464 4963 moliuntur
1479 4887 1645 4963 humanis
1661 4886 1838 4971 consiliis,
1863 4904 1928 4952 uec
1943 4880 2121 4970 quaerum

124 5058 181 5137 x,
204 5063 365 5134 mum„
378 5065 597 5154 „menuae
613 5069 725 5137 timor
740 5067 904 5139 Domini·
1132 4996 1304 5068 auxilium
1319 4993 1398 5069 Dei.
1451 4993 1553 5065 Sicut
1569 4990 1694 5063 Cicero
1711 4990 1845 5082 optimo
1862 4980 2033 5063 consilio,
2057 4973 2121 5044 sed

1133 5093 1311 5183 humano,
1346 5121 1421 5167 non
1450 5097 1620 5165 invocans
1650 5091 1787 5178 Deum,
1819 5099 1967 5160 conatur
1996 5075 2120 5173 opprie

183 5188 438 5266 3³5⁰&ssle
468 5217 690 5289 consequens
718 5223 759 5268 ex
792 5195 1077 5291 epiphonemate.
1133 5202 1454 5271 mereAntonium.

56 5302 173 5379 Cum
190 5290 361 5366 bicDeus
376 5294 422 5364 sit
438 5311 597 5382 sanctus,
624 5299 660 5367 id
677 5313 747 5385 εει,
773 5326 859 5393 pure
874 5300 989 5387 Deus,
1016 5303 1080 5397 qni
1235 5300 1286 5372 lta
1315 5301 1619 5374 accommodemus
1643 5301 1686 5369 ad
1710 5323 1832 5370 omnes
1854 5320 1952 5371 casus
1978 5299 2016 5366 in
2038 5294 2122 5376 vita,

56 5424 170 5501 pure
195 5409 234 5469 et
256 5410 350 5469 recte
372 5397 503 5471 colitur
528 5392 595 5470 hoc
619 5403 746 5483 modo,
774 5416 808 5474 et
831 5405 876 5473 sit
898 5404 1079 5492 terribilis,
1132 5422 1166 5479 et
1192 5428 1330 5497 semper
1351 5404 1555 5483 intueamur
1576 5399 1668 5474 hanc
1691 5404 1868 5496 regulam,
1893 5403 1938 5470 ab
1956 5398 2022 5479 hac
2039 5420 2127 5475 voce

1126 3281 1161 3339 et
1181 3289 1304 3336 omnes
1322 3265 1476 3335 actiones
1492 3263 1531 3331 in
1548 3259 1619 3329 vita
1634 3251 1811 3349 spirituali
1826 3260 1860 3316 et
1875 3242 1984 3315 civili.
2021 3234 2112 3358 'Da-

1127 3370 1186 3438 vid
1210 3363 1276 3437 hac
1300 3366 1470 3459 sapientia
1496 3373 1667 3434 sustentat
1693 3379 1728 3425 se
1751 3355 1790 3422 iu
1813 3348 1886 3420 suis
1909 3341 2114 3464 palperibus,

1126 3471 1239 3540 sciens
1261 3492 1334 3539 esse
1355 3469 1561 3538 mandatum
1577 3459 1662 3545 Dei,
1688 3482 1732 3527 ne
1748 3458 1924 3545 desperet,
1951 3455 2041 3515 sicut
2056 3442 2113 3510 dr-

1127 3573 1175 3643 cit
1191 3569 1331 3640 Psalmo
1349 3574 1447 3643 tta:
1474 3567 1553 3638 Nisi
1573 3566 1628 3634 lex
1641 3576 1700 3632 tua
1718 3567 1807 3628 esset
1821 3547 2007 3623 delectatio
2024 3565 2114 3627 mea,

1127 3674 1307 3766 periissem
1323 3672 1361 3742 in
1379 3670 1582 3741 adflictione
1597 3688 1686 3736 mea.
1737 3657 1875 3731 Deinde
1889 3646 2114 3743 gubernaba-

1128 3790 1185 3846 tur
1208 3770 1275 3843 hac
1295 3773 1466 3866 sapientia
1486 3773 1526 3839 in
1547 3770 1653 3838 rebus
1667 3759 1845 3855 gerendis:
1872 3754 2115 3851 quiapropter

1127 3875 1242 3946 Deum
1264 3876 1477 3969 suscipiebat
1499 3869 1673 3964 pericula,
1698 3863 1796 3935 Deus
1819 3860 1926 3930 dabat
1941 3850 2115 3925 secundos
