4538 5754
119 255 196 337 276
397 240 608 324 SCRIPTA
632 240 711 320 PH.
730 234 850 314 nm.
873 237 943 315 Al>
967 235 1097 315 lllST.
1119 231 1266 314 enon
1288 230 1357 309 ET
1381 232 1575 310 cultos.
1594 231 1913 314 surculum.
2066 237 2145 315 stt

218 423 293 497 'Sed
319 423 466 510 longum
490 428 577 487 esset
599 411 785 483 immorari
808 405 866 480 bis
888 408 1108 480 admirandis
1261 402 1396 476 Verum
1413 405 1476 475 alii
1490 406 1655 499 quidam,
1680 430 1761 478 cum
1783 408 1947 478 viderent
1962 403 2029 479 hos
2050 411 2142 482 duos

122 529 279 610 vicibus,
303 544 395 615 quae
419 519 612 590 certissima
634 527 718 585 sunt
739 511 883 582 divinae
905 510 1109 602 sapientiae,
1159 503 1323 577 Planetas
1340 519 1510 598 perpetuo
1527 505 1648 578 Solem
1662 509 1843 593 comitari,
1867 532 1933 578 nec
1956 511 2005 580 ab
2024 533 2067 580 eo
2084 512 2142 581 ul·

120 624 368 723 providentiae
419 632 455 690 et
491 615 662 689 bonitatis
690 613 911 698 testimonia,
950 611 1109 705 quaein
1158 619 1212 677 tra
1234 621 1347 678 certos
1368 607 1541 677 terminos
1569 610 1775 694 abscedere,
1803 609 2033 680 crediderunt
2061 613 2143 681 illos

121 732 209 823 ipsis
224 726 380 806 artibus,
405 720 468 791 ubi
490 715 578 790 baec
601 715 798 786 accuratius
817 716 1027 799 traduntur,
1051 711 1108 780 di·
1157 707 1250 777 eirca
1274 705 1394 778 Solem
1420 720 1588 800 tanquam
1610 709 1703 780 circa
1731 732 1834 779 suum
1858 722 2018 779 centrum
2046 713 2143 795 ferri,

123 828 292 921 ligantias
307 822 508 913 aspicienda
529 831 623 889 sunt.
1162 807 1209 876 ita
1237 820 1278 877 ut
1311 808 1470 900 ipsorum
1495 803 1664 899 sphaerae
1691 831 1819 901 corpus
1842 808 1939 881 Solis
1961 811 2001 880 in
2023 813 2142 882 medio

1158 907 1336 977 inclusum
1367 905 1532 979 habeant.
1597 907 1672 999 Qui
1702 912 1837 1000 positos
1865 911 1986 982 omnia
2010 907 2142 981 borum

1159 1006 1387 1078 Planetarum
1411 1001 1621 1102 φαινόμενα
1644 1010 1761 1101 aptius
1784 1011 1958 1095 ostendit,
1983 1010 2143 1104 quamsi

1160 1110 1218 1177 vel
1235 1131 1340 1200 supra
1365 1107 1504 1194 Solem,
1530 1109 1588 1179 vel
1611 1111 1704 1180 inira
1725 1134 1806 1181 eum
1830 1107 1958 1181 borum
1974 1110 2142 1182 Planeta·

1161 1233 1243 1278 rum
1274 1205 1442 1299 sphaerae
1470 1210 1699 1283 collocentur.
1765 1210 1836 1282 Sed
1858 1215 1932 1280 nos*
1948 1214 2143 1282 retinemus

1161 1305 1489 1403 antiquissimorum
1506 1311 1777 1399 Astrologorum
1791 1311 2011 1397 sententiam,
2036 1334 2142 1404 quam

1162 1408 1285 1482 Cicero
1309 1435 1468 1503 quoque,
1491 1408 1712 1480 Ptolemaeus
1746 1424 1780 1481 et
1798 1413 1861 1481 alii
1880 1425 2036 1483 recentes
2061 1409 2142 1481 Ma-

1161 1506 1341 1581 thematici
1355 1534 1483 1601 magno
1498 1534 1671 1581 consensu
1686 1525 1770 1582 sunt
1786 1511 1908 1584 secuti.
1985 1578 1987 1582 .

1265 1625 1426 1697 Dicimus
1457 1628 1566 1716 igitur
1587 1626 1760 1697 Venerem
1779 1628 1939 1718 proxime
1961 1627 2055 1696 inira
2074 1624 2143 1697 So-

1163 1729 1252 1812 lem,
1277 1739 1311 1797 et
1334 1728 1400 1796 sub
1424 1723 1490 1797 bae
1503 1725 1724 1797 Mercurium
1746 1751 1852 1819 supra
1867 1726 1990 1797 Lunae
2016 1721 2143 1817 sphae-

225 961 328 1033 Nunc
341 979 449 1050 pergo
473 956 518 1025 ad
541 953 697 1046 reliquos
722 953 813 1021 duos
827 946 1011 1037 Planctus,
1036 944 1110 1014 Ve-

90 1055 97 1067 ’
124 1089 246 1137 nerem
261 1075 296 1133 ct
312 1056 551 1140 Mercurium,
576 1054 641 1147 qni
658 1051 723 1124 etsi
745 1051 856 1122 multa
872 1045 1006 1120 babent
1028 1070 1108 1116 cum

124 1167 239 1238 tribus
253 1160 425 1253 supremis
450 1154 671 1238 communia,
696 1165 914 1223 tamencum
937 1148 1109 1242 quaedam

127 1267 232 1338 etiam
247 1260 365 1352 adepti
382 1259 454 1330 sint
469 1255 680 1346 peculiaria,
704 1254 890 1348 separatim
906 1273 1029 1322 eorum
1045 1271 1110 1318 na-

128 1382 208 1438 tura
224 1378 259 1435 et
273 1374 390 1433 motus
406 1356 536 1449 erponi
552 1357 668 1426 debet.

153 1595 219 1671 De
246 1594 385 1669 duobus
403 1587 651 1686 inferioribus
666 1589 856 1678 Plancts's,
885 1588 1029 1658 Venere
1055 1589 1095 1654 et

519 1695 724 1766 Mercurio.

229 1845 322 1917 Cum
350 1845 388 1912 in
412 1855 631 1913 caeterorum
653 1836 878 1907 Planetarum
904 1835 975 1905 situ
1000 1846 1032 1903 et
1052 1857 1112 1901 or·
1161 1852 1237 1898 ram
1261 1828 1438 1896 collocari.

129 1950 213 2020 dine
235 1949 307 2017 lere
333 1944 496 2013 universa
522 1941 714 2033 antiquitas
736 1935 973 2016 consenserit,
999 1934 1037 2001 in
1055 1928 1111 2002 bis
1263 1942 1342 2017 Etsi
1363 1958 1478 2016 amem
1495 1941 1534 2014 hi
1552 1945 1718 2015 planetae
1741 1946 1862 2015 multis
1885 1947 1991 2016 rebus
2012 1967 2142 2013 conve.

129 2050 270 2119 duobus
291 2046 535 2134 discreparant
565 2039 769 2111 sententiae.
832 2034 922 2103 Nam
952 2032 1053 2103 Plato
1076 2044 1112 2102 et
1162 2045 1268 2115 nium
1283 2070 1362 2115 cum
1380 2044 2061 2137 ffl010115p12n2113‚etpraecipuecmn
2075 2045 2144 2114 ui.

120 2150 233 2219 iilum
254 2160 394 2217 seculus
410 2142 619 2213 Arisissieless
641 2140 817 2210 collocant
841 2159 900 2205 008
922 2157 1028 2225 supra
1043 2132 1112 2203 SO-
1161 2147 1228 2215 bug
1260 2146 1525 2235 superioribus,
1565 2158 1682 2215 tamen
1709 2141 1777 2215 hoc
1806 2142 1937 2216 habent
1964 2144 2143 2236 peculiare

129 2251 222 2334 lem,
246 2270 350 2340 quem
365 2243 493 2314 V⁰l¹1¹¹l
511 2240 633 2313 1³⁰⁰&
658 2240 859 2331 Ρῑθῐῑωΰῐῦ
882 2257 967 2305 0⁸⁸⁸·
1016 2231 1111 2302 Μῦῑῑ
1162 2249 1286 2328 ambo,
1311 2247 1406 2338 quod
1430 2258 1597 2337 perpetua
1620 2247 1865 2317 observatione
1882 2241 2141 2337 deprehensum

132 2361 216 2421 sunl
233 2362 351 2419 aulem
367 2340 434 2415 hac
460 2342 616 2425 talione,
641 2342 738 2433 q⁰⁰d
764 2347 976 2407 ΰθῦὓΰθῐῦὓῐ
993 2332 1112 2402 Vent-
1162 2357 1234 2429 est,
1266 2367 1326 2413 eos
1350 2368 1424 2415 non
1448 2346 1585 2434 digredi
1601 2369 1621 2415 a
1638 2345 1722 2417 Sole
1741 2359 1816 2417 toto
1838 2346 1956 2430 coelo,
1981 2358 2021 2415 ut
2038 2347 2142 2414 abeo

130 2451 181 2520 ris
204 2460 239 2518 et
258 2444 433 2516 Mercurii
454 2444 572 2512 stellas
587 2442 729 2511 obiectu
753 2460 900 2509 suorum
922 2457 1110 2525 corporum
1161 2445 1356 2538 aliquando
1384 2467 1447 2535 per
1475 2447 1685 2538 quadrarum
1713 2459 1775 2516 aur
1794 2452 1859 2540 per
1881 2446 2061 2534 trigonum
2084 2445 2142 2514 di.

131 2548 383 2637 ¹¹⁰i¹l⁸l¹⁴¹rtem
406 2543 562 2636 animm
585 2540 1055 2619 3⁰¹3⁸0b⁸⁰¹1t³¹⁰r³⁸⁰³⁸02
1080 2534 1110 2603 δί
1162 2557 1273 2631 stent,
1298 2545 1355 2614 vel
1371 2569 1411 2614 er
1429 2548 1576 2615 adverso
1592 2560 1801 2631 cernantur,
1826 2548 1886 2617 sed
1910 2541 2041 2615 babere
2064 2567 2143 2614 cer-

131 2651 225 2720 iulra
240 2670 320 2719 eum
335 2646 525 2715 collocatae
541 2655 673 2721 ament,
699 2665 780 2710 cum
797 2639 830 2709 ei
845 2638 948 2709 toties
960 2636 1111 2706 coniun-
1161 2661 1215 2719 ta,
1227 2660 1353 2731 meras,
1374 2646 1468 2717 ultra
1483 2668 1569 2738 quas
1583 2671 1605 2717 a
1620 2646 1704 2718 sole
1718 2670 1794 2717 non
1808 2659 2011 2717 murrum,
2038 2644 2142 2714 sem.

130 2763 269 2839 gannit·
329 2743 408 2816 Hoc
437 2768 517 2813 cum
543 2742 642 2813 nulle't
667 2752 780 2811 deittle
810 2740 1033 2808 observdium
1053 2736 1111 2814 tii,
1162 2771 1224 2839 per
1245 2747 1340 2816 enim
1365 2745 1487 2816 Venus
1508 2749 1595 2818 citra
1619 2746 1967 2840 quinquagesimum,
1998 2742 2144 2814 Mercu.

132 2848 375 2920 existimarunt
390 2846 519 2916 rectius
534 2843 641 2924 credi,
668 2837 731 2913 bas
746 2839 864 2913 stellas
879 2835 1110 2932 suprasolem
1161 2848 1237 2918 rius
1251 2871 1335 2916 vem
1350 2847 1436 2917 cim
1458 2846 1673 2918 tricesimum
1688 2849 1835 2937 gradum
1854 2847 1973 2919 solem
1997 2845 2145 2916 comita.

132 2951 215 3021 sitas
231 2972 315 3024 esse.
1162 2961 1238 3033 tur,
1263 2972 1327 3017 nec
1342 2949 1502 3039 longiore
1523 2948 1710 3018 intervallo
1732 2948 1837 3017 illum
1853 2949 1911 3016 vel
1933 2947 2143 3031 antecurrit,

110 3058 141 3111 Ὺ
233 3064 303 3136 Sed
338 3061 592 3154 antiquissimi,
626 3074 661 3131 et
689 3071 809 3151 postea
840 3055 951 3126 secuti
980 3052 1111 3122 eruditi
1163 3050 1221 3119 vel
1240 3049 1413 3142 sequitur.

131 3161 311 3249 homines,
334 3166 537 3233 maluerunt
550 3164 710 3245 credere,
735 3155 799 3229 bas
813 3160 901 3227 duas
923 3154 1040 3225 stellas
1055 3153 1111 3220 in·
1261 3161 1316 3235 133
1349 3161 1415 3233 hac
1447 3165 1691 3234 observatione
1722 3166 1827 3235 estam
1858 3165 2145 3236 animadversum

130 3280 185 3335 tet
216 3268 368 3333 duorum
397 3263 574 3330 luminum
611 3257 775 3350 ⁸ph³0t³⁸
803 3258 907 3340 ferri,
937 3278 1002 3323 ¹¹²⁰
1024 3253 1112 3322 ¹⁰⁰5
1163 3279 1233 3349 est,
1258 3262 1387 3335 horum
1408 3265 1517 3334 trium
1532 3262 1776 3352 Planetarum,
1802 3265 1914 3350 Solis,
1935 3263 2085 3335 Veneris
2110 3277 2147 3334 et

132 3363 745 3442 8110ἰὶΠᾶΡῙᾶΙΟΠῙΩοῐἬΠΠᾶῑῙΟΠθ,
770 3356 1001 3428 metuentium
1017 3352 1112 3424 solit
1162 3364 1357 3445 Mercurii,
1383 3366 1530 3435 eandem
1545 3388 1617 3433 esse
1634 3366 1764 3435 lineam
1786 3367 1894 3434 medii
1910 3389 1972 3436 seu
1986 3363 2145 3458 aequans

132 3465 418 3535 obscurationem
435 3458 616 3530 iubarum
633 3460 813 3532 stellarum
831 3480 911 3526 cum
928 3454 1111 3526 Solecon-
1163 3480 1300 3556 morus,
1326 3461 1394 3536 hoc
1418 3478 1487 3551 est,
1516 3476 1635 3535 centra
1655 3466 1891 3559 epicyclomm
1914 3489 2051 3558 semper
2074 3465 2146 3534 cir.

37 3568 43 3574 ’
132 3566 330 3654 gressibus,
363 3586 443 3632 eum
476 3575 609 3630 certum
635 3562 699 3644 sit,
739 3579 797 3627 eas
827 3555 1112 3649 frequentissime
1163 3567 1328 3636 cumferri
1352 3590 1431 3636 cum
1456 3567 1550 3634 linea
1574 3567 1730 3660 aequatis
1750 3580 1867 3638 motus
1883 3565 1988 3639 solis.
2037 3564 2146 3637 Unde

85 3696 87 3700 ·
132 3660 444 3754 extraEclipticam
463 3663 613 3751 evagari,
635 3675 670 3732 et
687 3682 768 3729 raro
785 3658 832 3727 ita
848 3657 1015 3744 coniungi
1031 3678 1110 3723 cum
1164 3668 1269 3736 eriam
1285 3667 1417 3736 dicitur
1439 3660 1569 3735 horum
1594 3668 1702 3736 [rium
1717 3663 1944 3738 planetarum
1966 3688 2039 3735 esse
2060 3689 2145 3756 per.

133 3763 236 3849 sole,
264 3777 306 3835 ui
319 3765 357 3833 ln
372 3763 503 3832 lineam
518 3787 559 3831 ex
574 3762 652 3832 visu
667 3774 789 3831 nostro
804 3782 867 3849 per
881 3770 1040 3828 centrum
1055 3779 1112 3824 80-
1163 3780 1268 3857 petua
1290 3765 1513 3847 coniunctio,
1539 3769 1732 3837 secundum
1748 3769 1904 3839 medium
1926 3791 1991 3839 geu
2012 3788 2146 3858 aequa·

128 3865 217 3937 laris
232 3864 388 3956 corporis
409 3865 589 3947 eductam,
613 3864 808 3934 incurrant.
1164 3869 1233 3937 lem
1250 3867 1408 3958 ipsorum
1431 3879 1579 3936 motum.

237 3995 308 4068 Sed
339 4007 379 4067 ut
400 3992 468 4065 boc
492 3997 596 4064 etiam
631 3996 781 4077 accidat,
815 3991 906 4062 sicut
934 3990 1112 4060 interdurn
1264 3977 1505 4051 Exbocillud
1523 4004 1664 4076 quoqne
1687 3943 1862 4078 seqnitur,
1888 3986 1984 4078 quod
2007 3997 2146 4073 tempus

133 4098 210 4168 fieri
227 4110 360 4190 potest,
383 4109 499 4165 tamen
524 4096 677 4185 parvitas
690 4089 816 4164 barum
833 4091 1013 4162 stellarum
1029 4089 1113 4158 nul·
1162 4082 1383 4174 periodicum
1398 4082 1510 4153 centri
1525 4085 1762 4178 epicyclorum
1779 4088 1817 4155 in
1835 4082 1891 4154 bis
1906 4086 2045 4155 duobus
2061 4083 2146 4154 Pla-

135 4201 205 4268 lam
222 4213 356 4291 partem
373 4196 468 4268 Solis
484 4196 699 4266 sensibiliter
714 4209 849 4283 tegere,
873 4205 909 4262 et
930 4189 1023 4260 visui
1045 4212 1112 4259 no·
1164 4184 1255 4254 netis
1272 4206 1417 4274 prorsus
1433 4197 1485 4254 est
1500 4184 1594 4254 idem
1613 4198 1648 4255 et
1664 4186 1808 4278 aequale
1825 4211 1904 4257 eum
1914 4184 2061 4276 periodo
2071 4182 2145 4255 So-

134 4313 208 4369 stro
231 4301 388 4371 adimere
405 4310 531 4388 potest.
590 4295 680 4365 Nam
702 4307 742 4365 ut
763 4291 1004 4382 diligentiores
1027 4290 1114 4362 arti·
1164 4282 1228 4366 lit,
1253 4284 1393 4377 quisuo
1416 4297 1517 4354 motu
1538 4285 1676 4377 aequali
1699 4309 1858 4355 annuum
1879 4285 1984 4355 nobis
2003 4298 2146 4377 tempus

134 4399 214 4469 lices
234 4402 478 4482 tradiderunt,
508 4394 657 4466 Veneris
671 4417 844 4488 apparens
866 4395 1036 4464 diameter
1054 4392 1113 4461 vix
1164 4397 1281 4455 exacte
1311 4385 1490 4458 describit.
1546 4382 1667 4474 Quare
1696 4381 1886 4458 ethorum
1916 4383 2145 4456 Planetarum

135 4499 271 4569 decima
287 4523 366 4591 pm
383 4514 434 4571 eet
448 4498 612 4569 diametri
626 4496 731 4571 solie,
812 4558 815 4563 ,
1164 4485 1378 4557 curriculum
1407 4507 1470 4576 per
1497 4483 1690 4558 Zodiacum
1722 4510 1842 4557 annuo
1878 4486 1996 4578 spacio
2024 4485 2145 4557 absol-

236 4629 375 4720 Deinde
390 4630 659 4706 distantiaSolis
673 4646 708 4704 et
721 4630 855 4704 Lunae.
880 4624 953 4702 Ubi
965 4625 1113 4696 minima
1163 4587 1271 4660 vitm·
1332 4684 1337 4696 .

136 4746 204 4819 est,
236 4745 352 4803 tameo
381 4734 540 4806 continet
562 4733 840 4804 semidiametros
873 4743 987 4821 terrae
1013 4724 1113 4795 mille
1265 4698 1985 4792 Pml’l‘lhffl‘0⁰m5010⁰⁰8¹¹³fi⁰¹¹²ffl
2012 4726 2147 4774 ''⁰⁰³ss-

136 4837 304 4906 dueentas
325 4832 417 4916 lere,
441 4856 520 4913 cum
529 4832 653 4905 Lunae
673 4847 802 4904 atcrra
816 4826 982 4901 distantia
1001 4825 1112 4895 mari·
1164 4819 1236 4926 Ψ,
1259 4800 1382 4874 Ve¹¹¹¹³
1409 4817 1443 4926 ⁰}
1475 4801 1679 4925 Memfim
1705 4803 1901 4925 {ltpllawss‘
1934 4797 2143 4897 ἰσόδρομοι»

135 4959 192 5005 ma
207 4932 335 5005 babeat
349 4945 485 5003 tanturn
502 4932 552 5003 64
566 4936 845 5005 semidiametros
861 4944 895 5000 et
911 4940 1112 4999 sextantem.
1165 4898 1351 4996 θμθδθμω
1370 4927 1435 4974 '‘⁰“
1450 4897 1653 4997 507‘500l‘0‘
1666 4929 1721 4996 “tl
1736 4907 1839 4998 amp.

136 5025 225 5107 Cum
239 5036 348 5124 igitur
363 5045 500 5104 tantum
516 5036 672 5123 spacium
689 5037 727 5104 in
744 5033 862 5103 medio
875 5028 1052 5099 luminum
1067 5025 1115 5096 sit
1260 5019 1447 5099 Caeterum
1470 5018 1637 5108 privatim
1660 5016 1782 5091 Venus
1803 5021 1933 5091 dicitur
1957 5013 2144 5116 ἑωςφόρος

134 5134 331 5227 reliquum,
363 5132 556 5201 verisimile
578 5148 648 5224 est,
679 5128 746 5203 bos
766 5136 857 5204 diros
871 5130 1034 5199 Plauetas
1056 5124 1114 5194 in·
1165 5136 1199 5192 et
1214 5112 1418 5216 φοςφόρος,
1442 5118 1552 5187 latine
1574 5117 1736 5204 Lucifer,
1767 5122 1911 5213 quando
1933 5143 2036 5188 mane
2058 5134 2145 5192 ante

133 5236 296 5309 teriectos
310 5256 400 5312 esse,
425 5246 467 5303 ut
489 5232 669 5323 expleatur
688 5235 808 5327 aliquo
829 5231 936 5302 modo
959 5224 1116 5299 vntissi-
1165 5221 1260 5294 Solis
1275 5231 1433 5290 exortum
1448 5216 1683 5308 conspicitur,
1708 5222 1803 5288 diem
1825 5219 2087 5308 praenuncians
2108 5236 2145 5292 et

52 5378 57 5389 ·
135 5363 234 5411 mum
250 5336 340 5409 illud
357 5333 598 5408 intervallum.
1166 5334 1357 5394 maturans.
1378 5313 1519 5423 Rursus
1539 5319 1661 5390 eadem
1682 5331 1827 5391 vocatur
1846 5314 2012 5414 ἕσπερος,
2041 5317 2145 5392 Lati.
