4538 5754
100 235 102 239 ’
128 231 225 309 1161
723 220 851 300 rutt.
876 216 996 302 MEL.
1020 218 1230 299 SCRIPTA
1253 214 1557 297 nxuuuttcs.
2068 220 2149 303 uts

127 424 188 476 ros
215 422 289 472 esse
319 396 490 471 auxilium
519 406 556 466 et
584 392 854 478 liberationem,
886 392 982 464 iusta
1008 392 1122 487 ipsius
1171 407 1233 465 tna·
1253 392 1518 480 misericordia,
1544 404 1581 465 et
1603 392 1728 468 statuit
1749 415 1789 465 tc
1803 392 1918 487 gratis
1935 391 2091 486 accipere
2103 417 2149 466 se·

128 503 339 587 consilium,
361 497 497 571 etiamsi
521 495 687 567 differtur
701 494 885 564 liberatio:
908 494 1000 566 sicut
1013 493 1121 581 Abel,
1171 495 1376 566 missionem
1403 508 1627 586 peccatorum
1653 490 2035 590 propter.Christnm.
2084 490 2151 569 N

127 605 263 690 Esaias,
289 601 454 673 ieremias
469 597 675 692 esaposrott
688 592 806 666 adhuc
819 610 1003 689 expectant
1018 621 1118 667 suam
1171 609 1288 668 antem
1310 596 1473 667 remissio
1496 611 1717 690 peccatorum
1733 611 1768 670 et
1783 598 1986 691 acceptatio
2000 598 2047 668 ad
2059 597 2150 669 rita!

128 705 422 800 glorificationem
452 724 572 772 coram
601 700 758 781 mundo,
790 712 825 769 ct
849 700 1029 769 tamenin
1053 694 1118 768 hae
1171 712 1349 770 aeternam
1372 698 1481 788 gratis
1501 699 1732 790 contingunt,
1765 699 1846 770 sine
1864 699 2078 771 conditione
2093 722 2150 771 no·

129 811 202 881 vita
231 806 344 878 sancti
373 804 478 874 multi
507 826 575 894 pro
594 801 707 890 gloria
729 798 798 868 Dei
818 798 1063 872 defenduntur
1083 813 1119 872 et
1170 813 1262 870 strae
1284 800 1485 894 dignitatis:
1518 813 1637 872 tamen
1658 802 1843 872 sciendum
1866 816 1946 888 est,
1969 801 2149 873 necessaris

129 909 350 993 liberantur,
374 907 465 977 sicut
479 903 575 985 Nois‘,
599 897 804 992 Abraham,
831 899 956 987 lacob,
979 896 1119 993 loseph,
1169 901 1272 995 sequi
1298 899 1429 973 debere
1451 924 1582 972 noram
1604 902 1866 989 obedientiam,
1898 917 1946 975 et-
1960 926 2150 998 quanquam

129 1010 266 1092 Moses,
293 1007 409 1080 David
432 1021 467 1078 et
487 1006 550 1076 alii
565 1003 846 1075 innumerabiles
861 1004 1118 1076 servatietde-
1171 1003 1232 1073 illa
1255 1026 1330 1074 non
1351 1004 1520 1076 satisfacit
1541 1004 1627 1094 legi,
1661 1007 1722 1077 sed
1744 1018 1795 1075 est
1817 1000 1940 1076 adhuc
1960 1005 2149 1098 imperfecta

128 1113 218 1183 fensi
236 1125 331 1185 sunt.
1170 1119 1205 1176 et
1218 1105 1417 1191 immunda,
1442 1117 1561 1175 tamen
1575 1108 1613 1176 in
1629 1103 1687 1177 his
1700 1107 1778 1202 (qui
1795 1101 1936 1178 habent
1949 1103 2076 1202 fidem)
2087 1106 2150 1197 pla·

232 1226 290 1300 Ad
321 1223 409 1297 haec
432 1226 517 1296 fidei
538 1225 701 1297 exercitia
723 1223 1045 1296 accommodandus
1066 1234 1118 1293 est
1170 1209 1327 1277 1111110
1355 1220 1501 1300 11011111
1520 1203 1703 1281 Christum
1727 1207 1971 1282 mediatorem
1993 1222 2030 1280 11
2047 1207 2149 1302 pmii·

129 1328 244 1404 ethic
267 1329 447 1412 psalmus,
480 1351 559 1399 cum
583 1328 651 1412 ait,
683 1321 852 1398 Erectum
874 1338 926 1397 est
947 1348 1009 1395 cor
1031 1324 1118 1409 eius,
1170 1309 1282 1384 1111111·
1442 1371 1445 1377 -

128 1434 295 1504 videlicet
323 1430 386 1501 tali
414 1431 504 1514 fide,
548 1443 589 1501 nt
619 1430 754 1502 dictum
784 1441 852 1498 est:
893 1428 989 1522 quod
1023 1424 1117 1496 inter
1274 1425 1327 1499 lta
1357 1441 1553 1525 utrumque
1580 1428 1765 1523 complecti
1793 1424 1862 1502 hac
1880 1430 1958 1501 lide
1980 1429 2148 1501 debemnu

129 1537 212 1607 illos
246 1535 374 1604 fluctus
409 1555 445 1602 se
478 1543 650 1605 sustentat
678 1529 934 1623 promissione,
975 1528 1117 1599 invocat
1168 1527 1395 1603 Credendum
1421 1544 1493 1618 cst,
1524 1534 1622 1626 quod
1643 1532 1755 1603 simus
1777 1531 1882 1619 insti,
1907 1527 1984 1603 hoc
2008 1544 2077 1619 est,
2096 1524 2148 1601 ha·

129 1635 264 1722 Deum,
290 1649 323 1707 et
341 1646 496 1726 expectat
510 1633 704 1718 auxilium,
729 1655 794 1702 nec
810 1631 940 1701 deserit
956 1626 1053 1701 Deus
1067 1629 1117 1699 sic
1169 1631 1293 1703 bentea
1314 1631 1560 1703 remissionem
1582 1645 1806 1729 peccatorum
1830 1647 1867 1705 et
1888 1633 2030 1727 accepti
2048 1634 2091 1703 ad
2105 1631 2148 1701 si·

129 1739 352 1821 invocantes,
393 1736 693 1829 quemadmodum
722 1733 842 1826 inquit
872 1731 1014 1803 Psalmo
1038 1726 1116 1802 49.:
1168 1747 1241 1805 tam
1268 1746 1446 1805 aeternam
1471 1749 1618 1826 propter
1637 1730 1823 1808 Christum
1847 1737 1983 1827 gratis,
2011 1749 2048 1807 et
2068 1734 2149 1829 qood

128 1841 260 1910 Invoco
287 1861 344 1908 me
374 1835 413 1905 in
442 1836 501 1905 die
527 1835 789 1922 tribulationis,
826 1847 862 1907 et
890 1833 1040 1926 eripiam
1068 1847 1116 1904 te.
1167 1857 1319 1928 sequens
1356 1836 1560 1909 obedientia
1596 1835 1702 1909 etiarn
1740 1838 1879 1931 placeat
1907 1837 1990 1912 Deo
2019 1850 2150 1930 propter

128 1941 213 2012 ldeo
237 1937 296 2010 bic
315 1939 432 2008 addit:
453 1936 536 2008 Non
559 1936 859 2024 commovebitur,
884 1936 920 2005 id
944 1948 1014 2023 est,
1040 1957 1115 2004 non
1166 1933 1364 2011 Christum.

129 2056 321 2120 evertetur,
345 2063 420 2110 non
437 2039 578 2132 peribit.
1271 2053 1438 2126 Secundo
1459 2058 1625 2129 accedere
1647 2058 1754 2131 dehet
1771 2072 1806 2130 et
1819 2053 1910 2138 hoc,
1938 2071 1983 2131 nt
1996 2058 2065 2129 lide
2078 2051 2151 2127 haec

508 2239 516 2259 .
716 2238 724 2256 1
861 2214 893 2256 ⁰.
938 2237 946 2257 ·
971 2237 980 2259 ·
1064 2237 1072 2257 ·
1168 2179 1275 2248 opera
1299 2157 1492 2228 referamus
1514 2160 1557 2228 ad
1580 2160 1730 2252 gloriam
1754 2157 1839 2231 Dei:
1865 2159 2026 2232 sciamus
2049 2157 2150 2253 Deum
2182 2212 2184 2221 ·

176 2240 385 2341 Dispersus
428 2236 528 2312 dtdtl
564 2237 808 2339 111111111111111,
853 2246 1003 2312 1111111111
1036 2263 1115 2311 11111
1168 2259 1258 2329 velle
1276 2252 1333 2329 bis
1348 2260 1517 2351 operibus
1532 2261 1621 2348 coli,
1645 2261 1910 2333 etea'facicnda
1926 2284 2005 2333 esse
2021 2274 2151 2355 propter
2182 2280 2184 2349 j

227 2354 350 2416 11111111
365 2367 515 2441 semper·
1166 2356 1304 2442 Deum,
1327 2374 1368 2433 ut
1383 2361 1417 2430 ei
1432 2374 1650 2454 praestemus
1663 2363 1904 2434 obedientiam
1921 2377 1992 2437 etc.

226 2495 326 2566 Sicut
347 2491 454 2584 su'pra
479 2491 607 2585 partim
631 2504 814 2583 praecepta
836 2492 984 2564 tradidit
1006 2495 1051 2566 de
1067 2494 1114 2567 ti·
1269 2489 1360 2566 Item
1384 2490 1422 2562 in
1444 2488 1501 2564 bis
1516 2494 1686 2586 operibns
1700 2493 1787 2568 fides
1802 2496 1910 2569 debet
1927 2495 2064 2569 intueri
2078 2518 2148 2589 pro·
2181 2518 2184 2579 1

123 2621 223 2669 more
245 2594 330 2680 Dei,
364 2597 448 2682 fide,
480 2608 514 2665 et
535 2593 628 2663 veris
649 2591 823 2677 cultibus,
849 2595 978 2686 partim
1003 2596 1113 2666 inter·
1165 2592 1371 2666 missiones:
1413 2598 1640 2669 statuendum
1669 2609 1741 2682 est,
1782 2600 1880 2693 quod
1913 2598 2031 2670 simus
2060 2619 2148 2670 curat

124 2699 236 2770 texuit
261 2697 524 2790 promissiones.
581 2692 633 2763 lta
658 2687 717 2764 bic
738 2695 867 2786 repetit
886 2709 1112 2789 praeceptum
1165 2691 1264 2783 Deo,
1288 2695 1385 2790 qnod
1401 2696 1487 2769 velit
1501 2700 1607 2770 nobis
1621 2699 1846 2784 benefacere,
1869 2723 1943 2771 nos
1960 2701 2100 2780 invare,
2122 2709 2147 2767 sl

123 2800 305 2894 pertinens
332 2802 376 2870 ad
404 2799 518 2869 officia
552 2794 754 2865 dilectionis
785 2819 865 2886 erga
899 2799 1113 2890 proximum.
1166 2797 1270 2868 nobis
1300 2799 1386 2868 darc
1410 2800 1584 2889 praemia,
1613 2799 1711 2872 insta
1735 2800 2009 2892 promissiones.
2065 2798 2146 2872 11111
2182 2850 2184 2855 -

122 2901 178 2972 Ac
208 2900 418 2972 nominatim
448 2900 534 2970 dicit
560 2900 604 2967 de
629 2896 840 2970 liberalitate
863 2922 923 2970 seu
946 2894 1112 2972 Eleemo-
1164 2900 1251 2969 fides
1272 2899 1312 2969 in
1335 2900 1441 2970 bonis
1462 2902 1631 2993 operibus
1651 2903 1769 2972 lucere
1789 2925 1829 2972 ac
1853 2902 2020 2997 conspici
2038 2902 2145 2974 debet:

123 3004 241 3099 synis,
281 3018 317 3074 et
344 3003 444 3072 addit
475 2999 745 3091 promissionem
774 3001 818 3069 de
848 3003 1053 3071 defensione
1078 3018 1112 3074 et
1164 3000 1214 3070 sic
1244 3015 1460 3092 praestemus
1488 3003 1604 3074 officia
1634 3003 1855 3088 dilectionis,
1894 3016 1940 3076 nt
1965 3016 2147 3077 statuamus

123 3104 303 3197 praemiis.
356 3104 410 3174 Ac
432 3104 514 3198 qnia
542 3102 619 3171 sine
632 3101 815 3171 mentione
829 3104 1110 3175 ceremoniarum
1165 3101 1520 3175 nonsolumeaDeo
1536 3104 1694 3199 placere,
1719 3106 1903 3176 sedetiam
1921 3106 2145 3179 totsmvttsa

121 3208 299 3297 praedicat
321 3206 436 3276 officia
458 3203 679 3289 dilectionis,
705 3203 878 3293 significat
900 3199 987 3276 haec
1004 3231 1111 3298 opera
1164 3218 1322 3275 nostram
1340 3204 1373 3274 ei
1388 3229 1495 3276 curae
1511 3229 1603 3295 ease,
1626 3204 1744 3279 Deum
1761 3207 2078 3299 suppeditaturum
2092 3229 2145 3275 no·

120 3332 194 3379 esse
222 3309 358 3394 cultus,
385 3331 475 3401 quos
496 3304 593 3377 Deua
621 3306 792 3402 requirit,
827 3319 861 3376 et
884 3306 1111 3379 anteferenda
1163 3305 1220 3376 bis
1238 3305 1372 3378 victum
1389 3308 1644 3397 necessarium,
1669 3323 1704 3380 et
1719 3308 1989 3391 defensionem,
2013 3306 2143 3380 sicutin

120 3434 194 3481 esse
216 3411 440 3482 ceremoniis.
508 3404 557 3478 Et
582 3420 676 3479 texat
699 3407 823 3476 falsam
848 3408 1110 3500 persuasionem
1162 3406 1272 3477 vidua
1297 3406 1491 3501 Sareptena
1520 3410 1617 3482 lucet
1645 3424 1681 3483 et
1707 3411 1813 3481 exerit
1837 3433 1914 3480 sese
1935 3408 2049 3498 fides,
2076 3430 2143 3481 curs

120 3511 407 3606 hypocritarum,
444 3509 507 3605 qui
528 3508 695 3599 neglectis
716 3504 773 3578 his
796 3509 964 3598 operibus
982 3533 1110 3581 cumu-
1163 3509 1333 3603 quicquid
1348 3511 1525 3605 reliquum
1539 3506 1745 3598 hahetcihi,
1764 3507 2145 3603 datPropbetaeEliae

120 3616 195 3684 lant
226 3613 461 3699 ceremonias,
491 3626 524 3682 et
554 3624 683 3702 putant
706 3634 743 3682 se
767 3610 838 3681 illis
862 3611 1030 3702 operibus
1054 3613 1110 3684 in·
1162 3611 1376 3681 defraudans
1399 3635 1474 3682 sese
1493 3609 1534 3682 sc'
1556 3613 1690 3700 lilium,
1717 3627 1751 3686 et
1772 3614 1887 3684 credit
1909 3615 2009 3696 fore,
2035 3611 2144 3686 ntsibi

120 3729 191 3788 stos
208 3735 292 3787 esse.
1162 3711 1336 3783 divinitus
1350 3714 1515 3785 alicunde
1527 3716 1784 3808 suppeditetur,
1808 3717 1908 3811 unde
1923 3716 2036 3788 visat.
2085 3710 2145 3785 lta-

220 3829 291 3903 Sed
305 3831 396 3902 sicut
411 3856 516 3924 supra
533 3855 635 3921 saepe
649 3832 783 3904 dictum
799 3844 868 3914 est,
893 3831 931 3899 iu
947 3834 1110 3906 doctrina
1162 3837 1232 3908 (1¹¹⁶
1261 3815 1423 3908 1111111111
1454 3816 1894 3908 1111“Ῑ“Ῑῖῑ11111(10711ωε
1938 3832 2061 3891 ΨΜ
2086 3815 2145 3886 fidi

119 3956 267 4024 operum
299 3956 437 4025 semper
458 3936 656 4004 addendam
682 3955 755 4002 esse
778 3932 939 4002 doctrina
963 3937 1007 4003 de
1028 3935 1108 4009 fide.
1162 3929 1306 4007 impie?
1320 3912 1435 3986 Dium
1452 3931 1606 4007 immi
1619 3913 1688 3990 ¹¹⁰⁰
1701 3918 1858 3991 ⁰ffi⁰l¹¹m
1873 3913 2095 4013 Pfflihffi‘s
2116 3926 2144 3986 ‘¹

120 4034 333 4107 Tenendum
353 4049 405 4106 est
426 4035 541 4119 enim,
566 4036 662 4127 quod
684 4034 739 4103 lex
763 4035 840 4102 sine
864 4028 1008 4105 Christo
1032 4060 1107 4108 nou
1161 4015 1928 4109 3910131111ῑῖ’111ΰ1111111111111111111·

118 4139 248 4228 prosit,
280 4161 345 4208 nec
366 4139 529 4231 placeant
553 4159 679 4227 opera,
707 4134 775 4203 nisi
799 4136 836 4204 in
857 4129 934 4221 his,
956 4137 1016 4230 qui
1040 4139 1109 4211 bde
1263 4133 1359 4207 Haec
1380 4137 1454 4208 duo
1471 4137 1510 4207 in
1525 4159 1652 4228 genere
1667 4141 1821 4211 tenenda
1837 4151 1941 4224 sunt,
1968 4162 2052 4211 cnm
2067 4136 2143 4209 dici-

119 4252 278 4311 statuunt
301 4262 376 4310 sese
401 4255 558 4330 receptos
580 4260 654 4306 esse
678 4262 697 4306 a
721 4235 815 4324 Deo,
838 4251 983 4328 propter
1000 4238 1109 4314 Chri.
1160 4259 1241 4307 mus
1261 4260 1368 4330 opera
1392 4239 1521 4310 debere
1543 4240 1679 4336 fierihin
1696 4241 1782 4327 lide,
1808 4254 1842 4312 ct
1858 4253 1899 4312 nt
1917 4241 2074 4312 sciamus
2088 4259 2142 4309 nos

23 4340 33 4359 ⁸
119 4353 226 4416 stum.
279 4339 333 4413 111
350 4338 427 4433 hic,
454 4343 659 4434 prinsquam
671 4340 720 4441 'de
737 4333 806 4410 hoc
821 4362 947 4429 genere
959 4365 1107 4432 opernm
1160 4336 1281 4409 allen
1307 4338 1419 4433 recipi
1449 4356 1595 4434 propter
1621 4345 1774 4414 eundem
1803 4344 1946 4437 placere
1975 4344 2141 4413 incoatam

120 4441 277 4527 dicatur,
307 4445 509 4514 monendus
534 4457 585 4514 est
607 4442 737 4521 lector,
768 4442 865 4534 quod
892 4435 979 4512 haec
1001 4468 1107 4533 opera
1160 4439 1420 4528 obedientiam,
1450 4456 1485 4514 et
1506 4457 1549 4516 nt
1569 4447 1638 4515 fide
1659 4459 1807 4538 propter
1824 4442 1945 4516 Deum
1969 4445 2142 4535 obtempe-

119 4543 271 4614 debeant
293 4545 369 4614 lieri
390 4543 481 4629 fide,
506 4545 613 4640 idque
629 4542 820 4635 dupliciter
837 4541 1108 4632 intelligendum
1160 4564 1296 4628 renam,
1320 4566 1362 4613 ac
1380 4543 1559 4617 intuentes
1580 4547 1620 4617 in
1644 4548 1897 4638 pmmissiones
1920 4546 2078 4618 vicissim
2091 4569 2140 4615 es·

119 4656 183 4718 est.
230 4642 412 4732 Primum,
440 4661 696 4739 utstatuamus
715 4669 782 4714 nos
804 4645 871 4714 fide
895 4646 1003 4733 gratis
1025 4672 1109 4739 pro-
1160 4658 1337 4735 pectemns
1358 4669 1377 4715 a
1401 4644 1479 4719 Deo
1500 4649 1677 4743 praemia,
1711 4650 1845 4721 victum
1868 4649 2008 4720 scilicet
2031 4663 2069 4720 ct
2089 4649 2141 4717 ds·

120 4759 199 4836 pter
213 4742 394 4819 Christum
416 4749 527 4818 iustos
547 4772 639 4830 esse,
666 4746 702 4814 id
724 4761 793 4830 est,
819 4741 948 4816 babere
968 4772 1034 4818 nos
1051 4775 1108 4819 re·
1159 4746 1369 4826 fensionem.

120 4847 325 4917 missionem
340 4866 563 4942 peccatorum
579 4864 612 4920 et
626 4847 702 4920 lieri
715 4842 883 4919 haeredes
892 4849 985 4919 vitae
995 4866 1108 4921 aeter·
1262 4860 1367 4934 Nunc
1396 4865 1502 4936 venio
1532 4869 1577 4937 ad
1607 4880 1761 4940 textum:
1800 4863 2015 4964 Dispersa,
2053 4859 2140 4937 dedit

121 4971 205 5031 nde,
237 4962 312 5018 111111
339 4967 484 5045 propiet*
506 4967 662 5024 1101111111
685 4948 893 5040 (1131111111εηὶ
917 4965 977 5023 atti
998 4953 1108 5023 bene·
1157 4963 1397 5062 pauperibus,
1449 4966 1550 5041 Sicut
1564 4992 1670 5062 supra
1686 4971 1725 5044 in
1739 4993 1868 5062 genem
1879 4971 1975 5045 dixit
1988 4976 2037 5044 de
2049 4969 2139 5042 bonit

119 5052 223 5122 facta.
1159 5069 1327 5160 operibus
1350 5068 1507 5160 piorum:
1532 5071 1580 5141 ita
1606 5070 1664 5144 hic
1686 5074 1898 5144 nominatim
1922 5077 2037 5147 tradit
2051 5094 2139 5166 prae·

219 5166 312 5239 Nam
335 5194 415 5241 cum
438 5171 475 5240 in
493 5173 660 5264 operibus
674 5171 868 5263 requiritur
883 5173 988 5260 bdes,
1014 5197 1107 5243 sem·
1159 5184 1298 5262 ceptum
1321 5173 1366 5242 de
1386 5172 1600 5246 liberalitate
1624 5198 1684 5248 seu
1708 5177 1939 5247 beneficentia
1964 5201 2048 5270 erga
2064 5196 2139 5268 pso·

120 5295 185 5360 per
198 5267 266 5342 boc
281 5272 550 5363 intelligendum
567 5287 636 5358 est,
660 5275 800 5342 excludi
816 5289 973 5346 nostram
987 5277 1106 5365 digni·
1159 5296 1279 5367 peres,
1305 5267 1343 5346 b.
1359 5297 1391 5345 e.
1411 5277 1456 5345 de
1471 5275 1544 5346 illis
1559 5279 1722 5366 gratuitis
1738 5279 1882 5362 officiis,
1907 5303 2003 5372 quae
2021 5299 2138 5351 vocan-

119 5384 246 5459 tatem,
273 5375 356 5470 quia
379 5375 466 5446 fides
482 5389 535 5448 est
550 5371 637 5448 baec
650 5374 727 5467 ipsa
742 5376 889 5459 fiducia,
915 5402 1005 5472 quae
1019 5378 1105 5453 niti·
1159 5393 1218 5451 tor
1231 5370 1500 5472 Eleemosynae.
1550 5376 1685 5476 Estque
1702 5375 1788 5453 haec
1804 5404 1933 5452 unser
1951 5376 2138 5476 praecipuis
