<?xml version="1.0" encoding="UTF-8"?>
<!DOCTYPE html PUBLIC "-//W3C//DTD XHTML 1.0 Transitional//EN"
    "http://www.w3.org/TR/xhtml1/DTD/xhtml1-transitional.dtd">
<html xmlns="http://www.w3.org/1999/xhtml" xml:lang="en" lang="en">
 <head>
  <title>
</title>
<meta http-equiv="Content-Type" content="text/html;charset=utf-8" />
  <meta name='ocr-system' content='tesseract 3.04.00' />
  <meta name='ocr-capabilities' content='ocr_page ocr_carea ocr_par ocr_line ocrx_word'/>
</head>
<body>
  <div class='ocr_page' id='page_1' title='image "./corpusreformato11melagoog_0599.png"; bbox 0 0 4538 5754; ppageno 0'>
   <div class='ocr_carea' id='block_1_1' title="bbox 120 183 2172 310">
    <p class='ocr_par' dir='ltr' id='par_1_1' title="bbox 120 183 2172 310">
     <span class='ocr_line' id='line_1_1' title="bbox 120 183 2172 310; baseline 0.007 -20"><span class='ocrx_word' id='word_1_1' title='bbox 120 229 217 310; x_wconf 79' lang='lat' dir='ltr'>urs</span> <span class='ocrx_word' id='word_1_2' title='bbox 706 217 841 295; x_wconf 48' lang='lat' dir='ltr'>&gt;rum</span> <span class='ocrx_word' id='word_1_3' title='bbox 867 215 985 296; x_wconf 74' lang='lat' dir='ltr'>uun</span> <span class='ocrx_word' id='word_1_4' title='bbox 1011 218 1220 297; x_wconf 80' lang='lat' dir='ltr'>semera</span> <span class='ocrx_word' id='word_1_5' title='bbox 1244 220 1547 299; x_wconf 76' lang='lat' dir='ltr'>uxuouuca</span> <span class='ocrx_word' id='word_1_6' title='bbox 1965 228 1972 237; x_wconf 90' lang='lat'><strong>·</strong></span> <span class='ocrx_word' id='word_1_7' title='bbox 2059 183 2172 304; x_wconf 79' lang='lat' dir='ltr'>sus</span> 
     </span>
    </p>
   </div>
   <div class='ocr_carea' id='block_1_2' title="bbox 36 387 2146 1093">
    <p class='ocr_par' dir='ltr' id='par_1_2' title="bbox 36 387 2146 1093">
     <span class='ocr_line' id='line_1_2' title="bbox 36 387 2145 486; baseline -0.001 -13"><span class='ocrx_word' id='word_1_8' title='bbox 36 434 45 448; x_wconf 87' lang='lat'><strong>·</strong></span> <span class='ocrx_word' id='word_1_9' title='bbox 118 397 283 473; x_wconf 87' lang='lat' dir='ltr'>successit</span> <span class='ocrx_word' id='word_1_10' title='bbox 304 393 411 469; x_wconf 86' lang='lat' dir='ltr'>lsaac.</span> <span class='ocrx_word' id='word_1_11' title='bbox 466 388 518 461; x_wconf 80' lang='lat' dir='ltr'>Ac</span> <span class='ocrx_word' id='word_1_12' title='bbox 548 387 780 459; x_wconf 83' lang='lat' dir='ltr'>meminerint</span> <span class='ocrx_word' id='word_1_13' title='bbox 809 388 967 461; x_wconf 91' lang='lat' dir='ltr'>iuniores</span> <span class='ocrx_word' id='word_1_14' title='bbox 997 392 1109 463; x_wconf 88' lang='lat' dir='ltr'>versi·</span> <span class='ocrx_word' id='word_1_15' title='bbox 1161 415 1337 486; x_wconf 80' lang='lat' dir='ltr'>exponere</span> <span class='ocrx_word' id='word_1_16' title='bbox 1358 418 1517 481; x_wconf 88' lang='lat' dir='ltr'>causam,</span> <span class='ocrx_word' id='word_1_17' title='bbox 1543 409 1579 467; x_wconf 90' lang='lat' dir='ltr'>et</span> <span class='ocrx_word' id='word_1_18' title='bbox 1599 398 1787 469; x_wconf 83' lang='lat' dir='ltr'>ostendere</span> <span class='ocrx_word' id='word_1_19' title='bbox 1799 422 1836 470; x_wconf 86' lang='lat' dir='ltr'>se</span> <span class='ocrx_word' id='word_1_20' title='bbox 1850 422 1929 470; x_wconf 91' lang='lat' dir='ltr'>non</span> <span class='ocrx_word' id='word_1_21' title='bbox 1944 402 2145 471; x_wconf 83' lang='lat' dir='ltr'>temerend-</span> 
     </span>
     <span class='ocr_line' id='line_1_3' title="bbox 118 495 1674 574; baseline -0.001 0"><span class='ocrx_word' id='word_1_22' title='bbox 118 504 254 574; x_wconf 88' lang='lat' dir='ltr'>culum:</span> <span class='ocrx_word' id='word_1_23' title='bbox 1161 497 1292 565; x_wconf 83' lang='lat' dir='ltr'>versari</span> <span class='ocrx_word' id='word_1_24' title='bbox 1311 495 1413 568; x_wconf 89' lang='lat' dir='ltr'>aliter</span> <span class='ocrx_word' id='word_1_25' title='bbox 1426 498 1674 573; x_wconf 85' lang='lat' dir='ltr'>sentientibus.</span> 
     </span>
     <span class='ocr_line' id='line_1_4' title="bbox 207 584 2144 692; baseline -0.005 -30"><span class='ocrx_word' id='word_1_26' title='bbox 207 591 360 678; x_wconf 68' lang='grc' dir='ltr'><strong><em>Εῧσεβέων</em></strong></span> <span class='ocrx_word' id='word_1_27' title='bbox 380 592 534 656; x_wconf 70' lang='grc' dir='ltr'><strong><em>παίδεσσι</em></strong></span> <span class='ocrx_word' id='word_1_28' title='bbox 555 584 594 652; x_wconf 69' lang='grc' dir='ltr'>τὰ</span> <span class='ocrx_word' id='word_1_29' title='bbox 615 587 697 652; x_wconf 52' lang='lat' dir='ltr'>dulia</span> <span class='ocrx_word' id='word_1_30' title='bbox 718 589 896 670; x_wconf 64' lang='grc' dir='ltr'><em>δυσσεβῦων</em></span> <span class='ocrx_word' id='word_1_31' title='bbox 918 584 949 653; x_wconf 53' lang='grc' dir='ltr'>δ’</span> <span class='ocrx_word' id='word_1_32' title='bbox 970 584 1018 654; x_wconf 60' lang='lat' dir='ltr'>Oti.</span> <span class='ocrx_word' id='word_1_33' title='bbox 1264 596 1424 690; x_wconf 68' lang='lat' dir='ltr'>Sequens</span> <span class='ocrx_word' id='word_1_34' title='bbox 1450 623 1574 670; x_wconf 63' lang='lat' dir='ltr'>Venus</span> <span class='ocrx_word' id='word_1_35' title='bbox 1595 601 1759 692; x_wconf 62' lang='lat' dir='ltr'>congruit</span> <span class='ocrx_word' id='word_1_36' title='bbox 1781 624 1863 670; x_wconf 63' lang='lat' dir='ltr'>cum</span> <span class='ocrx_word' id='word_1_37' title='bbox 1884 604 2053 692; x_wconf 66' lang='lat' dir='ltr'>proxim</span> <span class='ocrx_word' id='word_1_38' title='bbox 2074 625 2144 674; x_wconf 60' lang='lat' dir='ltr'>gen.</span> 
     </span>
     <span class='ocr_line' id='line_1_5' title="bbox 220 687 2145 799; baseline 0.002 -27"><span class='ocrx_word' id='word_1_39' title='bbox 220 694 320 799; x_wconf 86' lang='lat' dir='ltr'>Opes</span> <span class='ocrx_word' id='word_1_40' title='bbox 353 707 386 769; x_wconf 81' lang='lat' dir='ltr'>et</span> <span class='ocrx_word' id='word_1_41' title='bbox 419 692 570 765; x_wconf 79' lang='lat' dir='ltr'>divitias</span> <span class='ocrx_word' id='word_1_42' title='bbox 597 691 636 762; x_wconf 82' lang='lat' dir='ltr'>ia</span> <span class='ocrx_word' id='word_1_43' title='bbox 661 687 881 766; x_wconf 78' lang='lat' dir='ltr'>domarius.</span> <span class='ocrx_word' id='word_1_44' title='bbox 931 693 1001 764; x_wconf 89' lang='lat' dir='ltr'>Hic</span> <span class='ocrx_word' id='word_1_45' title='bbox 1026 720 1109 786; x_wconf 90' lang='lat' dir='ltr'>pro·</span> <span class='ocrx_word' id='word_1_46' title='bbox 1159 698 1288 770; x_wconf 87' lang='lat' dir='ltr'>tentia:</span> <span class='ocrx_word' id='word_1_47' title='bbox 1314 694 1505 769; x_wconf 78' lang='lat' dir='ltr'><em>Exoritur</em></span> <span class='ocrx_word' id='word_1_48' title='bbox 1520 698 1558 772; x_wconf 84' lang='lat' dir='ltr'>in</span> <span class='ocrx_word' id='word_1_49' title='bbox 1575 700 1732 773; x_wconf 82' lang='lat' dir='ltr'>tenebris</span> <span class='ocrx_word' id='word_1_50' title='bbox 1748 699 1871 772; x_wconf 79' lang='lat' dir='ltr'>lumen</span> <span class='ocrx_word' id='word_1_51' title='bbox 1888 700 2018 790; x_wconf 77' lang='lat' dir='ltr'>ractr&#39;s,</span> <span class='ocrx_word' id='word_1_52' title='bbox 2041 704 2078 776; x_wconf 91' lang='lat' dir='ltr'>id</span> <span class='ocrx_word' id='word_1_53' title='bbox 2094 719 2145 790; x_wconf 79' lang='lat' dir='ltr'>cst,</span> 
     </span>
     <span class='ocr_line' id='line_1_6' title="bbox 120 793 2144 899; baseline 0 -24"><span class='ocrx_word' id='word_1_54' title='bbox 120 805 312 875; x_wconf 88' lang='lat' dir='ltr'>mittuntur</span> <span class='ocrx_word' id='word_1_55' title='bbox 333 797 486 892; x_wconf 89' lang='lat' dir='ltr'>hospitia</span> <span class='ocrx_word' id='word_1_56' title='bbox 509 812 543 868; x_wconf 91' lang='lat' dir='ltr'>et</span> <span class='ocrx_word' id='word_1_57' title='bbox 565 796 689 868; x_wconf 87' lang='lat' dir='ltr'>victus.</span> <span class='ocrx_word' id='word_1_58' title='bbox 732 793 826 883; x_wconf 83' lang='lat' dir='ltr'>Quia</span> <span class='ocrx_word' id='word_1_59' title='bbox 841 796 928 866; x_wconf 87' lang='lat' dir='ltr'>dicit</span> <span class='ocrx_word' id='word_1_60' title='bbox 943 797 982 864; x_wconf 92' lang='lat' dir='ltr'>in</span> <span class='ocrx_word' id='word_1_61' title='bbox 1000 801 1108 867; x_wconf 88' lang='lat' dir='ltr'>domo</span> <span class='ocrx_word' id='word_1_62' title='bbox 1160 799 1199 869; x_wconf 90' lang='lat' dir='ltr'>in</span> <span class='ocrx_word' id='word_1_63' title='bbox 1213 801 1411 873; x_wconf 74' lang='lat' dir='ltr'>calamitate</span> <span class='ocrx_word' id='word_1_64' title='bbox 1426 804 1632 891; x_wconf 88' lang='lat' dir='ltr'>consolatio,</span> <span class='ocrx_word' id='word_1_65' title='bbox 1654 804 1754 899; x_wconf 84' lang='lat' dir='ltr'>quasi</span> <span class='ocrx_word' id='word_1_66' title='bbox 1770 806 1879 877; x_wconf 89' lang='lat' dir='ltr'>dicat:</span> <span class='ocrx_word' id='word_1_67' title='bbox 1907 804 2041 877; x_wconf 88' lang='lat' dir='ltr'>Manet</span> <span class='ocrx_word' id='word_1_68' title='bbox 2054 830 2144 877; x_wconf 84' lang='lat' dir='ltr'>cansa</span> 
     </span>
     <span class='ocr_line' id='line_1_7' title="bbox 121 892 2146 997; baseline 0 -20"><span class='ocrx_word' id='word_1_69' title='bbox 121 909 218 992; x_wconf 85' lang='lat' dir='ltr'>eius,</span> <span class='ocrx_word' id='word_1_70' title='bbox 245 903 417 994; x_wconf 81' lang='lat' dir='ltr'>significat</span> <span class='ocrx_word' id='word_1_71' title='bbox 441 897 745 985; x_wconf 86' lang='lat' dir='ltr'>etiam-tuguriola</span> <span class='ocrx_word' id='word_1_72' title='bbox 763 912 796 966; x_wconf 93' lang='lat' dir='ltr'>et</span> <span class='ocrx_word' id='word_1_73' title='bbox 814 892 966 988; x_wconf 86' lang='lat' dir='ltr'>hospitia</span> <span class='ocrx_word' id='word_1_74' title='bbox 981 894 1107 970; x_wconf 84' lang='lat' dir='ltr'>Eccle·</span> <span class='ocrx_word' id='word_1_75' title='bbox 1161 925 1365 996; x_wconf 87' lang='lat' dir='ltr'>quanquam</span> <span class='ocrx_word' id='word_1_76' title='bbox 1387 904 1509 974; x_wconf 89' lang='lat' dir='ltr'>multis</span> <span class='ocrx_word' id='word_1_77' title='bbox 1530 921 1564 978; x_wconf 90' lang='lat' dir='ltr'>et</span> <span class='ocrx_word' id='word_1_78' title='bbox 1584 905 1722 997; x_wconf 81' lang='lat' dir='ltr'>magnis</span> <span class='ocrx_word' id='word_1_79' title='bbox 1741 900 1925 990; x_wconf 73' lang='lat' dir='ltr'><strong>hostibus,</strong></span> <span class='ocrx_word' id='word_1_80' title='bbox 1952 908 2106 978; x_wconf 90' lang='lat' dir='ltr'>diabolis</span> <span class='ocrx_word' id='word_1_81' title='bbox 2117 922 2146 979; x_wconf 87' lang='lat' dir='ltr'>ct</span> 
     </span>
     <span class='ocr_line' id='line_1_8' title="bbox 121 998 2144 1093; baseline 0 -13"><span class='ocrx_word' id='word_1_82' title='bbox 121 1010 192 1080; x_wconf 90' lang='lat' dir='ltr'>siae</span> <span class='ocrx_word' id='word_1_83' title='bbox 216 1006 338 1078; x_wconf 89' lang='lat' dir='ltr'>tribui.</span> <span class='ocrx_word' id='word_1_84' title='bbox 381 1000 462 1072; x_wconf 89' lang='lat' dir='ltr'>Huc</span> <span class='ocrx_word' id='word_1_85' title='bbox 484 1000 616 1068; x_wconf 82' lang='lat' dir='ltr'><strong>similes</strong></span> <span class='ocrx_word' id='word_1_86' title='bbox 632 998 883 1089; x_wconf 80' lang='lat' dir='ltr'>promissiones</span> <span class='ocrx_word' id='word_1_87' title='bbox 898 1000 1029 1070; x_wconf 86' lang='lat' dir='ltr'>multae</span> <span class='ocrx_word' id='word_1_88' title='bbox 1045 1003 1109 1071; x_wconf 92' lang='lat' dir='ltr'>ad·</span> <span class='ocrx_word' id='word_1_89' title='bbox 1161 1003 1304 1093; x_wconf 75' lang='lat' dir='ltr'>organis</span> <span class='ocrx_word' id='word_1_90' title='bbox 1317 1005 1453 1075; x_wconf 91' lang='lat' dir='ltr'>diaboli</span> <span class='ocrx_word' id='word_1_91' title='bbox 1467 1007 1752 1093; x_wconf 85' lang='lat' dir='ltr'>adversantibus,</span> <span class='ocrx_word' id='word_1_92' title='bbox 1778 1008 1911 1080; x_wconf 88' lang='lat' dir='ltr'>interea</span> <span class='ocrx_word' id='word_1_93' title='bbox 1930 1008 2144 1082; x_wconf 83' lang='lat' dir='ltr'>tamenDeut</span> 
     </span>
    </p>
   </div>
   <div class='ocr_carea' id='block_1_3' title="bbox 110 1080 2188 1205">
    <p class='ocr_par' dir='ltr' id='par_1_3' title="bbox 110 1080 2188 1205">
     <span class='ocr_line' id='line_1_9' title="bbox 110 1080 2188 1205; baseline 0.001 -23"><span class='ocrx_word' id='word_1_94' title='bbox 110 1101 276 1194; x_wconf 86' lang='lat' dir='ltr'>duntur,</span> <span class='ocrx_word' id='word_1_95' title='bbox 301 1119 343 1177; x_wconf 87' lang='lat' dir='ltr'>ut</span> <span class='ocrx_word' id='word_1_96' title='bbox 358 1100 576 1176; x_wconf 64' lang='lat' dir='ltr'>psalmos:</span> <span class='ocrx_word' id='word_1_97' title='bbox 603 1098 684 1169; x_wconf 88' lang='lat' dir='ltr'>Non</span> <span class='ocrx_word' id='word_1_98' title='bbox 699 1112 750 1169; x_wconf 88' lang='lat' dir='ltr'>est</span> <span class='ocrx_word' id='word_1_99' title='bbox 766 1098 885 1191; x_wconf 89' lang='lat' dir='ltr'>inopia</span> <span class='ocrx_word' id='word_1_100' title='bbox 901 1101 1110 1174; x_wconf 90' lang='lat' dir='ltr'>timentibus</span> <span class='ocrx_word' id='word_1_101' title='bbox 1161 1119 1354 1193; x_wconf 85' lang='lat' dir='ltr'>sustentat,</span> <span class='ocrx_word' id='word_1_102' title='bbox 1395 1109 1621 1198; x_wconf 88' lang='lat' dir='ltr'>consolatur,</span> <span class='ocrx_word' id='word_1_103' title='bbox 1657 1124 1693 1182; x_wconf 89' lang='lat' dir='ltr'>et</span> <span class='ocrx_word' id='word_1_104' title='bbox 1726 1111 1869 1183; x_wconf 89' lang='lat' dir='ltr'>tandem</span> <span class='ocrx_word' id='word_1_105' title='bbox 1898 1109 2033 1183; x_wconf 86' lang='lat' dir='ltr'>liberat</span> <span class='ocrx_word' id='word_1_106' title='bbox 2063 1107 2145 1183; x_wconf 86' lang='lat' dir='ltr'>huot</span> <span class='ocrx_word' id='word_1_107' title='bbox 2163 1080 2188 1205; x_wconf 64' lang='lat' dir='ltr'>l</span> 
     </span>
    </p>
   </div>
   <div class='ocr_carea' id='block_1_4' title="bbox 121 1200 1306 1298">
    <p class='ocr_par' dir='ltr' id='par_1_4' title="bbox 121 1200 1306 1298">
     <span class='ocr_line' id='line_1_10' title="bbox 121 1200 1306 1298; baseline -0.007 -16"><span class='ocrx_word' id='word_1_108' title='bbox 121 1238 222 1297; x_wconf 93' lang='lat' dir='ltr'>eum,</span> <span class='ocrx_word' id='word_1_109' title='bbox 253 1223 288 1280; x_wconf 91' lang='lat' dir='ltr'>et</span> <span class='ocrx_word' id='word_1_110' title='bbox 308 1200 582 1298; x_wconf 81' lang='lat' dir='ltr'>comprehensae</span> <span class='ocrx_word' id='word_1_111' title='bbox 606 1213 688 1270; x_wconf 90' lang='lat' dir='ltr'>sunt</span> <span class='ocrx_word' id='word_1_112' title='bbox 709 1225 833 1270; x_wconf 93' lang='lat' dir='ltr'>omnes</span> <span class='ocrx_word' id='word_1_113' title='bbox 855 1203 893 1270; x_wconf 93' lang='lat' dir='ltr'>in</span> <span class='ocrx_word' id='word_1_114' title='bbox 918 1204 1004 1287; x_wconf 90' lang='lat' dir='ltr'>ista,</span> <span class='ocrx_word' id='word_1_115' title='bbox 1028 1203 1111 1274; x_wconf 88' lang='lat' dir='ltr'>Pri·</span> <span class='ocrx_word' id='word_1_116' title='bbox 1161 1207 1306 1280; x_wconf 89' lang='lat' dir='ltr'>iustum.</span> 
     </span>
    </p>
   </div>
   <div class='ocr_carea' id='block_1_5' title="bbox 121 1301 2145 1405">
    <p class='ocr_par' dir='ltr' id='par_1_5' title="bbox 121 1301 2145 1405">
     <span class='ocr_line' id='line_1_11' title="bbox 121 1301 2145 1405; baseline 0.001 -22"><span class='ocrx_word' id='word_1_117' title='bbox 121 1339 222 1384; x_wconf 90' lang='lat' dir='ltr'>mum</span> <span class='ocrx_word' id='word_1_118' title='bbox 245 1308 405 1405; x_wconf 83' lang='lat' dir='ltr'>quaerite</span> <span class='ocrx_word' id='word_1_119' title='bbox 420 1328 567 1396; x_wconf 89' lang='lat' dir='ltr'>regnum</span> <span class='ocrx_word' id='word_1_120' title='bbox 586 1301 671 1384; x_wconf 85' lang='lat' dir='ltr'>Dei,</span> <span class='ocrx_word' id='word_1_121' title='bbox 697 1315 733 1373; x_wconf 92' lang='lat' dir='ltr'>et</span> <span class='ocrx_word' id='word_1_122' title='bbox 748 1316 881 1373; x_wconf 88' lang='lat' dir='ltr'>caetera</span> <span class='ocrx_word' id='word_1_123' title='bbox 897 1305 1111 1377; x_wconf 89' lang='lat' dir='ltr'>adiicientur</span> <span class='ocrx_word' id='word_1_124' title='bbox 1265 1304 1339 1377; x_wconf 91' lang='lat' dir='ltr'>lam</span> <span class='ocrx_word' id='word_1_125' title='bbox 1367 1304 1427 1380; x_wconf 91' lang='lat' dir='ltr'>hic</span> <span class='ocrx_word' id='word_1_126' title='bbox 1455 1309 1539 1381; x_wconf 91' lang='lat' dir='ltr'>sciri</span> <span class='ocrx_word' id='word_1_127' title='bbox 1563 1324 1703 1403; x_wconf 88' lang='lat' dir='ltr'>oportet</span> <span class='ocrx_word' id='word_1_128' title='bbox 1723 1311 1965 1383; x_wconf 88' lang='lat' dir='ltr'>universalem</span> <span class='ocrx_word' id='word_1_129' title='bbox 1984 1313 2145 1403; x_wconf 84' lang='lat' dir='ltr'>regulam.</span> 
     </span>
    </p>
   </div>
   <div class='ocr_carea' id='block_1_6' title="bbox 36 1404 2152 4141">
    <p class='ocr_par' dir='ltr' id='par_1_6' title="bbox 36 1404 2152 3531">
     <span class='ocr_line' id='line_1_12' title="bbox 119 1404 2145 1505; baseline -0.001 -20"><span class='ocrx_word' id='word_1_130' title='bbox 119 1416 236 1486; x_wconf 79' lang='lat' dir='ltr'>&#39;vobis</span> <span class='ocrx_word' id='word_1_131' title='bbox 289 1408 371 1480; x_wconf 85' lang='lat' dir='ltr'>Dixi</span> <span class='ocrx_word' id='word_1_132' title='bbox 395 1419 511 1478; x_wconf 87' lang='lat' dir='ltr'>autem</span> <span class='ocrx_word' id='word_1_133' title='bbox 534 1428 639 1497; x_wconf 88' lang='lat' dir='ltr'>supra</span> <span class='ocrx_word' id='word_1_134' title='bbox 657 1408 701 1474; x_wconf 91' lang='lat' dir='ltr'>de</span> <span class='ocrx_word' id='word_1_135' title='bbox 720 1404 1016 1498; x_wconf 83' lang='lat' dir='ltr'>promissionibus</span> <span class='ocrx_word' id='word_1_136' title='bbox 1031 1433 1110 1477; x_wconf 92' lang='lat' dir='ltr'>cor·</span> <span class='ocrx_word' id='word_1_137' title='bbox 1163 1408 1356 1480; x_wconf 77' lang='lat' dir='ltr'>Permissio</span> <span class='ocrx_word' id='word_1_138' title='bbox 1381 1412 1619 1502; x_wconf 78' lang='lat' dir='ltr'>corporalium</span> <span class='ocrx_word' id='word_1_139' title='bbox 1644 1415 1822 1485; x_wconf 90' lang='lat' dir='ltr'>bonorum</span> <span class='ocrx_word' id='word_1_140' title='bbox 1847 1417 1981 1486; x_wconf 89' lang='lat' dir='ltr'>tradita</span> <span class='ocrx_word' id='word_1_141' title='bbox 2004 1427 2145 1505; x_wconf 88' lang='lat' dir='ltr'>estpro-</span> 
     </span>
     <span class='ocr_line' id='line_1_13' title="bbox 123 1508 2146 1609; baseline 0 -23"><span class='ocrx_word' id='word_1_142' title='bbox 123 1515 300 1609; x_wconf 89' lang='lat' dir='ltr'>poralium</span> <span class='ocrx_word' id='word_1_143' title='bbox 328 1511 526 1592; x_wconf 90' lang='lat' dir='ltr'>bonorum,</span> <span class='ocrx_word' id='word_1_144' title='bbox 559 1529 699 1598; x_wconf 79' lang='lat' dir='ltr'>semper</span> <span class='ocrx_word' id='word_1_145' title='bbox 729 1521 822 1578; x_wconf 90' lang='lat' dir='ltr'>ratas</span> <span class='ocrx_word' id='word_1_146' title='bbox 846 1530 920 1576; x_wconf 88' lang='lat' dir='ltr'>esse</span> <span class='ocrx_word' id='word_1_147' title='bbox 942 1508 1111 1579; x_wconf 90' lang='lat' dir='ltr'>universo</span> <span class='ocrx_word' id='word_1_148' title='bbox 1164 1525 1242 1602; x_wconf 88' lang='lat' dir='ltr'>pter</span> <span class='ocrx_word' id='word_1_149' title='bbox 1259 1512 1531 1602; x_wconf 86' lang='lat' dir='ltr'>promissionem</span> <span class='ocrx_word' id='word_1_150' title='bbox 1547 1514 1679 1603; x_wconf 86' lang='lat' dir='ltr'>gratiae</span> <span class='ocrx_word' id='word_1_151' title='bbox 1695 1529 1730 1585; x_wconf 91' lang='lat' dir='ltr'>et</span> <span class='ocrx_word' id='word_1_152' title='bbox 1743 1528 1889 1607; x_wconf 90' lang='lat' dir='ltr'>propter</span> <span class='ocrx_word' id='word_1_153' title='bbox 1904 1515 2096 1603; x_wconf 79' lang='lat' dir='ltr'>Messium,</span> <span class='ocrx_word' id='word_1_154' title='bbox 2111 1530 2146 1588; x_wconf 64' lang='lat' dir='ltr'>xet</span> 
     </span>
     <span class='ocr_line' id='line_1_14' title="bbox 124 1603 2146 1709; baseline -0.001 -19"><span class='ocrx_word' id='word_1_155' title='bbox 124 1612 266 1697; x_wconf 85' lang='lat' dir='ltr'>coetui,</span> <span class='ocrx_word' id='word_1_156' title='bbox 287 1614 368 1709; x_wconf 91' lang='lat' dir='ltr'>quia</span> <span class='ocrx_word' id='word_1_157' title='bbox 384 1610 480 1681; x_wconf 89' lang='lat' dir='ltr'>Deus</span> <span class='ocrx_word' id='word_1_158' title='bbox 503 1608 581 1679; x_wconf 85' lang='lat' dir='ltr'>vult</span> <span class='ocrx_word' id='word_1_159' title='bbox 602 1607 642 1677; x_wconf 90' lang='lat' dir='ltr'>in</span> <span class='ocrx_word' id='word_1_160' title='bbox 659 1603 724 1677; x_wconf 89' lang='lat' dir='ltr'>hac</span> <span class='ocrx_word' id='word_1_161' title='bbox 741 1609 811 1678; x_wconf 85' lang='lat' dir='ltr'>vita</span> <span class='ocrx_word' id='word_1_162' title='bbox 829 1610 1029 1679; x_wconf 87' lang='lat' dir='ltr'>conservari</span> <span class='ocrx_word' id='word_1_163' title='bbox 1043 1610 1112 1680; x_wconf 89' lang='lat' dir='ltr'>Ec·</span> <span class='ocrx_word' id='word_1_164' title='bbox 1163 1636 1302 1704; x_wconf 91' lang='lat' dir='ltr'>semper</span> <span class='ocrx_word' id='word_1_165' title='bbox 1326 1615 1528 1703; x_wconf 82' lang='lat' dir='ltr'>praeluceat</span> <span class='ocrx_word' id='word_1_166' title='bbox 1549 1614 1654 1699; x_wconf 84' lang='lat' dir='ltr'>fides,</span> <span class='ocrx_word' id='word_1_167' title='bbox 1680 1640 1749 1709; x_wconf 90' lang='lat' dir='ltr'>qua</span> <span class='ocrx_word' id='word_1_168' title='bbox 1774 1630 1969 1688; x_wconf 86' lang='lat' dir='ltr'>statuamus</span> <span class='ocrx_word' id='word_1_169' title='bbox 1993 1641 2063 1688; x_wconf 89' lang='lat' dir='ltr'>nos</span> <span class='ocrx_word' id='word_1_170' title='bbox 2082 1617 2146 1709; x_wconf 81' lang='lat' dir='ltr'>pla·</span> 
     </span>
     <span class='ocr_line' id='line_1_15' title="bbox 124 1705 2147 1807; baseline -0.001 -16"><span class='ocrx_word' id='word_1_171' title='bbox 124 1720 279 1792; x_wconf 85' lang='lat' dir='ltr'>clesiam.</span> <span class='ocrx_word' id='word_1_172' title='bbox 332 1712 477 1785; x_wconf 88' lang='lat' dir='ltr'>Tribuit</span> <span class='ocrx_word' id='word_1_173' title='bbox 493 1710 601 1800; x_wconf 90' lang='lat' dir='ltr'>igitur</span> <span class='ocrx_word' id='word_1_174' title='bbox 615 1705 768 1801; x_wconf 90' lang='lat' dir='ltr'>hospitia</span> <span class='ocrx_word' id='word_1_175' title='bbox 784 1721 819 1779; x_wconf 88' lang='lat' dir='ltr'>et</span> <span class='ocrx_word' id='word_1_176' title='bbox 833 1711 982 1796; x_wconf 90' lang='lat' dir='ltr'>victum,</span> <span class='ocrx_word' id='word_1_177' title='bbox 1008 1726 1042 1782; x_wconf 93' lang='lat' dir='ltr'>et</span> <span class='ocrx_word' id='word_1_178' title='bbox 1059 1727 1109 1782; x_wconf 90' lang='lat' dir='ltr'>ta·</span> <span class='ocrx_word' id='word_1_179' title='bbox 1164 1738 1240 1783; x_wconf 90' lang='lat' dir='ltr'>cere</span> <span class='ocrx_word' id='word_1_180' title='bbox 1255 1710 1354 1797; x_wconf 91' lang='lat' dir='ltr'>Deo,</span> <span class='ocrx_word' id='word_1_181' title='bbox 1380 1729 1416 1785; x_wconf 91' lang='lat' dir='ltr'>et</span> <span class='ocrx_word' id='word_1_182' title='bbox 1429 1731 1574 1807; x_wconf 88' lang='lat' dir='ltr'>propter</span> <span class='ocrx_word' id='word_1_183' title='bbox 1587 1713 1720 1787; x_wconf 80' lang='lat' dir='ltr'>Filium</span> <span class='ocrx_word' id='word_1_184' title='bbox 1735 1718 1806 1788; x_wconf 89' lang='lat' dir='ltr'>Dei</span> <span class='ocrx_word' id='word_1_185' title='bbox 1819 1719 1931 1788; x_wconf 84' lang='lat' dir='ltr'>iustos</span> <span class='ocrx_word' id='word_1_186' title='bbox 1946 1743 2035 1789; x_wconf 78' lang='lat' dir='ltr'>esse.</span> <span class='ocrx_word' id='word_1_187' title='bbox 2085 1716 2147 1790; x_wconf 87' lang='lat' dir='ltr'>De-</span> 
     </span>
     <span class='ocr_line' id='line_1_16' title="bbox 124 1811 2150 1910; baseline 0 -19"><span class='ocrx_word' id='word_1_188' title='bbox 124 1845 208 1892; x_wconf 90' lang='lat' dir='ltr'>men</span> <span class='ocrx_word' id='word_1_189' title='bbox 232 1843 305 1887; x_wconf 93' lang='lat' dir='ltr'>non</span> <span class='ocrx_word' id='word_1_190' title='bbox 330 1814 455 1886; x_wconf 88' lang='lat' dir='ltr'>tribuit</span> <span class='ocrx_word' id='word_1_191' title='bbox 476 1813 598 1881; x_wconf 90' lang='lat' dir='ltr'>eodem</span> <span class='ocrx_word' id='word_1_192' title='bbox 621 1814 728 1881; x_wconf 91' lang='lat' dir='ltr'>modo</span> <span class='ocrx_word' id='word_1_193' title='bbox 744 1812 912 1901; x_wconf 91' lang='lat' dir='ltr'>singulis,</span> <span class='ocrx_word' id='word_1_194' title='bbox 938 1811 1021 1906; x_wconf 91' lang='lat' dir='ltr'>quia</span> <span class='ocrx_word' id='word_1_195' title='bbox 1035 1813 1112 1885; x_wconf 82' lang='lat' dir='ltr'>vult</span> <span class='ocrx_word' id='word_1_196' title='bbox 1164 1813 1249 1885; x_wconf 91' lang='lat' dir='ltr'>inde</span> <span class='ocrx_word' id='word_1_197' title='bbox 1281 1822 1441 1906; x_wconf 86' lang='lat' dir='ltr'>petamus</span> <span class='ocrx_word' id='word_1_198' title='bbox 1476 1830 1511 1888; x_wconf 84' lang='lat' dir='ltr'>et</span> <span class='ocrx_word' id='word_1_199' title='bbox 1536 1831 1758 1910; x_wconf 84' lang='lat' dir='ltr'>expectemus</span> <span class='ocrx_word' id='word_1_200' title='bbox 1785 1833 1920 1890; x_wconf 90' lang='lat' dir='ltr'>caetera</span> <span class='ocrx_word' id='word_1_201' title='bbox 1950 1821 2150 1905; x_wconf 86' lang='lat' dir='ltr'>necessaria,</span> 
     </span>
     <span class='ocr_line' id='line_1_17' title="bbox 127 1914 2149 2009; baseline -0 -15"><span class='ocrx_word' id='word_1_202' title='bbox 127 1946 192 1994; x_wconf 91' lang='lat' dir='ltr'>nos</span> <span class='ocrx_word' id='word_1_203' title='bbox 214 1921 309 1990; x_wconf 90' lang='lat' dir='ltr'>cruci</span> <span class='ocrx_word' id='word_1_204' title='bbox 332 1931 366 1987; x_wconf 87' lang='lat' dir='ltr'>et</span> <span class='ocrx_word' id='word_1_205' title='bbox 388 1914 610 2005; x_wconf 84' lang='lat' dir='ltr'>castigationi</span> <span class='ocrx_word' id='word_1_206' title='bbox 631 1914 807 1984; x_wconf 87' lang='lat' dir='ltr'>subiectos</span> <span class='ocrx_word' id='word_1_207' title='bbox 831 1938 923 1994; x_wconf 89' lang='lat' dir='ltr'>esse,</span> <span class='ocrx_word' id='word_1_208' title='bbox 950 1928 1111 2007; x_wconf 88' lang='lat' dir='ltr'>utsupra</span> <span class='ocrx_word' id='word_1_209' title='bbox 1165 1919 1225 1987; x_wconf 91' lang='lat' dir='ltr'>sed</span> <span class='ocrx_word' id='word_1_210' title='bbox 1248 1916 1297 1986; x_wconf 86' lang='lat' dir='ltr'>ita</span> <span class='ocrx_word' id='word_1_211' title='bbox 1315 1930 1355 1987; x_wconf 90' lang='lat' dir='ltr'>ut</span> <span class='ocrx_word' id='word_1_212' title='bbox 1368 1917 1475 1988; x_wconf 88' lang='lat' dir='ltr'>simul</span> <span class='ocrx_word' id='word_1_213' title='bbox 1490 1919 1603 2009; x_wconf 88' lang='lat' dir='ltr'>parati</span> <span class='ocrx_word' id='word_1_214' title='bbox 1618 1918 1729 1989; x_wconf 89' lang='lat' dir='ltr'>simus</span> <span class='ocrx_word' id='word_1_215' title='bbox 1743 1921 1787 1990; x_wconf 92' lang='lat' dir='ltr'>ad</span> <span class='ocrx_word' id='word_1_216' title='bbox 1804 1944 1965 2008; x_wconf 88' lang='lat' dir='ltr'>crucem,</span> <span class='ocrx_word' id='word_1_217' title='bbox 1989 1935 2149 1993; x_wconf 87' lang='lat' dir='ltr'>ettamen</span> 
     </span>
     <span class='ocr_line' id='line_1_18' title="bbox 126 2015 2151 2111; baseline -0.001 -15"><span class='ocrx_word' id='word_1_218' title='bbox 126 2026 344 2096; x_wconf 86' lang='lat' dir='ltr'>dictumest.</span> <span class='ocrx_word' id='word_1_219' title='bbox 395 2016 441 2087; x_wconf 87' lang='lat' dir='ltr'>Et</span> <span class='ocrx_word' id='word_1_220' title='bbox 462 2031 580 2087; x_wconf 88' lang='lat' dir='ltr'>tamen</span> <span class='ocrx_word' id='word_1_221' title='bbox 605 2015 738 2085; x_wconf 90' lang='lat' dir='ltr'>interea</span> <span class='ocrx_word' id='word_1_222' title='bbox 763 2039 902 2085; x_wconf 90' lang='lat' dir='ltr'>crucem</span> <span class='ocrx_word' id='word_1_223' title='bbox 926 2030 961 2087; x_wconf 90' lang='lat' dir='ltr'>et</span> <span class='ocrx_word' id='word_1_224' title='bbox 982 2040 1113 2109; x_wconf 90' lang='lat' dir='ltr'>poenas</span> <span class='ocrx_word' id='word_1_225' title='bbox 1164 2042 1240 2089; x_wconf 87' lang='lat' dir='ltr'>non</span> <span class='ocrx_word' id='word_1_226' title='bbox 1269 2019 1510 2091; x_wconf 88' lang='lat' dir='ltr'>ammittamus</span> <span class='ocrx_word' id='word_1_227' title='bbox 1533 2034 1710 2090; x_wconf 85' lang='lat' dir='ltr'>aeternam</span> <span class='ocrx_word' id='word_1_228' title='bbox 1735 2022 2038 2111; x_wconf 79' lang='lat' dir='ltr'>consolationem,</span> <span class='ocrx_word' id='word_1_229' title='bbox 2069 2023 2151 2094; x_wconf 89' lang='lat' dir='ltr'>sicut</span> 
     </span>
     <span class='ocr_line' id='line_1_19' title="bbox 125 2117 2150 2213; baseline 0 -17"><span class='ocrx_word' id='word_1_230' title='bbox 125 2129 297 2196; x_wconf 85' lang='lat' dir='ltr'>immensa</span> <span class='ocrx_word' id='word_1_231' title='bbox 318 2118 559 2190; x_wconf 86' lang='lat' dir='ltr'>misericordia</span> <span class='ocrx_word' id='word_1_232' title='bbox 575 2117 824 2187; x_wconf 87' lang='lat' dir='ltr'>invocantibus</span> <span class='ocrx_word' id='word_1_233' title='bbox 840 2118 997 2207; x_wconf 87' lang='lat' dir='ltr'>mitigat,</span> <span class='ocrx_word' id='word_1_234' title='bbox 1024 2120 1113 2188; x_wconf 91' lang='lat' dir='ltr'>sicut</span> <span class='ocrx_word' id='word_1_235' title='bbox 1165 2117 1405 2213; x_wconf 90' lang='lat' dir='ltr'>inquitHiob:</span> <span class='ocrx_word' id='word_1_236' title='bbox 1431 2117 1583 2192; x_wconf 83' lang='lat' dir='ltr'>Etiamsi</span> <span class='ocrx_word' id='word_1_237' title='bbox 1598 2122 1734 2193; x_wconf 88' lang='lat' dir='ltr'>occidet</span> <span class='ocrx_word' id='word_1_238' title='bbox 1751 2147 1819 2206; x_wconf 88' lang='lat' dir='ltr'>me,</span> <span class='ocrx_word' id='word_1_239' title='bbox 1839 2125 1992 2213; x_wconf 82' lang='lat' dir='ltr'>sperabo</span> <span class='ocrx_word' id='word_1_240' title='bbox 2009 2124 2049 2195; x_wconf 91' lang='lat' dir='ltr'>in</span> <span class='ocrx_word' id='word_1_241' title='bbox 2066 2147 2150 2199; x_wconf 86' lang='lat' dir='ltr'>eum.</span> 
     </span>
     <span class='ocr_line' id='line_1_20' title="bbox 126 2218 2152 2319; baseline 0 -22"><span class='ocrx_word' id='word_1_242' title='bbox 126 2226 328 2319; x_wconf 90' lang='lat' dir='ltr'>saepissime</span> <span class='ocrx_word' id='word_1_243' title='bbox 362 2221 509 2292; x_wconf 88' lang='lat' dir='ltr'>dicitur:</span> <span class='ocrx_word' id='word_1_244' title='bbox 568 2218 651 2289; x_wconf 90' lang='lat' dir='ltr'>Non</span> <span class='ocrx_word' id='word_1_245' title='bbox 687 2219 847 2291; x_wconf 86' lang='lat' dir='ltr'>accendit</span> <span class='ocrx_word' id='word_1_246' title='bbox 884 2232 995 2291; x_wconf 87' lang='lat' dir='ltr'>totam</span> <span class='ocrx_word' id='word_1_247' title='bbox 1023 2220 1112 2290; x_wconf 89' lang='lat' dir='ltr'>iram</span> <span class='ocrx_word' id='word_1_248' title='bbox 1164 2218 1283 2293; x_wconf 86' lang='lat' dir='ltr'>David</span> <span class='ocrx_word' id='word_1_249' title='bbox 1305 2246 1385 2292; x_wconf 88' lang='lat' dir='ltr'>cum</span> <span class='ocrx_word' id='word_1_250' title='bbox 1408 2223 1596 2313; x_wconf 86' lang='lat' dir='ltr'>expellitur</span> <span class='ocrx_word' id='word_1_251' title='bbox 1617 2223 1656 2293; x_wconf 89' lang='lat' dir='ltr'>in</span> <span class='ocrx_word' id='word_1_252' title='bbox 1673 2224 1818 2294; x_wconf 86' lang='lat' dir='ltr'>exilium</span> <span class='ocrx_word' id='word_1_253' title='bbox 1835 2225 1941 2314; x_wconf 88' lang='lat' dir='ltr'>erigit</span> <span class='ocrx_word' id='word_1_254' title='bbox 1956 2249 1994 2295; x_wconf 88' lang='lat' dir='ltr'>se</span> <span class='ocrx_word' id='word_1_255' title='bbox 2007 2224 2099 2312; x_wconf 84' lang='lat' dir='ltr'>fide,</span> <span class='ocrx_word' id='word_1_256' title='bbox 2121 2237 2152 2297; x_wconf 89' lang='lat' dir='ltr'>et</span> 
     </span>
     <span class='ocr_line' id='line_1_21' title="bbox 89 2311 2152 2419; baseline -0.001 -18"><span class='ocrx_word' id='word_1_257' title='bbox 89 2352 236 2402; x_wconf 66' lang='lat' dir='ltr'>suam.</span> <span class='ocrx_word' id='word_1_258' title='bbox 292 2324 397 2394; x_wconf 91' lang='lat' dir='ltr'>ltem:</span> <span class='ocrx_word' id='word_1_259' title='bbox 437 2320 707 2391; x_wconf 89' lang='lat' dir='ltr'>Misericordiae</span> <span class='ocrx_word' id='word_1_260' title='bbox 736 2317 883 2390; x_wconf 89' lang='lat' dir='ltr'>Domini</span> <span class='ocrx_word' id='word_1_261' title='bbox 912 2323 1008 2414; x_wconf 93' lang='lat' dir='ltr'>quod</span> <span class='ocrx_word' id='word_1_262' title='bbox 1039 2346 1114 2390; x_wconf 90' lang='lat' dir='ltr'>non</span> <span class='ocrx_word' id='word_1_263' title='bbox 1165 2322 1289 2393; x_wconf 85' lang='lat' dir='ltr'>statuit</span> <span class='ocrx_word' id='word_1_264' title='bbox 1311 2347 1349 2393; x_wconf 90' lang='lat' dir='ltr'>se</span> <span class='ocrx_word' id='word_1_265' title='bbox 1365 2311 1497 2394; x_wconf 88' lang='lat' dir='ltr'>habere</span> <span class='ocrx_word' id='word_1_266' title='bbox 1514 2325 1756 2396; x_wconf 86' lang='lat' dir='ltr'>remissionem</span> <span class='ocrx_word' id='word_1_267' title='bbox 1773 2340 1997 2416; x_wconf 89' lang='lat' dir='ltr'>peccatorum</span> <span class='ocrx_word' id='word_1_268' title='bbox 2015 2325 2152 2419; x_wconf 78' lang='lat' dir='ltr'>propter</span> 
     </span>
     <span class='ocr_line' id='line_1_22' title="bbox 128 2417 2150 2519; baseline -0.001 -17"><span class='ocrx_word' id='word_1_269' title='bbox 128 2428 303 2502; x_wconf 87' lang='lat' dir='ltr'>consumti</span> <span class='ocrx_word' id='word_1_270' title='bbox 331 2446 463 2497; x_wconf 88' lang='lat' dir='ltr'>sumus.</span> <span class='ocrx_word' id='word_1_271' title='bbox 520 2417 845 2492; x_wconf 87' lang='lat' dir='ltr'>ltemOseae11.:</span> <span class='ocrx_word' id='word_1_272' title='bbox 879 2420 960 2492; x_wconf 88' lang='lat' dir='ltr'>Non</span> <span class='ocrx_word' id='word_1_273' title='bbox 987 2424 1112 2493; x_wconf 83' lang='lat' dir='ltr'>faciam</span> <span class='ocrx_word' id='word_1_274' title='bbox 1167 2421 1415 2499; x_wconf 88' lang='lat' dir='ltr'>Mediatorem.</span> <span class='ocrx_word' id='word_1_275' title='bbox 1467 2421 1608 2496; x_wconf 87' lang='lat' dir='ltr'>Deinde</span> <span class='ocrx_word' id='word_1_276' title='bbox 1630 2427 1719 2519; x_wconf 88' lang='lat' dir='ltr'>petit</span> <span class='ocrx_word' id='word_1_277' title='bbox 1741 2439 1775 2496; x_wconf 89' lang='lat' dir='ltr'>et</span> <span class='ocrx_word' id='word_1_278' title='bbox 1797 2441 1958 2518; x_wconf 84' lang='lat' dir='ltr'>expectat</span> <span class='ocrx_word' id='word_1_279' title='bbox 1978 2428 2150 2501; x_wconf 88' lang='lat' dir='ltr'>reductio·</span> 
     </span>
     <span class='ocr_line' id='line_1_23' title="bbox 127 2521 2151 2620; baseline -0 -18"><span class='ocrx_word' id='word_1_280' title='bbox 127 2534 284 2602; x_wconf 88' lang='lat' dir='ltr'>surorem</span> <span class='ocrx_word' id='word_1_281' title='bbox 308 2528 381 2597; x_wconf 88' lang='lat' dir='ltr'>irae</span> <span class='ocrx_word' id='word_1_282' title='bbox 402 2548 520 2607; x_wconf 88' lang='lat' dir='ltr'>meae,</span> <span class='ocrx_word' id='word_1_283' title='bbox 545 2523 628 2616; x_wconf 92' lang='lat' dir='ltr'>quia</span> <span class='ocrx_word' id='word_1_284' title='bbox 655 2521 751 2592; x_wconf 88' lang='lat' dir='ltr'>Deus</span> <span class='ocrx_word' id='word_1_285' title='bbox 774 2545 837 2612; x_wconf 83' lang='lat' dir='ltr'>ego</span> <span class='ocrx_word' id='word_1_286' title='bbox 862 2547 957 2610; x_wconf 76' lang='lat' dir='ltr'>stom,</span> <span class='ocrx_word' id='word_1_287' title='bbox 983 2537 1018 2595; x_wconf 93' lang='lat' dir='ltr'>et</span> <span class='ocrx_word' id='word_1_288' title='bbox 1040 2549 1113 2594; x_wconf 93' lang='lat' dir='ltr'>non</span> <span class='ocrx_word' id='word_1_289' title='bbox 1168 2549 1271 2608; x_wconf 86' lang='lat' dir='ltr'>nem,</span> <span class='ocrx_word' id='word_1_290' title='bbox 1296 2539 1331 2596; x_wconf 85' lang='lat' dir='ltr'>et</span> <span class='ocrx_word' id='word_1_291' title='bbox 1352 2539 1469 2597; x_wconf 71' lang='lat' dir='ltr'>tanun</span> <span class='ocrx_word' id='word_1_292' title='bbox 1487 2541 1629 2618; x_wconf 88' lang='lat' dir='ltr'>paratus</span> <span class='ocrx_word' id='word_1_293' title='bbox 1645 2542 1697 2599; x_wconf 89' lang='lat' dir='ltr'>est</span> <span class='ocrx_word' id='word_1_294' title='bbox 1712 2531 1755 2598; x_wconf 90' lang='lat' dir='ltr'>ad</span> <span class='ocrx_word' id='word_1_295' title='bbox 1772 2553 1945 2620; x_wconf 89' lang='lat' dir='ltr'>poenam,</span> <span class='ocrx_word' id='word_1_296' title='bbox 1971 2554 2039 2602; x_wconf 88' lang='lat' dir='ltr'>nec</span> <span class='ocrx_word' id='word_1_297' title='bbox 2054 2530 2151 2601; x_wconf 88' lang='lat' dir='ltr'>amit·</span> 
     </span>
     <span class='ocr_line' id='line_1_24' title="bbox 128 2623 2149 2719; baseline -0 -15"><span class='ocrx_word' id='word_1_298' title='bbox 128 2630 259 2715; x_wconf 82' lang='lat' dir='ltr'>horno,</span> <span class='ocrx_word' id='word_1_299' title='bbox 294 2630 333 2697; x_wconf 92' lang='lat' dir='ltr'>in</span> <span class='ocrx_word' id='word_1_300' title='bbox 363 2627 481 2696; x_wconf 90' lang='lat' dir='ltr'>medio</span> <span class='ocrx_word' id='word_1_301' title='bbox 506 2624 559 2695; x_wconf 90' lang='lat' dir='ltr'>tui</span> <span class='ocrx_word' id='word_1_302' title='bbox 580 2637 729 2698; x_wconf 82' lang='lat' dir='ltr'>sauctus.</span> <span class='ocrx_word' id='word_1_303' title='bbox 797 2623 1040 2719; x_wconf 83' lang='lat' dir='ltr'>ldeoinquit,</span> <span class='ocrx_word' id='word_1_304' title='bbox 1080 2650 1116 2695; x_wconf 88' lang='lat' dir='ltr'>se</span> <span class='ocrx_word' id='word_1_305' title='bbox 1167 2628 1211 2699; x_wconf 91' lang='lat' dir='ltr'>tit</span> <span class='ocrx_word' id='word_1_306' title='bbox 1239 2627 1374 2697; x_wconf 89' lang='lat' dir='ltr'>interea</span> <span class='ocrx_word' id='word_1_307' title='bbox 1404 2643 1582 2700; x_wconf 87' lang='lat' dir='ltr'>aeternam</span> <span class='ocrx_word' id='word_1_308' title='bbox 1605 2629 1902 2715; x_wconf 88' lang='lat' dir='ltr'>consolationem,</span> <span class='ocrx_word' id='word_1_309' title='bbox 1936 2631 2004 2704; x_wconf 90' lang='lat' dir='ltr'>scit</span> <span class='ocrx_word' id='word_1_310' title='bbox 2023 2629 2099 2704; x_wconf 90' lang='lat' dir='ltr'>Deo</span> <span class='ocrx_word' id='word_1_311' title='bbox 2119 2652 2149 2700; x_wconf 85' lang='lat' dir='ltr'>se</span> 
     </span>
     <span class='ocr_line' id='line_1_25' title="bbox 130 2723 2150 2819; baseline -0.002 -14"><span class='ocrx_word' id='word_1_312' title='bbox 130 2760 204 2805; x_wconf 93' lang='lat' dir='ltr'>nnn</span> <span class='ocrx_word' id='word_1_313' title='bbox 222 2731 405 2802; x_wconf 85' lang='lat' dir='ltr'>effundere</span> <span class='ocrx_word' id='word_1_314' title='bbox 421 2740 531 2798; x_wconf 90' lang='lat' dir='ltr'>totam</span> <span class='ocrx_word' id='word_1_315' title='bbox 548 2725 637 2803; x_wconf 88' lang='lat' dir='ltr'>iram</span> <span class='ocrx_word' id='word_1_316' title='bbox 654 2727 738 2819; x_wconf 90' lang='lat' dir='ltr'>quia</span> <span class='ocrx_word' id='word_1_317' title='bbox 755 2726 799 2796; x_wconf 89' lang='lat' dir='ltr'>sit</span> <span class='ocrx_word' id='word_1_318' title='bbox 815 2723 921 2798; x_wconf 87' lang='lat' dir='ltr'>Dens.</span> <span class='ocrx_word' id='word_1_319' title='bbox 972 2725 1041 2797; x_wconf 90' lang='lat' dir='ltr'>Hic</span> <span class='ocrx_word' id='word_1_320' title='bbox 1058 2727 1115 2796; x_wconf 90' lang='lat' dir='ltr'>in·</span> <span class='ocrx_word' id='word_1_321' title='bbox 1167 2729 1297 2799; x_wconf 91' lang='lat' dir='ltr'>debere</span> <span class='ocrx_word' id='word_1_322' title='bbox 1324 2724 1420 2799; x_wconf 89' lang='lat' dir='ltr'>hunc</span> <span class='ocrx_word' id='word_1_323' title='bbox 1449 2724 1622 2800; x_wconf 89' lang='lat' dir='ltr'>bonorem</span> <span class='ocrx_word' id='word_1_324' title='bbox 1650 2745 1684 2802; x_wconf 87' lang='lat' dir='ltr'>et</span> <span class='ocrx_word' id='word_1_325' title='bbox 1709 2727 1805 2802; x_wconf 86' lang='lat' dir='ltr'>bunc</span> <span class='ocrx_word' id='word_1_326' title='bbox 1827 2733 1986 2818; x_wconf 90' lang='lat' dir='ltr'>cultum,</span> <span class='ocrx_word' id='word_1_327' title='bbox 2019 2733 2150 2804; x_wconf 86' lang='lat' dir='ltr'>credam</span> 
     </span>
     <span class='ocr_line' id='line_1_26' title="bbox 36 2827 2148 2926; baseline -0.003 -18"><span class='ocrx_word' id='word_1_328' title='bbox 36 2848 38 2853; x_wconf 85' lang='lat'>&#39;</span> <span class='ocrx_word' id='word_1_329' title='bbox 129 2836 266 2926; x_wconf 90' lang='lat' dir='ltr'>telligas</span> <span class='ocrx_word' id='word_1_330' title='bbox 285 2830 489 2923; x_wconf 86' lang='lat' dir='ltr'>dupliciter,</span> <span class='ocrx_word' id='word_1_331' title='bbox 516 2830 563 2898; x_wconf 91' lang='lat' dir='ltr'>de</span> <span class='ocrx_word' id='word_1_332' title='bbox 584 2827 830 2917; x_wconf 83' lang='lat' dir='ltr'>magnitudine</span> <span class='ocrx_word' id='word_1_333' title='bbox 849 2829 922 2899; x_wconf 90' lang='lat' dir='ltr'>irae</span> <span class='ocrx_word' id='word_1_334' title='bbox 939 2841 973 2898; x_wconf 90' lang='lat' dir='ltr'>et</span> <span class='ocrx_word' id='word_1_335' title='bbox 988 2831 1033 2898; x_wconf 92' lang='lat' dir='ltr'>de</span> <span class='ocrx_word' id='word_1_336' title='bbox 1047 2829 1115 2898; x_wconf 90' lang='lat' dir='ltr'>mi·</span> <span class='ocrx_word' id='word_1_337' title='bbox 1168 2829 1396 2922; x_wconf 87' lang='lat' dir='ltr'>promissioni</span> <span class='ocrx_word' id='word_1_338' title='bbox 1420 2831 1571 2920; x_wconf 88' lang='lat' dir='ltr'>gratiae,</span> <span class='ocrx_word' id='word_1_339' title='bbox 1601 2832 1666 2902; x_wconf 92' lang='lat' dir='ltr'>scit</span> <span class='ocrx_word' id='word_1_340' title='bbox 1688 2831 1854 2901; x_wconf 85' lang='lat' dir='ltr'>Messiam</span> <span class='ocrx_word' id='word_1_341' title='bbox 1878 2834 1955 2902; x_wconf 89' lang='lat' dir='ltr'>non</span> <span class='ocrx_word' id='word_1_342' title='bbox 1977 2857 2055 2904; x_wconf 89' lang='lat' dir='ltr'>esse</span> <span class='ocrx_word' id='word_1_343' title='bbox 2073 2855 2148 2903; x_wconf 89' lang='lat' dir='ltr'>con·</span> 
     </span>
     <span class='ocr_line' id='line_1_27' title="bbox 130 2929 2145 3025; baseline -0.004 -14"><span class='ocrx_word' id='word_1_344' title='bbox 130 2935 342 3019; x_wconf 85' lang='lat' dir='ltr'>sericordia,</span> <span class='ocrx_word' id='word_1_345' title='bbox 373 2929 470 3002; x_wconf 92' lang='lat' dir='ltr'>Deus</span> <span class='ocrx_word' id='word_1_346' title='bbox 489 2954 563 3000; x_wconf 91' lang='lat' dir='ltr'>nnn</span> <span class='ocrx_word' id='word_1_347' title='bbox 588 2929 740 2999; x_wconf 86' lang='lat' dir='ltr'>effundit</span> <span class='ocrx_word' id='word_1_348' title='bbox 764 2943 874 3000; x_wconf 87' lang='lat' dir='ltr'>totam</span> <span class='ocrx_word' id='word_1_349' title='bbox 896 2932 1005 3015; x_wconf 90' lang='lat' dir='ltr'>iram,</span> <span class='ocrx_word' id='word_1_350' title='bbox 1032 2932 1116 3025; x_wconf 87' lang='lat' dir='ltr'>qnia</span> <span class='ocrx_word' id='word_1_351' title='bbox 1168 2931 1317 3004; x_wconf 87' lang='lat' dir='ltr'>tumelia</span> <span class='ocrx_word' id='word_1_352' title='bbox 1336 2932 1582 3014; x_wconf 82' lang='lat' dir='ltr'>alliciendum,</span> <span class='ocrx_word' id='word_1_353' title='bbox 1608 2934 1668 3003; x_wconf 90' lang='lat' dir='ltr'>sed</span> <span class='ocrx_word' id='word_1_354' title='bbox 1693 2933 1929 3024; x_wconf 89' lang='lat' dir='ltr'>potentiorem</span> <span class='ocrx_word' id='word_1_355' title='bbox 1955 2957 2033 3005; x_wconf 86' lang='lat' dir='ltr'>asse</span> <span class='ocrx_word' id='word_1_356' title='bbox 2051 2955 2145 3024; x_wconf 86' lang='lat' dir='ltr'>regno</span> 
     </span>
     <span class='ocr_line' id='line_1_28' title="bbox 131 3029 2148 3126; baseline -0.004 -15"><span class='ocrx_word' id='word_1_357' title='bbox 131 3038 238 3111; x_wconf 89' lang='lat' dir='ltr'>nimis</span> <span class='ocrx_word' id='word_1_358' title='bbox 252 3059 378 3125; x_wconf 91' lang='lat' dir='ltr'>magna</span> <span class='ocrx_word' id='word_1_359' title='bbox 393 3045 454 3120; x_wconf 88' lang='lat' dir='ltr'>est,</span> <span class='ocrx_word' id='word_1_360' title='bbox 477 3032 573 3102; x_wconf 88' lang='lat' dir='ltr'>iuxta</span> <span class='ocrx_word' id='word_1_361' title='bbox 589 3032 695 3101; x_wconf 90' lang='lat' dir='ltr'>illud:</span> <span class='ocrx_word' id='word_1_362' title='bbox 723 3029 763 3102; x_wconf 90' lang='lat' dir='ltr'>Si</span> <span class='ocrx_word' id='word_1_363' title='bbox 779 3032 985 3125; x_wconf 90' lang='lat' dir='ltr'>iniquitates</span> <span class='ocrx_word' id='word_1_364' title='bbox 995 3034 1117 3102; x_wconf 87' lang='lat' dir='ltr'>obser·</span> <span class='ocrx_word' id='word_1_365' title='bbox 1170 3033 1303 3125; x_wconf 89' lang='lat' dir='ltr'>peccati</span> <span class='ocrx_word' id='word_1_366' title='bbox 1334 3046 1369 3104; x_wconf 89' lang='lat' dir='ltr'>et</span> <span class='ocrx_word' id='word_1_367' title='bbox 1397 3034 1543 3119; x_wconf 91' lang='lat' dir='ltr'>mortis,</span> <span class='ocrx_word' id='word_1_368' title='bbox 1576 3034 1672 3106; x_wconf 86' lang='lat' dir='ltr'>iuxta</span> <span class='ocrx_word' id='word_1_369' title='bbox 1696 3035 1804 3104; x_wconf 88' lang='lat' dir='ltr'>illud:</span> <span class='ocrx_word' id='word_1_370' title='bbox 1840 3031 2028 3108; x_wconf 80' lang='lat' dir='ltr'>Exuberat</span> <span class='ocrx_word' id='word_1_371' title='bbox 2049 3032 2148 3126; x_wconf 85' lang='lat' dir='ltr'>gratia</span> 
     </span>
     <span class='ocr_line' id='line_1_29' title="bbox 58 3130 2149 3228; baseline -0.005 -14"><span class='ocrx_word' id='word_1_372' title='bbox 58 3154 65 3174; x_wconf 65' lang='lat'>⁸</span> <span class='ocrx_word' id='word_1_373' title='bbox 130 3139 269 3214; x_wconf 82' lang='lat' dir='ltr'>voveris</span> <span class='ocrx_word' id='word_1_374' title='bbox 289 3136 464 3224; x_wconf 91' lang='lat' dir='ltr'>Domine,</span> <span class='ocrx_word' id='word_1_375' title='bbox 497 3130 652 3204; x_wconf 89' lang='lat' dir='ltr'>Domine</span> <span class='ocrx_word' id='word_1_376' title='bbox 680 3133 760 3226; x_wconf 91' lang='lat' dir='ltr'>quis</span> <span class='ocrx_word' id='word_1_377' title='bbox 790 3133 1002 3204; x_wconf 79' lang='lat' dir='ltr'>sustinebit?</span> <span class='ocrx_word' id='word_1_378' title='bbox 1052 3131 1117 3204; x_wconf 86' lang='lat' dir='ltr'>Se·</span> <span class='ocrx_word' id='word_1_379' title='bbox 1169 3153 1274 3226; x_wconf 85' lang='lat' dir='ltr'>supra</span> <span class='ocrx_word' id='word_1_380' title='bbox 1296 3131 1514 3225; x_wconf 78' lang='lat' dir='ltr'>peccatum.‘</span> <span class='ocrx_word' id='word_1_381' title='bbox 1540 3133 1618 3207; x_wconf 90' lang='lat' dir='ltr'>Hoc</span> <span class='ocrx_word' id='word_1_382' title='bbox 1641 3139 1749 3206; x_wconf 90' lang='lat' dir='ltr'>modo</span> <span class='ocrx_word' id='word_1_383' title='bbox 1773 3149 1808 3206; x_wconf 89' lang='lat' dir='ltr'>et</span> <span class='ocrx_word' id='word_1_384' title='bbox 1832 3134 1973 3205; x_wconf 88' lang='lat' dir='ltr'>iusticia</span> <span class='ocrx_word' id='word_1_385' title='bbox 1989 3154 2149 3228; x_wconf 86' lang='lat' dir='ltr'>personae</span> 
     </span>
     <span class='ocr_line' id='line_1_30' title="bbox 131 3234 2147 3325; baseline -0.005 -9"><span class='ocrx_word' id='word_1_386' title='bbox 131 3245 250 3317; x_wconf 89' lang='lat' dir='ltr'>cundo</span> <span class='ocrx_word' id='word_1_387' title='bbox 278 3237 527 3310; x_wconf 88' lang='lat' dir='ltr'>universaliter</span> <span class='ocrx_word' id='word_1_388' title='bbox 555 3235 711 3325; x_wconf 88' lang='lat' dir='ltr'>primum</span> <span class='ocrx_word' id='word_1_389' title='bbox 736 3235 898 3305; x_wconf 89' lang='lat' dir='ltr'>irascitur</span> <span class='ocrx_word' id='word_1_390' title='bbox 922 3234 1018 3306; x_wconf 89' lang='lat' dir='ltr'>Dens</span> <span class='ocrx_word' id='word_1_391' title='bbox 1042 3258 1117 3304; x_wconf 89' lang='lat' dir='ltr'>nnn</span> <span class='ocrx_word' id='word_1_392' title='bbox 1169 3249 1288 3307; x_wconf 86' lang='lat' dir='ltr'>manet</span> <span class='ocrx_word' id='word_1_393' title='bbox 1315 3235 1353 3304; x_wconf 88' lang='lat' dir='ltr'>in</span> <span class='ocrx_word' id='word_1_394' title='bbox 1375 3250 1558 3307; x_wconf 89' lang='lat' dir='ltr'>aeternum</span> <span class='ocrx_word' id='word_1_395' title='bbox 1581 3260 1700 3307; x_wconf 87' lang='lat' dir='ltr'>coram</span> <span class='ocrx_word' id='word_1_396' title='bbox 1725 3234 1822 3322; x_wconf 87' lang='lat' dir='ltr'>Deo,</span> <span class='ocrx_word' id='word_1_397' title='bbox 1855 3237 2027 3309; x_wconf 87' lang='lat' dir='ltr'>videlicet</span> <span class='ocrx_word' id='word_1_398' title='bbox 2048 3247 2147 3309; x_wconf 85' lang='lat' dir='ltr'>stante</span> 
     </span>
     <span class='ocr_line' id='line_1_31' title="bbox 129 3331 2148 3436; baseline -0.006 -18"><span class='ocrx_word' id='word_1_399' title='bbox 129 3360 172 3418; x_wconf 90' lang='lat' dir='ltr'>ut</span> <span class='ocrx_word' id='word_1_400' title='bbox 194 3335 334 3436; x_wconf 77' lang='lat' dir='ltr'>perdat:</span> <span class='ocrx_word' id='word_1_401' title='bbox 368 3341 427 3408; x_wconf 90' lang='lat' dir='ltr'>sed</span> <span class='ocrx_word' id='word_1_402' title='bbox 450 3351 490 3407; x_wconf 88' lang='lat' dir='ltr'>ut</span> <span class='ocrx_word' id='word_1_403' title='bbox 512 3331 667 3406; x_wconf 88' lang='lat' dir='ltr'>retrabat</span> <span class='ocrx_word' id='word_1_404' title='bbox 691 3359 757 3404; x_wconf 91' lang='lat' dir='ltr'>nos</span> <span class='ocrx_word' id='word_1_405' title='bbox 780 3338 822 3404; x_wconf 92' lang='lat' dir='ltr'>ad</span> <span class='ocrx_word' id='word_1_406' title='bbox 850 3336 1119 3429; x_wconf 89' lang='lat' dir='ltr'>poenitentiam,</span> <span class='ocrx_word' id='word_1_407' title='bbox 1170 3335 1263 3406; x_wconf 83' lang='lat' dir='ltr'>Filio</span> <span class='ocrx_word' id='word_1_408' title='bbox 1274 3334 1341 3406; x_wconf 91' lang='lat' dir='ltr'>Dei</span> <span class='ocrx_word' id='word_1_409' title='bbox 1356 3361 1474 3408; x_wconf 90' lang='lat' dir='ltr'>coram</span> <span class='ocrx_word' id='word_1_410' title='bbox 1488 3354 1631 3410; x_wconf 87' lang='lat' dir='ltr'>aeterno</span> <span class='ocrx_word' id='word_1_411' title='bbox 1647 3351 1765 3432; x_wconf 90' lang='lat' dir='ltr'>patre,</span> <span class='ocrx_word' id='word_1_412' title='bbox 1791 3352 1825 3410; x_wconf 89' lang='lat' dir='ltr'>et</span> <span class='ocrx_word' id='word_1_413' title='bbox 1841 3361 1909 3429; x_wconf 91' lang='lat' dir='ltr'>pro</span> <span class='ocrx_word' id='word_1_414' title='bbox 1926 3339 2037 3410; x_wconf 88' lang='lat' dir='ltr'>nobis</span> <span class='ocrx_word' id='word_1_415' title='bbox 2051 3338 2148 3410; x_wconf 86' lang='lat' dir='ltr'>inter·</span> 
     </span>
     <span class='ocr_line' id='line_1_32' title="bbox 132 3436 2046 3531; baseline -0.005 -14"><span class='ocrx_word' id='word_1_416' title='bbox 132 3449 228 3517; x_wconf 86' lang='lat' dir='ltr'>iuxta</span> <span class='ocrx_word' id='word_1_417' title='bbox 252 3444 359 3512; x_wconf 91' lang='lat' dir='ltr'>illud:</span> <span class='ocrx_word' id='word_1_418' title='bbox 396 3438 494 3507; x_wconf 91' lang='lat' dir='ltr'>Vivo</span> <span class='ocrx_word' id='word_1_419' title='bbox 512 3461 594 3528; x_wconf 83' lang='lat' dir='ltr'>rgo,</span> <span class='ocrx_word' id='word_1_420' title='bbox 634 3438 718 3505; x_wconf 93' lang='lat' dir='ltr'>nolo</span> <span class='ocrx_word' id='word_1_421' title='bbox 741 3452 890 3509; x_wconf 88' lang='lat' dir='ltr'>mortem</span> <span class='ocrx_word' id='word_1_422' title='bbox 914 3439 1117 3530; x_wconf 88' lang='lat' dir='ltr'>peccatoris.</span> <span class='ocrx_word' id='word_1_423' title='bbox 1169 3436 1334 3531; x_wconf 88' lang='lat' dir='ltr'>pellante.</span> <span class='ocrx_word' id='word_1_424' title='bbox 2040 3455 2046 3474; x_wconf 79' lang='grc'><em>·</em></span> 
     </span>
    </p>

    <p class='ocr_par' dir='ltr' id='par_1_7' title="bbox 133 3535 2150 4141">
     <span class='ocr_line' id='line_1_33' title="bbox 133 3535 2149 3630; baseline -0.005 -13"><span class='ocrx_word' id='word_1_425' title='bbox 133 3548 202 3621; x_wconf 86' lang='lat' dir='ltr'>Sed</span> <span class='ocrx_word' id='word_1_426' title='bbox 218 3543 326 3614; x_wconf 90' lang='lat' dir='ltr'>homo</span> <span class='ocrx_word' id='word_1_427' title='bbox 342 3541 506 3630; x_wconf 75' lang='lat' dir='ltr'>irascitur</span> <span class='ocrx_word' id='word_1_428' title='bbox 521 3539 644 3609; x_wconf 90' lang='lat' dir='ltr'>dolore</span> <span class='ocrx_word' id='word_1_429' title='bbox 658 3537 836 3609; x_wconf 87' lang='lat' dir='ltr'>vindictae</span> <span class='ocrx_word' id='word_1_430' title='bbox 850 3554 915 3614; x_wconf 90' lang='lat' dir='ltr'>etc.</span> <span class='ocrx_word' id='word_1_431' title='bbox 965 3535 1118 3610; x_wconf 88' lang='lat' dir='ltr'>Hasne-</span> <span class='ocrx_word' id='word_1_432' title='bbox 1273 3537 1376 3610; x_wconf 87' lang='lat' dir='ltr'>Hanc</span> <span class='ocrx_word' id='word_1_433' title='bbox 1396 3554 1574 3612; x_wconf 87' lang='lat' dir='ltr'>aeternam</span> <span class='ocrx_word' id='word_1_434' title='bbox 1596 3540 1773 3612; x_wconf 83' lang='lat' dir='ltr'>iusticiam</span> <span class='ocrx_word' id='word_1_435' title='bbox 1793 3539 1900 3612; x_wconf 88' lang='lat' dir='ltr'>etiam</span> <span class='ocrx_word' id='word_1_436' title='bbox 1923 3535 1985 3610; x_wconf 92' lang='lat' dir='ltr'>hic</span> <span class='ocrx_word' id='word_1_437' title='bbox 2004 3538 2149 3630; x_wconf 81' lang='lat' dir='ltr'>comple·</span> 
     </span>
     <span class='ocr_line' id='line_1_34' title="bbox 133 3639 2148 3736; baseline -0.005 -17"><span class='ocrx_word' id='word_1_438' title='bbox 133 3647 298 3719; x_wconf 86' lang='lat' dir='ltr'>cessarias</span> <span class='ocrx_word' id='word_1_439' title='bbox 315 3641 573 3713; x_wconf 89' lang='lat' dir='ltr'>consolationes</span> <span class='ocrx_word' id='word_1_440' title='bbox 588 3662 689 3731; x_wconf 86' lang='lat' dir='ltr'>saepe</span> <span class='ocrx_word' id='word_1_441' title='bbox 704 3639 912 3730; x_wconf 88' lang='lat' dir='ltr'>cogitemus,</span> <span class='ocrx_word' id='word_1_442' title='bbox 939 3654 973 3712; x_wconf 85' lang='lat' dir='ltr'>et</span> <span class='ocrx_word' id='word_1_443' title='bbox 988 3642 1026 3711; x_wconf 91' lang='lat' dir='ltr'>in</span> <span class='ocrx_word' id='word_1_444' title='bbox 1043 3643 1118 3733; x_wconf 91' lang='lat' dir='ltr'>ipsa</span> <span class='ocrx_word' id='word_1_445' title='bbox 1171 3642 1278 3714; x_wconf 92' lang='lat' dir='ltr'>ctitur</span> <span class='ocrx_word' id='word_1_446' title='bbox 1294 3640 1468 3713; x_wconf 88' lang='lat' dir='ltr'>Psalmus.</span> <span class='ocrx_word' id='word_1_447' title='bbox 1515 3641 1610 3732; x_wconf 87' lang='lat' dir='ltr'>Quia</span> <span class='ocrx_word' id='word_1_448' title='bbox 1626 3666 1829 3735; x_wconf 87' lang='lat' dir='ltr'>quanquam</span> <span class='ocrx_word' id='word_1_449' title='bbox 1846 3643 1885 3710; x_wconf 93' lang='lat' dir='ltr'>in</span> <span class='ocrx_word' id='word_1_450' title='bbox 1901 3640 2051 3733; x_wconf 92' lang='lat' dir='ltr'>politico</span> <span class='ocrx_word' id='word_1_451' title='bbox 2061 3639 2148 3736; x_wconf 79' lang='lat' dir='ltr'>tegi·</span> 
     </span>
     <span class='ocr_line' id='line_1_35' title="bbox 134 3740 2148 3834; baseline -0.005 -13"><span class='ocrx_word' id='word_1_452' title='bbox 134 3745 419 3821; x_wconf 89' lang='lat' dir='ltr'>consideratione</span> <span class='ocrx_word' id='word_1_453' title='bbox 447 3743 669 3812; x_wconf 84' lang='lat' dir='ltr'>miseriarum</span> <span class='ocrx_word' id='word_1_454' title='bbox 705 3764 935 3831; x_wconf 84' lang='lat' dir='ltr'>agnoscamus</span> <span class='ocrx_word' id='word_1_455' title='bbox 966 3744 1119 3812; x_wconf 84' lang='lat' dir='ltr'>immen-</span> <span class='ocrx_word' id='word_1_456' title='bbox 1171 3742 1268 3813; x_wconf 87' lang='lat' dir='ltr'>mine</span> <span class='ocrx_word' id='word_1_457' title='bbox 1282 3743 1390 3815; x_wconf 90' lang='lat' dir='ltr'>etiam</span> <span class='ocrx_word' id='word_1_458' title='bbox 1403 3741 1623 3814; x_wconf 89' lang='lat' dir='ltr'>servatDeus</span> <span class='ocrx_word' id='word_1_459' title='bbox 1637 3744 1804 3834; x_wconf 83' lang='lat' dir='ltr'>regulam,</span> <span class='ocrx_word' id='word_1_460' title='bbox 1821 3740 1872 3816; x_wconf 76' lang='lat' dir='ltr'>¹ut</span> <span class='ocrx_word' id='word_1_461' title='bbox 1883 3742 2019 3814; x_wconf 87' lang='lat' dir='ltr'>atrocia</span> <span class='ocrx_word' id='word_1_462' title='bbox 2029 3743 2148 3813; x_wconf 84' lang='lat' dir='ltr'>scelera</span> 
     </span>
     <span class='ocr_line' id='line_1_36' title="bbox 133 3837 2148 3938; baseline -0.006 -14"><span class='ocrx_word' id='word_1_463' title='bbox 133 3837 206 3925; x_wconf 79' lang='lat' dir='ltr'>sani</span> <span class='ocrx_word' id='word_1_464' title='bbox 222 3845 501 3922; x_wconf 89' lang='lat' dir='ltr'>misericordiam</span> <span class='ocrx_word' id='word_1_465' title='bbox 514 3844 598 3928; x_wconf 89' lang='lat' dir='ltr'>Dei,</span> <span class='ocrx_word' id='word_1_466' title='bbox 625 3858 659 3914; x_wconf 89' lang='lat' dir='ltr'>et</span> <span class='ocrx_word' id='word_1_467' title='bbox 674 3842 706 3912; x_wconf 91' lang='lat' dir='ltr'>ei</span> <span class='ocrx_word' id='word_1_468' title='bbox 721 3846 850 3934; x_wconf 84' lang='lat' dir='ltr'>gratias</span> <span class='ocrx_word' id='word_1_469' title='bbox 865 3868 1008 3933; x_wconf 88' lang='lat' dir='ltr'>agamus</span> <span class='ocrx_word' id='word_1_470' title='bbox 1023 3847 1117 3938; x_wconf 91' lang='lat' dir='ltr'>quod</span> <span class='ocrx_word' id='word_1_471' title='bbox 1172 3844 1298 3937; x_wconf 89' lang='lat' dir='ltr'>puniat</span> <span class='ocrx_word' id='word_1_472' title='bbox 1313 3846 1492 3917; x_wconf 84' lang='lat' dir='ltr'>atrocibus</span> <span class='ocrx_word' id='word_1_473' title='bbox 1505 3846 1630 3937; x_wconf 90' lang='lat' dir='ltr'>poenis</span> <span class='ocrx_word' id='word_1_474' title='bbox 1643 3846 1681 3914; x_wconf 95' lang='lat' dir='ltr'>in</span> <span class='ocrx_word' id='word_1_475' title='bbox 1696 3841 1855 3931; x_wconf 77' lang='lat' dir='ltr'>haesita,</span> <span class='ocrx_word' id='word_1_476' title='bbox 1880 3860 1913 3916; x_wconf 90' lang='lat' dir='ltr'>et</span> <span class='ocrx_word' id='word_1_477' title='bbox 1924 3847 2069 3914; x_wconf 88' lang='lat' dir='ltr'>tandem</span> <span class='ocrx_word' id='word_1_478' title='bbox 2079 3841 2148 3912; x_wconf 85' lang='lat' dir='ltr'>vin·</span> 
     </span>
     <span class='ocr_line' id='line_1_37' title="bbox 133 3944 2150 4041; baseline -0.005 -17"><span class='ocrx_word' id='word_1_479' title='bbox 133 3977 208 4024; x_wconf 90' lang='lat' dir='ltr'>non</span> <span class='ocrx_word' id='word_1_480' title='bbox 236 3948 394 4020; x_wconf 88' lang='lat' dir='ltr'>accendit</span> <span class='ocrx_word' id='word_1_481' title='bbox 424 3960 533 4017; x_wconf 87' lang='lat' dir='ltr'>totam</span> <span class='ocrx_word' id='word_1_482' title='bbox 565 3945 654 4014; x_wconf 91' lang='lat' dir='ltr'>iram</span> <span class='ocrx_word' id='word_1_483' title='bbox 685 3967 797 4020; x_wconf 82' lang='lat' dir='ltr'>suam.</span> <span class='ocrx_word' id='word_1_484' title='bbox 848 3944 987 4016; x_wconf 89' lang='lat' dir='ltr'>Deinde</span> <span class='ocrx_word' id='word_1_485' title='bbox 1013 3948 1119 4015; x_wconf 89' lang='lat' dir='ltr'>etiam</span> <span class='ocrx_word' id='word_1_486' title='bbox 1172 3959 1275 4033; x_wconf 89' lang='lat' dir='ltr'>cant,</span> <span class='ocrx_word' id='word_1_487' title='bbox 1308 3947 1371 4041; x_wconf 87' lang='lat' dir='ltr'>qni</span> <span class='ocrx_word' id='word_1_488' title='bbox 1398 3961 1499 4017; x_wconf 89' lang='lat' dir='ltr'>antea</span> <span class='ocrx_word' id='word_1_489' title='bbox 1528 3947 1660 4017; x_wconf 91' lang='lat' dir='ltr'>iniuste</span> <span class='ocrx_word' id='word_1_490' title='bbox 1687 3948 1845 4040; x_wconf 92' lang='lat' dir='ltr'>oppressi</span> <span class='ocrx_word' id='word_1_491' title='bbox 1871 3947 2038 4031; x_wconf 86' lang='lat' dir='ltr'>fuerunt,</span> <span class='ocrx_word' id='word_1_492' title='bbox 2070 3945 2150 4014; x_wconf 87' lang='lat' dir='ltr'>sicut</span> 
     </span>
     <span class='ocr_line' id='line_1_38' title="bbox 133 4043 2149 4141; baseline -0.004 -16"><span class='ocrx_word' id='word_1_493' title='bbox 133 4058 344 4136; x_wconf 86' lang='lat' dir='ltr'>clamemus,</span> <span class='ocrx_word' id='word_1_494' title='bbox 370 4045 653 4118; x_wconf 86' lang='lat' dir='ltr'>sicutleremias:</span> <span class='ocrx_word' id='word_1_495' title='bbox 679 4045 722 4117; x_wconf 92' lang='lat' dir='ltr'>ln</span> <span class='ocrx_word' id='word_1_496' title='bbox 746 4046 877 4119; x_wconf 92' lang='lat' dir='ltr'>iudicio</span> <span class='ocrx_word' id='word_1_497' title='bbox 900 4047 1038 4141; x_wconf 89' lang='lat' dir='ltr'>corripe</span> <span class='ocrx_word' id='word_1_498' title='bbox 1051 4073 1120 4132; x_wconf 88' lang='lat' dir='ltr'>me,</span> <span class='ocrx_word' id='word_1_499' title='bbox 1172 4048 1353 4140; x_wconf 85' lang='lat' dir='ltr'>Augustus</span> <span class='ocrx_word' id='word_1_500' title='bbox 1376 4049 1487 4121; x_wconf 86' lang='lat' dir='ltr'>vincit</span> <span class='ocrx_word' id='word_1_501' title='bbox 1501 4047 1718 4121; x_wconf 84' lang='lat' dir='ltr'>Antonium:</span> <span class='ocrx_word' id='word_1_502' title='bbox 1740 4061 1859 4119; x_wconf 90' lang='lat' dir='ltr'>tamen</span> <span class='ocrx_word' id='word_1_503' title='bbox 1879 4043 2029 4118; x_wconf 87' lang='lat' dir='ltr'>hicnon</span> <span class='ocrx_word' id='word_1_504' title='bbox 2042 4043 2149 4140; x_wconf 83' lang='lat' dir='ltr'>loqui·</span> 
     </span>
    </p>
   </div>
   <div class='ocr_carea' id='block_1_7' title="bbox 133 4147 2187 4243">
    <p class='ocr_par' dir='ltr' id='par_1_8' title="bbox 133 4147 2187 4243">
     <span class='ocr_line' id='line_1_39' title="bbox 133 4147 2187 4243; baseline -0.006 -15"><span class='ocrx_word' id='word_1_505' title='bbox 133 4182 207 4228; x_wconf 92' lang='lat' dir='ltr'>non</span> <span class='ocrx_word' id='word_1_506' title='bbox 224 4155 267 4225; x_wconf 91' lang='lat' dir='ltr'>ad</span> <span class='ocrx_word' id='word_1_507' title='bbox 284 4148 439 4221; x_wconf 90' lang='lat' dir='ltr'>nibilum</span> <span class='ocrx_word' id='word_1_508' title='bbox 455 4147 595 4237; x_wconf 89' lang='lat' dir='ltr'>redigas</span> <span class='ocrx_word' id='word_1_509' title='bbox 610 4172 681 4219; x_wconf 84' lang='lat' dir='ltr'>me.</span> <span class='ocrx_word' id='word_1_510' title='bbox 1172 4162 1232 4220; x_wconf 87' lang='lat' dir='ltr'>tur</span> <span class='ocrx_word' id='word_1_511' title='bbox 1252 4152 1297 4221; x_wconf 86' lang='lat' dir='ltr'>de</span> <span class='ocrx_word' id='word_1_512' title='bbox 1318 4149 1456 4243; x_wconf 89' lang='lat' dir='ltr'>impiis,</span> <span class='ocrx_word' id='word_1_513' title='bbox 1484 4153 1544 4221; x_wconf 86' lang='lat' dir='ltr'>sed</span> <span class='ocrx_word' id='word_1_514' title='bbox 1567 4152 1612 4220; x_wconf 89' lang='lat' dir='ltr'>de</span> <span class='ocrx_word' id='word_1_515' title='bbox 1635 4150 1765 4221; x_wconf 91' lang='lat' dir='ltr'>talibus</span> <span class='ocrx_word' id='word_1_516' title='bbox 1787 4173 1941 4243; x_wconf 91' lang='lat' dir='ltr'>quorum</span> <span class='ocrx_word' id='word_1_517' title='bbox 1957 4163 1992 4221; x_wconf 87' lang='lat' dir='ltr'>et</span> <span class='ocrx_word' id='word_1_518' title='bbox 2009 4166 2150 4241; x_wconf 91' lang='lat' dir='ltr'>persona</span> <span class='ocrx_word' id='word_1_519' title='bbox 2183 4153 2187 4171; x_wconf 88' lang='lat'>‘</span> 
     </span>
    </p>
   </div>
   <div class='ocr_carea' id='block_1_8' title="bbox 134 4247 2150 4548">
    <p class='ocr_par' dir='ltr' id='par_1_9' title="bbox 134 4247 2150 4548">
     <span class='ocr_line' id='line_1_40' title="bbox 236 4247 2148 4346; baseline -0.004 -21"><span class='ocrx_word' id='word_1_520' title='bbox 236 4249 398 4325; x_wconf 82' lang='lat' dir='ltr'>Iusticin</span> <span class='ocrx_word' id='word_1_521' title='bbox 414 4247 492 4321; x_wconf 83' lang='lat' dir='ltr'>eius</span> <span class='ocrx_word' id='word_1_522' title='bbox 505 4256 629 4319; x_wconf 76' lang='lat' dir='ltr'>manet</span> <span class='ocrx_word' id='word_1_523' title='bbox 641 4272 791 4346; x_wconf 81' lang='lat' dir='ltr'>semper.</span> <span class='ocrx_word' id='word_1_524' title='bbox 839 4249 1000 4323; x_wconf 91' lang='lat' dir='ltr'>Primum</span> <span class='ocrx_word' id='word_1_525' title='bbox 1013 4251 1119 4324; x_wconf 84' lang='lat' dir='ltr'>obvia</span> <span class='ocrx_word' id='word_1_526' title='bbox 1172 4265 1207 4323; x_wconf 91' lang='lat' dir='ltr'>et</span> <span class='ocrx_word' id='word_1_527' title='bbox 1224 4275 1327 4322; x_wconf 87' lang='lat' dir='ltr'>causa</span> <span class='ocrx_word' id='word_1_528' title='bbox 1342 4252 1472 4343; x_wconf 85' lang='lat' dir='ltr'>placet,</span> <span class='ocrx_word' id='word_1_529' title='bbox 1498 4266 1532 4323; x_wconf 88' lang='lat' dir='ltr'>et</span> <span class='ocrx_word' id='word_1_530' title='bbox 1549 4252 1610 4346; x_wconf 92' lang='lat' dir='ltr'>qui</span> <span class='ocrx_word' id='word_1_531' title='bbox 1628 4250 1795 4321; x_wconf 89' lang='lat' dir='ltr'>invocant</span> <span class='ocrx_word' id='word_1_532' title='bbox 1809 4248 1946 4332; x_wconf 91' lang='lat' dir='ltr'>Deum,</span> <span class='ocrx_word' id='word_1_533' title='bbox 1973 4266 2008 4322; x_wconf 92' lang='lat' dir='ltr'>et</span> <span class='ocrx_word' id='word_1_534' title='bbox 2024 4249 2148 4341; x_wconf 87' lang='lat' dir='ltr'>abipso</span> 
     </span>
     <span class='ocr_line' id='line_1_41' title="bbox 135 4346 2149 4451; baseline -0.006 -18"><span class='ocrx_word' id='word_1_535' title='bbox 135 4355 379 4451; x_wconf 89' lang='lat' dir='ltr'>interpretatio</span> <span class='ocrx_word' id='word_1_536' title='bbox 402 4350 575 4437; x_wconf 87' lang='lat' dir='ltr'>haeeest,</span> <span class='ocrx_word' id='word_1_537' title='bbox 601 4352 739 4422; x_wconf 90' lang='lat' dir='ltr'>iusticia</span> <span class='ocrx_word' id='word_1_538' title='bbox 756 4353 849 4438; x_wconf 90' lang='lat' dir='ltr'>eius,</span> <span class='ocrx_word' id='word_1_539' title='bbox 874 4351 911 4424; x_wconf 91' lang='lat' dir='ltr'>id</span> <span class='ocrx_word' id='word_1_540' title='bbox 931 4369 1002 4438; x_wconf 91' lang='lat' dir='ltr'>est,</span> <span class='ocrx_word' id='word_1_541' title='bbox 1028 4355 1118 4426; x_wconf 92' lang='lat' dir='ltr'>iusta</span> <span class='ocrx_word' id='word_1_542' title='bbox 1171 4363 1297 4444; x_wconf 89' lang='lat' dir='ltr'>petunt</span> <span class='ocrx_word' id='word_1_543' title='bbox 1328 4367 1364 4424; x_wconf 91' lang='lat' dir='ltr'>et</span> <span class='ocrx_word' id='word_1_544' title='bbox 1396 4366 1580 4446; x_wconf 84' lang='lat' dir='ltr'>expectant</span> <span class='ocrx_word' id='word_1_545' title='bbox 1610 4353 1909 4451; x_wconf 81' lang='lat' dir='ltr'>consolationem,</span> <span class='ocrx_word' id='word_1_546' title='bbox 1950 4367 1985 4424; x_wconf 89' lang='lat' dir='ltr'>et</span> <span class='ocrx_word' id='word_1_547' title='bbox 2017 4354 2063 4423; x_wconf 89' lang='lat' dir='ltr'>de</span> <span class='ocrx_word' id='word_1_548' title='bbox 2092 4346 2149 4419; x_wconf 77' lang='lat' dir='ltr'>loc</span> 
     </span>
     <span class='ocr_line' id='line_1_42' title="bbox 134 4448 2150 4548; baseline -0.006 -16"><span class='ocrx_word' id='word_1_549' title='bbox 134 4485 236 4532; x_wconf 89' lang='lat' dir='ltr'>causa</span> <span class='ocrx_word' id='word_1_550' title='bbox 264 4459 339 4533; x_wconf 90' lang='lat' dir='ltr'>eius</span> <span class='ocrx_word' id='word_1_551' title='bbox 358 4458 510 4526; x_wconf 77' lang='lat' dir='ltr'>tandem</span> <span class='ocrx_word' id='word_1_552' title='bbox 540 4454 670 4546; x_wconf 87' lang='lat' dir='ltr'>vincit,</span> <span class='ocrx_word' id='word_1_553' title='bbox 703 4455 841 4523; x_wconf 90' lang='lat' dir='ltr'>etiamsi</span> <span class='ocrx_word' id='word_1_554' title='bbox 865 4455 1121 4548; x_wconf 88' lang='lat' dir='ltr'>aliquantisper</span> <span class='ocrx_word' id='word_1_555' title='bbox 1171 4469 1313 4525; x_wconf 89' lang='lat' dir='ltr'>aeterna</span> <span class='ocrx_word' id='word_1_556' title='bbox 1335 4455 1474 4527; x_wconf 88' lang='lat' dir='ltr'>iusticia</span> <span class='ocrx_word' id='word_1_557' title='bbox 1495 4456 1639 4547; x_wconf 90' lang='lat' dir='ltr'>proprie</span> <span class='ocrx_word' id='word_1_558' title='bbox 1661 4453 1876 4524; x_wconf 80' lang='lat' dir='ltr'>infradicet:</span> <span class='ocrx_word' id='word_1_559' title='bbox 1904 4448 1956 4523; x_wconf 83' lang='lat' dir='ltr'>ln</span> <span class='ocrx_word' id='word_1_560' title='bbox 1971 4461 2150 4524; x_wconf 69' lang='lat' dir='ltr'>aderitum</span> 
     </span>
    </p>
   </div>
   <div class='ocr_carea' id='block_1_9' title="bbox 133 4547 2179 4653">
    <p class='ocr_par' dir='ltr' id='par_1_10' title="bbox 133 4547 2179 4653">
     <span class='ocr_line' id='line_1_43' title="bbox 133 4547 2179 4653; baseline -0.006 -21"><span class='ocrx_word' id='word_1_561' title='bbox 133 4565 244 4633; x_wconf 84' lang='lat' dir='ltr'>multa</span> <span class='ocrx_word' id='word_1_562' title='bbox 268 4559 431 4650; x_wconf 87' lang='lat' dir='ltr'>patienda</span> <span class='ocrx_word' id='word_1_563' title='bbox 454 4571 556 4640; x_wconf 91' lang='lat' dir='ltr'>sunt,</span> <span class='ocrx_word' id='word_1_564' title='bbox 581 4569 622 4626; x_wconf 89' lang='lat' dir='ltr'>ut</span> <span class='ocrx_word' id='word_1_565' title='bbox 638 4579 739 4626; x_wconf 89' lang='lat' dir='ltr'>causa</span> <span class='ocrx_word' id='word_1_566' title='bbox 757 4553 883 4648; x_wconf 92' lang='lat' dir='ltr'>loseph</span> <span class='ocrx_word' id='word_1_567' title='bbox 898 4558 1050 4647; x_wconf 89' lang='lat' dir='ltr'>gloriose</span> <span class='ocrx_word' id='word_1_568' title='bbox 1065 4560 1119 4626; x_wconf 86' lang='lat' dir='ltr'>vi·</span> <span class='ocrx_word' id='word_1_569' title='bbox 1171 4579 1247 4626; x_wconf 83' lang='lat' dir='ltr'>non</span> <span class='ocrx_word' id='word_1_570' title='bbox 1266 4554 1400 4653; x_wconf 83' lang='lat' dir='ltr'>peribit</span> <span class='ocrx_word' id='word_1_571' title='bbox 1423 4557 1560 4644; x_wconf 80' lang='lat' dir='ltr'>iustus,</span> <span class='ocrx_word' id='word_1_572' title='bbox 1586 4565 1637 4626; x_wconf 81' lang='lat' dir='ltr'>et:</span> <span class='ocrx_word' id='word_1_573' title='bbox 1663 4553 1703 4624; x_wconf 82' lang='lat' dir='ltr'>in</span> <span class='ocrx_word' id='word_1_574' title='bbox 1724 4553 1902 4625; x_wconf 82' lang='lat' dir='ltr'>memoria</span> <span class='ocrx_word' id='word_1_575' title='bbox 1923 4564 2076 4625; x_wconf 81' lang='lat' dir='ltr'>aelerna</span> <span class='ocrx_word' id='word_1_576' title='bbox 2092 4547 2152 4622; x_wconf 81' lang='lat' dir='ltr'>erit</span> <span class='ocrx_word' id='word_1_577' title='bbox 2174 4583 2179 4605; x_wconf 64' lang='grc' dir='ltr'>ι</span> 
     </span>
    </p>
   </div>
   <div class='ocr_carea' id='block_1_10' title="bbox 77 4651 2179 5062">
    <p class='ocr_par' dir='ltr' id='par_1_11' title="bbox 77 4651 2179 5062">
     <span class='ocr_line' id='line_1_44' title="bbox 134 4651 2179 4750; baseline -0.004 -17"><span class='ocrx_word' id='word_1_578' title='bbox 134 4666 202 4749; x_wconf 87' lang='lat' dir='ltr'>cit,</span> <span class='ocrx_word' id='word_1_579' title='bbox 226 4661 310 4733; x_wconf 88' lang='lat' dir='ltr'>Saul</span> <span class='ocrx_word' id='word_1_580' title='bbox 325 4651 590 4728; x_wconf 89' lang='lat' dir='ltr'>obiicitDavidi</span> <span class='ocrx_word' id='word_1_581' title='bbox 607 4659 740 4728; x_wconf 87' lang='lat' dir='ltr'>crimen</span> <span class='ocrx_word' id='word_1_582' title='bbox 756 4657 907 4728; x_wconf 86' lang='lat' dir='ltr'>affectati</span> <span class='ocrx_word' id='word_1_583' title='bbox 923 4660 1033 4748; x_wconf 84' lang='lat' dir='ltr'>regni,</span> <span class='ocrx_word' id='word_1_584' title='bbox 1058 4662 1117 4730; x_wconf 89' lang='lat' dir='ltr'>sed</span> <span class='ocrx_word' id='word_1_585' title='bbox 1172 4655 1312 4740; x_wconf 78' lang='lat' dir='ltr'>iustus,</span> <span class='ocrx_word' id='word_1_586' title='bbox 1339 4659 1402 4728; x_wconf 80' lang='lat' dir='ltr'>uhi</span> <span class='ocrx_word' id='word_1_587' title='bbox 1426 4661 1471 4728; x_wconf 87' lang='lat' dir='ltr'>de</span> <span class='ocrx_word' id='word_1_588' title='bbox 1493 4661 1588 4730; x_wconf 88' lang='lat' dir='ltr'>iusto</span> <span class='ocrx_word' id='word_1_589' title='bbox 1609 4682 1726 4729; x_wconf 88' lang='lat' dir='ltr'>coram</span> <span class='ocrx_word' id='word_1_590' title='bbox 1749 4654 1828 4728; x_wconf 91' lang='lat' dir='ltr'>Deo</span> <span class='ocrx_word' id='word_1_591' title='bbox 1851 4658 2035 4750; x_wconf 92' lang='lat' dir='ltr'>loquitur,</span> <span class='ocrx_word' id='word_1_592' title='bbox 2062 4655 2151 4726; x_wconf 82' lang='lat' dir='ltr'>vide·</span> <span class='ocrx_word' id='word_1_593' title='bbox 2176 4670 2179 4675; x_wconf 84' lang='lat'>&#39;</span> 
     </span>
     <span class='ocr_line' id='line_1_45' title="bbox 77 4757 2157 4853; baseline -0.004 -18"><span class='ocrx_word' id='word_1_594' title='bbox 77 4772 86 4788; x_wconf 81' lang='grc'><strong>”</strong></span> <span class='ocrx_word' id='word_1_595' title='bbox 133 4768 261 4835; x_wconf 91' lang='lat' dir='ltr'>clamat</span> <span class='ocrx_word' id='word_1_596' title='bbox 284 4761 399 4834; x_wconf 88' lang='lat' dir='ltr'>David</span> <span class='ocrx_word' id='word_1_597' title='bbox 416 4758 557 4828; x_wconf 87' lang='lat' dir='ltr'>Psalmo</span> <span class='ocrx_word' id='word_1_598' title='bbox 575 4757 631 4831; x_wconf 82' lang='lat'>7.:</span> <span class='ocrx_word' id='word_1_599' title='bbox 664 4759 785 4832; x_wconf 87' lang='lat' dir='ltr'>ludica</span> <span class='ocrx_word' id='word_1_600' title='bbox 808 4783 864 4829; x_wconf 88' lang='lat' dir='ltr'>me</span> <span class='ocrx_word' id='word_1_601' title='bbox 881 4757 1038 4830; x_wconf 90' lang='lat' dir='ltr'>Domine</span> <span class='ocrx_word' id='word_1_602' title='bbox 1063 4784 1118 4831; x_wconf 89' lang='lat' dir='ltr'>se·</span> <span class='ocrx_word' id='word_1_603' title='bbox 1171 4761 1254 4830; x_wconf 89' lang='lat' dir='ltr'>licet</span> <span class='ocrx_word' id='word_1_604' title='bbox 1276 4761 1504 4853; x_wconf 64' lang='lat' dir='ltr'>dejeredente</span> <span class='ocrx_word' id='word_1_605' title='bbox 1525 4785 1600 4831; x_wconf 92' lang='lat' dir='ltr'>non</span> <span class='ocrx_word' id='word_1_606' title='bbox 1622 4763 1667 4830; x_wconf 88' lang='lat' dir='ltr'>de</span> <span class='ocrx_word' id='word_1_607' title='bbox 1687 4759 1810 4852; x_wconf 86' lang='lat' dir='ltr'>impio.</span> <span class='ocrx_word' id='word_1_608' title='bbox 1880 4757 1991 4831; x_wconf 86' lang='lat' dir='ltr'>Hunc</span> <span class='ocrx_word' id='word_1_609' title='bbox 2012 4760 2157 4829; x_wconf 82' lang='lat' dir='ltr'>creden·</span> 
     </span>
     <span class='ocr_line' id='line_1_46' title="bbox 133 4858 2153 4957; baseline -0.006 -19"><span class='ocrx_word' id='word_1_610' title='bbox 133 4867 289 4938; x_wconf 86' lang='lat' dir='ltr'>cundum</span> <span class='ocrx_word' id='word_1_611' title='bbox 319 4861 493 4932; x_wconf 89' lang='lat' dir='ltr'>iusticiam</span> <span class='ocrx_word' id='word_1_612' title='bbox 516 4882 650 4941; x_wconf 87' lang='lat' dir='ltr'>meam,</span> <span class='ocrx_word' id='word_1_613' title='bbox 682 4863 744 4933; x_wconf 91' lang='lat' dir='ltr'>ubi</span> <span class='ocrx_word' id='word_1_614' title='bbox 767 4864 812 4932; x_wconf 91' lang='lat' dir='ltr'>de</span> <span class='ocrx_word' id='word_1_615' title='bbox 835 4860 972 4932; x_wconf 86' lang='lat' dir='ltr'>iusticia</span> <span class='ocrx_word' id='word_1_616' title='bbox 995 4886 1119 4933; x_wconf 89' lang='lat' dir='ltr'>causae</span> <span class='ocrx_word' id='word_1_617' title='bbox 1169 4875 1241 4934; x_wconf 88' lang='lat' dir='ltr'>tem</span> <span class='ocrx_word' id='word_1_618' title='bbox 1263 4861 1384 4957; x_wconf 93' lang='lat' dir='ltr'>inquit</span> <span class='ocrx_word' id='word_1_619' title='bbox 1404 4863 1449 4933; x_wconf 93' lang='lat' dir='ltr'>ab</span> <span class='ocrx_word' id='word_1_620' title='bbox 1470 4886 1511 4934; x_wconf 90' lang='lat' dir='ltr'>eo</span> <span class='ocrx_word' id='word_1_621' title='bbox 1533 4860 1723 4946; x_wconf 89' lang='lat' dir='ltr'>custodiri,</span> <span class='ocrx_word' id='word_1_622' title='bbox 1750 4874 1785 4931; x_wconf 90' lang='lat' dir='ltr'>et</span> <span class='ocrx_word' id='word_1_623' title='bbox 1798 4858 1914 4931; x_wconf 89' lang='lat' dir='ltr'>Deum</span> <span class='ocrx_word' id='word_1_624' title='bbox 1930 4884 2074 4952; x_wconf 89' lang='lat' dir='ltr'>semper</span> <span class='ocrx_word' id='word_1_625' title='bbox 2085 4859 2153 4929; x_wconf 84' lang='lat' dir='ltr'>eina</span> 
     </span>
     <span class='ocr_line' id='line_1_47' title="bbox 133 4961 2151 5062; baseline -0.005 -23"><span class='ocrx_word' id='word_1_626' title='bbox 133 4968 312 5062; x_wconf 87' lang='lat' dir='ltr'>loquitur,</span> <span class='ocrx_word' id='word_1_627' title='bbox 345 4988 419 5033; x_wconf 90' lang='lat' dir='ltr'>non</span> <span class='ocrx_word' id='word_1_628' title='bbox 443 4964 487 5030; x_wconf 89' lang='lat' dir='ltr'>de</span> <span class='ocrx_word' id='word_1_629' title='bbox 508 4961 645 5031; x_wconf 90' lang='lat' dir='ltr'>iusticia</span> <span class='ocrx_word' id='word_1_630' title='bbox 662 4988 851 5054; x_wconf 89' lang='lat' dir='ltr'>personae.</span> <span class='ocrx_word' id='word_1_631' title='bbox 915 4961 965 5034; x_wconf 85' lang='lat' dir='ltr'>Et</span> <span class='ocrx_word' id='word_1_632' title='bbox 985 4965 1117 5036; x_wconf 92' lang='lat' dir='ltr'>mentio</span> <span class='ocrx_word' id='word_1_633' title='bbox 1170 4962 1209 5033; x_wconf 88' lang='lat' dir='ltr'>in</span> <span class='ocrx_word' id='word_1_634' title='bbox 1236 4965 1336 5035; x_wconf 89' lang='lat' dir='ltr'>omni</span> <span class='ocrx_word' id='word_1_635' title='bbox 1363 4965 1569 5037; x_wconf 87' lang='lat' dir='ltr'>aeternitate</span> <span class='ocrx_word' id='word_1_636' title='bbox 1595 4987 1787 5034; x_wconf 90' lang='lat' dir='ltr'>memorem</span> <span class='ocrx_word' id='word_1_637' title='bbox 1818 4986 1913 5046; x_wconf 90' lang='lat' dir='ltr'>esse,</span> <span class='ocrx_word' id='word_1_638' title='bbox 1950 4964 2021 5055; x_wconf 92' lang='lat' dir='ltr'>ipsi</span> <span class='ocrx_word' id='word_1_639' title='bbox 2053 4964 2151 5033; x_wconf 87' lang='lat' dir='ltr'>hene·</span> 
     </span>
    </p>
   </div>
   <div class='ocr_carea' id='block_1_11' title="bbox 12 5062 2152 5159">
    <p class='ocr_par' dir='ltr' id='par_1_12' title="bbox 12 5062 2152 5159">
     <span class='ocr_line' id='line_1_48' title="bbox 12 5062 2152 5159; baseline -0.001 -22"><span class='ocrx_word' id='word_1_640' title='bbox 12 5133 14 5137; x_wconf 74' lang='grc'>,</span> <span class='ocrx_word' id='word_1_641' title='bbox 131 5070 256 5142; x_wconf 87' lang='lat' dir='ltr'>causae</span> <span class='ocrx_word' id='word_1_642' title='bbox 278 5090 352 5137; x_wconf 92' lang='lat' dir='ltr'>non</span> <span class='ocrx_word' id='word_1_643' title='bbox 374 5079 426 5136; x_wconf 88' lang='lat' dir='ltr'>est</span> <span class='ocrx_word' id='word_1_644' title='bbox 448 5062 679 5147; x_wconf 87' lang='lat' dir='ltr'>confidentia,</span> <span class='ocrx_word' id='word_1_645' title='bbox 711 5069 806 5159; x_wconf 90' lang='lat' dir='ltr'>quod</span> <span class='ocrx_word' id='word_1_646' title='bbox 829 5080 1012 5155; x_wconf 85' lang='lat' dir='ltr'>propterea</span> <span class='ocrx_word' id='word_1_647' title='bbox 1035 5091 1117 5158; x_wconf 90' lang='lat' dir='ltr'>per·</span> <span class='ocrx_word' id='word_1_648' title='bbox 1168 5066 1344 5137; x_wconf 82' lang='lat' dir='ltr'>facturum</span> <span class='ocrx_word' id='word_1_649' title='bbox 1366 5091 1456 5153; x_wconf 88' lang='lat' dir='ltr'>esse,</span> <span class='ocrx_word' id='word_1_650' title='bbox 1480 5069 1647 5138; x_wconf 88' lang='lat' dir='ltr'>daturum</span> <span class='ocrx_word' id='word_1_651' title='bbox 1668 5065 1778 5138; x_wconf 87' lang='lat' dir='ltr'>vitam</span> <span class='ocrx_word' id='word_1_652' title='bbox 1801 5078 1836 5136; x_wconf 93' lang='lat' dir='ltr'>et</span> <span class='ocrx_word' id='word_1_653' title='bbox 1852 5065 2032 5136; x_wconf 84' lang='lat' dir='ltr'>iusticiam</span> <span class='ocrx_word' id='word_1_654' title='bbox 2049 5078 2152 5136; x_wconf 83' lang='lat' dir='ltr'>aeter·</span> 
     </span>
    </p>
   </div>
   <div class='ocr_carea' id='block_1_12' title="bbox 130 5157 2176 5464">
    <p class='ocr_par' dir='ltr' id='par_1_13' title="bbox 130 5157 2176 5464">
     <span class='ocr_line' id='line_1_49' title="bbox 132 5157 1363 5259; baseline -0.006 -14"><span class='ocrx_word' id='word_1_655' title='bbox 132 5171 279 5252; x_wconf 64' lang='lat' dir='ltr'>sonarit</span> <span class='ocrx_word' id='word_1_656' title='bbox 296 5157 406 5251; x_wconf 77' lang='lat' dir='ltr'>iusta,</span> <span class='ocrx_word' id='word_1_657' title='bbox 430 5166 489 5234; x_wconf 91' lang='lat' dir='ltr'>sed</span> <span class='ocrx_word' id='word_1_658' title='bbox 506 5178 557 5235; x_wconf 91' lang='lat' dir='ltr'>est</span> <span class='ocrx_word' id='word_1_659' title='bbox 573 5167 746 5236; x_wconf 81' lang='lat' dir='ltr'>confessio</span> <span class='ocrx_word' id='word_1_660' title='bbox 765 5168 956 5236; x_wconf 88' lang='lat' dir='ltr'>necessaria</span> <span class='ocrx_word' id='word_1_661' title='bbox 972 5182 1117 5259; x_wconf 90' lang='lat' dir='ltr'>propter</span> <span class='ocrx_word' id='word_1_662' title='bbox 1165 5191 1273 5253; x_wconf 89' lang='lat' dir='ltr'>nam,</span> <span class='ocrx_word' id='word_1_663' title='bbox 1299 5180 1363 5238; x_wconf 90' lang='lat' dir='ltr'>etc.</span> 
     </span>
     <span class='ocr_line' id='line_1_50' title="bbox 130 5263 2154 5362; baseline -0.002 -18"><span class='ocrx_word' id='word_1_664' title='bbox 130 5276 237 5359; x_wconf 87' lang='lat' dir='ltr'>alios,</span> <span class='ocrx_word' id='word_1_665' title='bbox 264 5295 308 5340; x_wconf 95' lang='lat' dir='ltr'>ne</span> <span class='ocrx_word' id='word_1_666' title='bbox 324 5266 384 5338; x_wconf 90' lang='lat' dir='ltr'>alii</span> <span class='ocrx_word' id='word_1_667' title='bbox 400 5269 444 5337; x_wconf 91' lang='lat' dir='ltr'>de</span> <span class='ocrx_word' id='word_1_668' title='bbox 460 5287 561 5337; x_wconf 87' lang='lat' dir='ltr'>causa</span> <span class='ocrx_word' id='word_1_669' title='bbox 578 5281 712 5346; x_wconf 89' lang='lat' dir='ltr'>errent,</span> <span class='ocrx_word' id='word_1_670' title='bbox 737 5280 777 5337; x_wconf 91' lang='lat' dir='ltr'>ut</span> <span class='ocrx_word' id='word_1_671' title='bbox 794 5291 873 5338; x_wconf 93' lang='lat' dir='ltr'>cum</span> <span class='ocrx_word' id='word_1_672' title='bbox 891 5282 1035 5359; x_wconf 88' lang='lat' dir='ltr'>propter</span> <span class='ocrx_word' id='word_1_673' title='bbox 1050 5274 1116 5339; x_wconf 87' lang='lat' dir='ltr'>do·</span> <span class='ocrx_word' id='word_1_674' title='bbox 1268 5263 1734 5343; x_wconf 72' lang='lat' dir='ltr'>Msericorsmisemloret</span> <span class='ocrx_word' id='word_1_675' title='bbox 1751 5266 1881 5340; x_wconf 78' lang='lat' dir='ltr'>iustus.</span> <span class='ocrx_word' id='word_1_676' title='bbox 1913 5266 2047 5342; x_wconf 88' lang='lat' dir='ltr'>Miscet</span> <span class='ocrx_word' id='word_1_677' title='bbox 2061 5290 2154 5362; x_wconf 83' lang='lat' dir='ltr'>prae-</span> 
     </span>
     <span class='ocr_line' id='line_1_51' title="bbox 131 5369 2176 5464; baseline -0.002 -18"><span class='ocrx_word' id='word_1_678' title='bbox 131 5377 279 5448; x_wconf 89' lang='lat' dir='ltr'>ctrinam</span> <span class='ocrx_word' id='word_1_679' title='bbox 304 5369 566 5443; x_wconf 85' lang='lat' dir='ltr'>interficiuntur</span> <span class='ocrx_word' id='word_1_680' title='bbox 587 5381 777 5464; x_wconf 87' lang='lat' dir='ltr'>martyres,</span> <span class='ocrx_word' id='word_1_681' title='bbox 804 5392 943 5441; x_wconf 91' lang='lat' dir='ltr'>necesse</span> <span class='ocrx_word' id='word_1_682' title='bbox 965 5370 1033 5442; x_wconf 84' lang='lat' dir='ltr'>tuit</span> <span class='ocrx_word' id='word_1_683' title='bbox 1054 5394 1115 5444; x_wconf 89' lang='lat' dir='ltr'>eos</span> <span class='ocrx_word' id='word_1_684' title='bbox 1165 5385 1264 5464; x_wconf 89' lang='lat' dir='ltr'>cepta</span> <span class='ocrx_word' id='word_1_685' title='bbox 1282 5371 1596 5444; x_wconf 84' lang='lat' dir='ltr'>consolationibus.</span> <span class='ocrx_word' id='word_1_686' title='bbox 1630 5369 1745 5443; x_wconf 88' lang='lat' dir='ltr'>Antea</span> <span class='ocrx_word' id='word_1_687' title='bbox 1761 5369 1953 5462; x_wconf 88' lang='lat' dir='ltr'>promissio</span> <span class='ocrx_word' id='word_1_688' title='bbox 1969 5372 2176 5464; x_wconf 59' lang='lat' dir='ltr'>positacst‘</span> 
     </span>
    </p>
   </div>
   <div class='ocr_carea' id='block_1_13' title="bbox 0 0 2282 5748">
    <p class='ocr_par' dir='ltr' id='par_1_14' title="bbox 0 0 2282 5748">
     <span class='ocr_line' id='line_1_52' title="bbox 0 0 2282 5748; baseline 0 0"><span class='ocrx_word' id='word_1_689' title='bbox 0 0 2282 5748; x_wconf 95' lang='lat' dir='ltr'> </span> 
     </span>
    </p>
   </div>
  </div>
 </body>
</html>
