4538 5754
100 261 201 336 10⁸1
694 254 759 330 lX.
804 246 1180 326 COMMENTARtt
1199 247 1251 322 lN
1270 243 1521 322 PSALMOS.
2021 247 2118 325 tosa

96 430 248 522 opponit
272 425 439 500 humanis
460 429 623 513 iudiciis,
649 450 741 521 quae
761 428 878 497 fontes
903 423 1084 496 calamita·
1129 419 1321 505 suxilium,
1347 430 1453 510 atque
1479 419 1527 487 ita
1553 417 1731 507 praedicat
1755 439 1792 487 se
1817 417 2005 489 liberatum
2030 441 2116 505 esse,

95 547 173 604 tum
208 527 446 602 humanarum
480 531 663 620 ignorant,
703 545 738 601 et
771 541 947 622 quaerunt
978 526 1081 596 falsas
1130 546 1204 591 non
1225 542 1325 601 casu,
1352 543 1426 589 non
1448 515 1614 589 humanis
1636 520 1793 589 consiliis
1814 533 1849 591 et
1872 521 2029 605 viribus,
2053 522 2116 589 sed

96 656 218 704 causas
250 646 285 702 et
314 633 434 702 inania
473 633 642 706 remedia.
700 629 833 702 Scitote
863 652 926 698 vos
956 627 1082 710 securi,
1130 623 1303 692 mirandis
1317 620 1387 690 Dei
1400 622 1577 713 operibus.
1628 619 1725 690 Haec
1742 645 1822 711 pars
1843 622 2040 712 exemplum
2065 635 2116 693 est

96 737 203 806 etiam
218 731 414 804 Ecclesiam
441 747 587 824 propter
603 743 748 822 'peccata
770 731 906 822 puniri:
936 728 1080 818 Quanto
1129 725 1277 809 docens,
1309 738 1349 793 ut
1373 725 1412 790 in
1435 723 1699 793 adflictionibus
1720 736 1879 813 petamus
1907 738 1941 793 et
1964 723 2033 792 fide
2055 719 2126 791 ex?

96 836 206 926 magis
240 858 304 905 vos
344 834 569 924 puniemini?
619 832 691 903 Nec
732 826 906 923 effugietis
938 850 1082 922 poenas,
1130 839 1307 917 pectemus
1320 823 1639 908 auxiliumaDeo,
1664 837 1699 892 et
1712 825 2030 894 commonefaciens
2048 845 2116 894 nos

96 936 232 1008 etiamsi
264 937 384 1003 omnia
408 936 555 1004 consilia
579 948 692 1005 vestra
718 959 819 1003 nnnc
844 958 885 1003 eo
909 942 1080 1023 spectant,
1129 929 1173 996 de
1188 926 1497 1017 promissionibus.
1526 921 1590 994 Ait
1607 925 1719 994 enim:
1743 920 1885 993 Beatus
1901 924 1956 994 sir
1971 923 2038 1022 qui
2048 946 2115 1021 po-

96 1051 135 1109 ut
147 1038 241 1107 vitae
256 1036 429 1125 praesidia
447 1038 547 1106 vobis
563 1036 753 1130 quaeratis:
783 1034 831 1106 Ut
853 1058 925 1103 non
949 1032 1080 1120 effuge·
1130 1027 1185 1096 nit
1208 1025 1415 1096 Dominum
1438 1047 1538 1121 spem
1561 1049 1683 1101 snam.
1736 1025 1918 1097 Promittis
1941 1027 2113 1097 auxilium

96 1148 179 1208 runt
195 1159 327 1227 poenas
343 1133 500 1220 Pharao,
525 1160 623 1225 reges
640 1136 837 1222 Cananaei,
862 1135 971 1206 etalii
986 1133 1078 1203 mul·
1130 1130 1378 1198 invocantibus
1395 1125 1523 1201 Deum.

96 1237 140 1322 ti,
172 1260 324 1330 q⁰⁰ffl¹¹¹
343 1260 469 1356 ¹⁰³8⁰f¹
486 1253 641 1355 P⁰l⁰¹¹l{²¹
657 1238 737 1309 fUll·
824 1340 834 1356 ο
1230 1262 1424 1356 Sequentes
1446 1285 1567 1332 versus
1588 1275 1672 1333 sunt
1692 1264 1848 1334 narratio
1871 1277 1905 1333 et
1929 1258 2116 1355 prophetia

202 1336 246 1406 1¹¹
262 1337 475 1427 finem‘Pffll
494 1353 728 1454 P¹2⁹⁰³l¹⁰¹¹⁰¹¹¹
752 1342 874 1456 admi?
893 1358 1081 1425 albumen·
1131 1366 1175 1433 de
1198 1366 1358 1455 passione
1373 1359 1520 1438 Christi.
1573 1360 1863 1435 Orditurautem
1885 1360 2116 1454 hancnarrass

96 1451 131 1553 ¹⁰,
163 1451 199 1507 ‘l
237 1440 415 1556 “emplqi
457 1433 560 1534 Qum
588 1463 670 1510 Μ’]
705 1447 960 1559 Pendsm‘lw'
996 1444 1080 1505 ’Μ
1130 1467 1265 1535 tionem
1287 1466 1333 1535 ab
1355 1465 1646 1555 amplificatione:
1682 1458 1729 1538 V
1724 1461 1811 1535 alde
1829 1460 2006 1536 mirando
2028 1472 2116 1534 sunt

96 1547 188 1656 ”ful
217 1546 363 1658 Pamfs,
393 1541 429 1609 “l
453 1554 524 1626 ⁸⁸²·
556 1536 684 1660 l¹⁰JP⁰⁵
711 1565 790 1613 ⁸⁰¹⁰
811 1566 849 1611 ¹⁰
873 1557 985 1623 lema
1016 1561 1081 1606 ¹¹⁹⁰
1132 1589 1241 1663 opera
1271 1575 1337 1635 tua
1358 1562 1482 1647 Deus,
1516 1590 1581 1636 nec
1611 1569 1817 1656 magnitudo
1842 1591 1966 1639 eorum
1997 1565 2117 1636 verbis

96 1640 193 1715 ’¹¹⁰⁶
210 1644 426 1737 Pl³²⁵¹d¹¹¹¹⁰
444 1637 557 1712 l¹³h⁰⁰
575 1656 703 1718 ΨΜ·
1131 1668 1288 1736 enarrari
1310 1680 1435 1760 potest.
1486 1666 1624 1738 Deinde
1649 1668 1762 1738 reiicit
1791 1669 1958 1739 sacrificia
1980 1670 2017 1736 in
2041 1667 2117 1757 lege
2204 1733 2205 1737 ,

548 1855 553 1860 .
732 1845 739 1860 ι
865 1846 873 1861 ι
913 1846 921 1861 ο
1132 1769 1304 1838 instituta.
1353 1767 1401 1839 Et
1431 1769 1523 1837 clare
1552 1769 1713 1839 adfirmat
1744 1765 1800 1839 his
1830 1770 2115 1839 sacrificiis‘non

227 1843 568 1939 “mummi'’
602 1865 656 1914 αθ
691 1840 949 1934 d²⁸P⁰⁸⁸l⁸⁰
1051 1937 1055 1945 ,
1132 1869 1211 1938 tolli
1241 1883 1420 1959 peccatum
1453 1883 1487 1940 et
1513 1885 1690 1944 mortem„
1736 1869 1843 1940 Tales
1865 1871 2053 1940 conciones
2075 1869 2115 1937 in

440 1959 604 2041 Psalmi
636 1959 734 2044 Xlr.
1130 1967 1319 2060 Prophetis
1343 1971 1463 2060 plures
1489 1984 1591 2056 sunt,
1617 1995 1707 2064 quae
1729 1966 1994 2062 reprehendunt
2011 1971 2117 2039 falsas
2175 2029 2178 2033 .

1131 2071 1319 2161 opiniones
1340 2074 1383 2140 de
1404 2072 1592 2145 sacrificiis.
1643 2071 1691 2141 Et
1706 2068 1791 2142 hinc
1814 2073 1939 2142 sumsit
1954 2068 2116 2162 Epistola
2182 2142 2193 2157 ,Ἰ

1131 2174 1173 2240 ad
1191 2170 1370 2242 Hebraeos
1386 2167 1454 2241 hoc
1469 2173 1620 2242 dictum:
1649 2172 1869 2264 Impossibile
1883 2187 1958 2244 erat
1972 2173 2115 2262 sangui·
2196 2262 2199 2270 Α

1132 2298 1176 2342 ne
1193 2286 1374 2343 taurorum
1392 2275 1531 2343 auferre
1546 2290 1696 2363 peccata.
2205 2263 2208 2270 ¹

141 2109 360 2197 aspectans
395 2109 595 2196 expectaui
627 2107 851 2193 Dominum,
893 2113 932 2175 et
971 2106 1080 2175 incli-

141 2217 260 2279 natus
285 2216 342 2278 est
368 2207 419 2278 od
444 2228 524 2295 ose,
551 2216 590 2277 et
606 2207 799 2279 mendicis
815 2227 945 2298 preces
964 2228 1079 2276 meas.

198 2338 306 2410 lnitio
334 2336 392 2411 hic
422 2340 623 2429 disputatur
649 2342 693 2409 de
726 2360 874 2431 persona
897 2340 1078 2429 loquente:

96 2455 231 2514 constat
262 2455 378 2511 autem
410 2465 452 2510 ex
476 2437 635 2530 Epistola
665 2443 709 2510 ad
735 2439 915 2511 Hebraeos
942 2440 1079 2509 decimo

96 2546 229 2636 capite,
251 2556 369 2634 aperte
405 2565 603 2610 sermonem
630 2542 669 2610 in
704 2541 773 2611 hoc
798 2541 939 2611 Psalmo
969 2541 1078 2609 tribui

96 2642 251 2716 Christo.
292 2639 351 2713 'Et
376 2644 482 2711 verba
507 2641 730 2715 conveniunt
752 2645 892 2733 proprie
909 2645 954 2710 ad
970 2637 1078 2708 Chri-

96 2762 206 2818 num:
232 2738 340 2813 Tunc
355 2737 460 2827 dixi,
490 2765 561 2812 ecce
577 2741 695 2829 venio,
721 2739 765 2838 in
784 2740 965 2812 volumine
990 2736 1081 2808 libri

96 2847 269 2942 scriplum
287 2837 485 2924 asteismo,
511 2859 552 2913 nt
565 2841 710 2936 faciam
736 2841 958 2913 voluntalem
975 2847 1078 2909 tuam

96 2945 200 3018 Deus
214 2968 334 3026 meus,
361 2941 479 3029 volni,
501 2951 534 3013 et
551 2941 614 3012 lex
628 2953 693 3012 tua
715 2942 815 3012 intra
829 2968 885 3014 mc
899 2953 963 3017 est.
1017 2942 1078 3013 Fi-

96 3050 163 3119 lius
179 3047 248 3119 Dei
262 3049 338 3137 ipse
353 3046 457 3113 offert
472 3064 527 3129 se,
551 3058 592 3113 ut
607 3046 666 3115 liat
678 3045 831 3120 victima.
873 3045 977 3116 Tunc
994 3046 1079 3129 dixi,

96 3147 186 3222 Ecce
199 3149 316 3221 venio.
342 3143 391 3215 Et
403 3147 453 3217 ait
463 3148 552 3215 dese
566 3147 735 3237 scriptum
745 3169 818 3216 esse
833 3148 871 3215 in
887 3147 972 3235 lege,
993 3170 1078 3239 pro·

96 3250 275 3320 missionis
291 3251 336 3317 de
350 3247 425 3336 ipso
442 3247 556 3316 editae
573 3260 607 3316 et
622 3249 862 3337 promulgatae
876 3261 971 3320 sunt.
1005 3247 1078 3318 Lex

96 3352 164 3422 lata
188 3368 261 3435 est,
285 3363 321 3419 et
344 3371 467 3417 ornnes
489 3348 544 3415 illi
566 3349 681 3417 cultus
708 3350 882 3432 instituti,
909 3362 954 3423 ut
966 3351 1077 3439 signi·

96 3453 239 3523 fiarent
268 3465 457 3522 venturum
487 3447 676 3535 Messiam‚
715 3462 757 3519 ut
786 3449 918 3518 Paulus
949 3451 1078 3544 inquit,

96 3549 277 3624 Christum
299 3574 374 3621 esse
396 3550 503 3617 linem
520 3550 614 3637 legis.
667 3545 715 3619 Et
731 3550 769 3617 in
792 3545 858 3620 hac
874 3554 1077 3622 narratione

96 3650 226 3723 Psalmi
242 3655 346 3724 offert
364 3650 513 3720 Messias
528 3675 625 3719 suam
639 3651 877 3720 obedientiam
895 3653 1077 3746 inquiens:

96 3748 150 3826 Ut
163 3751 315 3851 faciam
339 3748 560 3821 voluntatem
584 3765 681 3821 tuam
698 3751 796 3823 Deus
813 3776 923 3828 mens.
972 3753 1079 3838 Volo,

96 3869 133 3927 st
152 3858 208 3927 lex
230 3868 292 3926 tua
313 3856 406 3924 intra
430 3878 486 3922 me
508 3867 569 3925 est.
619 3850 697 3942 Ego
720 3877 803 3922 vere
827 3867 862 3922 et
882 3857 1078 3925 totocorde

96 3958 279 4042 obediam,
306 3955 491 4042 ,sustinebo
514 3976 645 4045 poenas
671 3977 734 4042 pro
756 3955 890 4038 electis,
916 3980 955 4025 ac
985 3957 1079 4026 redi-

96 4079 189 4127 mam
206 4053 397 4128 Ecclesiam
415 4079 492 4124 meo
508 4055 696 4143 sanguine,
722 4056 813 4124 sicut
827 4058 1079 4145 promissiones

96 4171 166 4231 ste
181 4159 314 4243 editae,
339 4171 374 4227 et
389 4158 443 4225 lex
462 4168 498 4226 et
513 4158 628 4226 cultus
644 4156 779 4246 priores
798 4158 1053 4246 significarunt.
1131 4124 1383 4216 “le“”fiam’
1410 4125 1446 4194 ld
1471 4139 1541 4205 Μ’
1572 4139 1715 4216 l'ml’l‘l
1744 4151 1862 4195 veram
1886 4126 2003 4193 ⁰⁰¹dl⁸
2024 4124 2112 4193 οὓς·

198 4257 268 4328 llic
289 4282 403 4330 sermo
422 4259 601 4347 aptissime
620 4257 791 4327 tribuitur
812 4257 973 4328 Messiae.
1025 4256 1079 4328 Ac
1130 4224 1323 4341 dlenll‘lm’,
1341 4249 1448 4344 ‘Flam
1470 4227 1562 4316 Ρ81ΐί
1590 4252 1676 4344 Vel?
1701 4224 2030 4344 ³¹⁰⁰¹²,P‘³²⁸lllll²
2065 4226 2111 4296 de
2178 4336 2182 4342 ,

1130 4349 1198 4418 qua
1218 4327 1420 4396 obedientia
1441 4342 1475 4400 et
1498 4343 1691 4399 reverentia
1721 4351 1863 4418 proprie
1893 4321 1979 4395 haec
2001 4328 2110 4397 verba

1129 4426 1261 4496 Psalmi
1278 4428 1490 4518 loquuntur:
1519 4425 1635 4512 Volo,
1662 4443 1697 4500 ct
1713 4425 1775 4498 lex
1790 4443 1848 4499 tua
1868 4428 1960 4496 intra
1975 4453 2032 4499 me
2047 4443 2109 4513 est,

1130 4529 1252 4611 idest,
1275 4529 1398 4599 volens
1414 4531 1479 4601 tibi
1494 4532 1643 4617 obedio,
1673 4547 1706 4604 et
1723 4526 1790 4601 hoc
1809 4531 2014 4600 mandatnm
2031 4542 2108 4600 toto

1129 4632 1235 4699 corde
1249 4631 1353 4700 facio.

1129 2501 1222 2577 dissi
1240 2501 1352 2593 mihi,
1378 2509 1516 2602 inquit,
1538 2508 1659 2592 idest,
1685 2504 1775 2577 mihi
1791 2508 1944 2579 Messias
1967 2511 2115 2578 manda·

1129 2622 1203 2678 tum
1218 2611 1365 2692 dedisti,
1390 2623 1430 2679 ut
1445 2632 1521 2678 mea
1535 2610 1736 2680 obedientia
1750 2610 1811 2680 liat
1826 2611 1958 2701 placata
1975 2609 2027 2680 ira
2042 2624 2115 2689 tua,
2166 2625 2169 2630 ’

1128 2710 1349 2779 attollantur
1363 2724 1543 2799 peccatum
1559 2725 1593 2781 et
1607 2734 1713 2779 mors.
1746 2708 1803 2780 Aa
1825 2706 1917 2782 hanc
1933 2725 2115 2803 praestan·

1128 2909 1457 2999 brevisdescriptio
1482 2911 1673 3000 passionis:
1713 2907 1804 2982 Ecce
1830 2912 1953 2994 venio,
1990 2912 2116 2998 offero,

1128 3023 1161 3081 et
1177 3026 1314 3102 praesto
1331 3011 1589 3100 obedientiam,
1615 3035 1704 3104 quae
1721 3013 1760 3081 in
1776 3014 1851 3101 lege
1874 3026 1908 3082 et
1923 3009 2125 3102 Prophetis.

1127 3113 1172 3181 de
1186 3137 1242 3181 me
1257 3115 1385 3205 scripta
1403 3124 1465 3182 cst.
1514 3107 1591 3200 Ego
1605 3111 1753 3185 Messias
1771 3115 1896 3183 adsum
1918 3113 2114 3205 promissus

1128 3215 1268 3284 decreto
1290 3213 1504 3284 immutabili
1525 3211 1593 3284 Dei
1623 3228 1658 3284 et
1683 3215 1847 3284 obediam
1876 3214 1915 3284 in
1939 3215 2113 3305 passione,

1127 3314 1395 3385 sicut-mactatio
1413 3315 1494 3405 agni
1517 3327 1552 3384 et
1567 3315 1635 3384 alia
1658 3316 1768 3386 multa
1792 3315 2052 3403 significarunt,
2079 3330 2114 3387 et

1126 3409 1326 3507 Prophetae
1347 3417 1533 3506 dixerunt,
1559 3411 1685 3485 Esaiae
1708 3414 1787 3491 53.:
1822 3416 1936 3487 Ponet
1956 3418 2112 3486 animam

1126 3540 1226 3585 suam
1254 3512 1405 3588 hostiam
1437 3542 1502 3610 pro
1532 3532 1684 3607 peccato.
1743 3515 1790 3591 Et
1822 3514 2026 3588 Zacharias:
2070 3515 2113 3587 ln

1127 3619 1298 3706 sanguine
1326 3617 1545 3688 Testamenti
1576 3619 1630 3688 tui
1654 3622 1779 3690 educes
1802 3622 1845 3689 de
1874 3620 1952 3689 lacu
1976 3621 2121 3691 vinctos·

1129 3732 1220 3789 tuos.
1271 3716 1330 3788 sic
1354 3733 1388 3787 et
1409 3716 1567 3808 Epistola
1593 3721 1638 3789 ad
1665 3717 1848 3790 Hebraeos
1870 3721 2006 3814 inquit:
2038 3719 2113 3809 Qui

1131 3820 1168 3886 in
1190 3817 1315 3887 diebus
1336 3821 1451 3890 carnis
1472 3843 1556 3889 suae
1576 3844 1695 3910 preces
1715 3836 1749 3892 et
1771 3822 2045 3912 supplicationes
2067 3823 2113 3891 ad

1131 3944 1209 3988 enm
1242 3921 1304 4013 qui
1335 3935 1447 4010 potest
1477 3923 1612 3990 salvare
1641 3946 1682 3990 ex
1713 3938 1826 3993 morte
1853 3948 1933 3992 cum
1958 3923 2111 3992 clamore

1132 4044 1258 4110 magno
1273 4037 1307 4092 et
1324 4023 1478 4092 lacrimis
1499 4024 1669 4108 offerens,
1695 4026 1877 4096 exauditus
1897 4039 1948 4093 est
1968 4035 2126 4114 propter«

96 4362 125 4431 si
153 4361 237 4454 quis
267 4360 355 4431 velit
383 4357 564 4428 Psalmum
591 4359 748 4428 tribuere
779 4357 927 4442 Davidi,
960 4374 1077 4429 tamen

96 4453 183 4535 baec
196 4463 304 4532 verba
320 4463 510 4535 transferre
523 4461 562 4527 in
580 4458 748 4529 Messiam
764 4475 962 4549 cogeretur:
988 4462 1079 4532 sicut

96 4583 198 4656 supra
221 4564 408 4655 aliquoties
432 4561 603 4645 diximus,
626 4557 800 4630 Davidem
828 4565 974 4633 recitare
1000 4587 1080 4633 suas

96 4664 318 4735 editiotiones
331 4678 365 4734 et
379 4663 622 4746 liberationes,
648 4675 817 4755 tanquam
835 4677 956 4753 typum
971 4661 1078 4735 Chri.

96 4766 157 4850 tti,
181 4778 226 4835 ut
246 4765 433 4853 significet,
459 4765 573 4857 qualis
597 4765 737 4833 futurus
763 4765 808 4833 sit
836 4761 1017 4845 Christus,
1043 4779 1078 4835 et
1229 4759 1472 4834 Concionatur
1494 4788 1575 4854 ergo
1598 4761 1683 4835 haec
1710 4790 1789 4855 pars
1816 4767 1861 4834 de
1880 4764 2108 4854 abrogatione

96 4865 217 4960 pules
230 4867 371 4936 futurae
386 4866 458 4936 sint
473 4864 693 4936 adflictiones
708 4878 743 4935 et
763 4866 992 4937 liberationes
1008 4863 1079 4938 Eo-
1128 4865 1233 4955 legis,
1260 4879 1293 4936 et
1307 4879 1454 4936 testatur
1468 4868 1737 4939 mactationibus
1754 4869 1928 4958 pecudum
1951 4889 2024 4936 non
2042 4890 2108 4958 po-

96 4967 234 5039 rlesiae.
1130 4967 1236 5038 tuisse
1251 4968 1329 5038 tolli
1346 4981 1526 5059 peccatum
1542 4981 1576 5038 et
1591 4983 1751 5048 mortem,
1777 4971 1836 5038 sed
1855 4967 2006 5038 Messias
2020 4969 2107 5038 obe-

194 5069 268 5139 Scd
292 5091 358 5137 nos
376 5090 576 5137 sermonem
599 5064 743 5140 Christo
768 5069 976 5139 tribuemus.
1025 5064 1078 5139 Ac
1128 5068 1262 5166 dientia
1290 5069 1461 5159 placatam
1490 5093 1562 5141 esse
1587 5071 1677 5139 iram
1704 5067 1783 5145 Dei.
1833 5065 1882 5138 Et
1912 5070 1995 5163 quia
2024 5070 2107 5139 lacit

96 5190 150 5245 tu
164 5169 306 5261 priores
320 5193 441 5239 versus
454 5182 538 5238 sunt
553 5172 756 5254 exordium,
781 5171 820 5240 in
838 5194 909 5263 quo
933 5184 982 5240 est
998 5193 1078 5259 gra·
1128 5171 1342 5240 mentionem
1360 5171 1467 5259 libri,
1493 5172 1636 5242 deducit
1656 5174 1819 5243 lectorem
1838 5172 1883 5239 ad
1902 5170 2106 5259 promissio·

96 5268 231 5349 tiorum.
248 5271 354 5343 actio.
403 5270 466 5340 Ait
487 5269 634 5341 Messias
658 5295 693 5341 sc
714 5273 923 5341 tristissimis
940 5273 1076 5341 dolori·
1128 5294 1190 5341 nes
1211 5271 1364 5342 subinde
1383 5274 1630 5363 promulgatas.
1682 5271 1736 5344 Ex
1761 5269 1815 5343 his
1840 5270 2105 5361 vultcognosch

96 5378 157 5451 ¹sus
169 5382 383 5476 oppressum
396 5370 522 5457 fuisse,
548 5376 608 5442 sed
623 5387 741 5442 tamen
757 5388 952 5467 expectasse
964 5399 984 5443 a
998 5372 1077 5447 Deo
1127 5373 1241 5468 qualis
1256 5374 1302 5445 sit
1320 5373 1521 5444 obedientia
1537 5374 1702 5446 Messiae.
1802 5376 1806 5381 ’

1230 2406 1329 2495 Quid
1357 2407 1467 2498 igitur
1497 2408 1653 2499 postulat
1684 2404 1804 2477 Deus?
1843 2401 1964 2479 Aures
1988 2404 2115 2504 perfo-
2230 2489 2235 2496 g

1127 2808 1209 2877 llam
1240 2811 1345 2880 Vesslo
1371 2824 1406 2880 el
1426 2835 1481 2879 me
1503 2810 1627 2882 offero.
1679 2809 1776 2880 Haec
1805 2814 1963 2881 narrssllo
1998 2824 2049 2881 ebl
2080 2825 2115 2883 el
2239 2809 2240 2813 Ἰ
