4538 5754
96 265 203 344 tort·
604 244 608 252 ’
703 238 769 343 un
821 261 1184 341 conumranu
1217 262 1269 339 m
1298 257 1542 338 psannios
1967 271 1970 277 ·
2032 267 2130 344 toas

96 453 149 510 tas
178 460 325 528 magnos
353 439 528 513 tumultus
551 453 586 512 et
607 437 800 512 'seditiones
819 438 977 532 paritura
1000 451 1085 510 erat.
1135 434 1213 508 Hae
1241 458 1365 508 causae
1389 435 1509 504 valent
1530 432 1623 522 apud
1647 425 1775 506 Deum.
1843 435 1936 507 Cum
1958 435 2055 508 enim
2077 439 2124 512 sit

96 538 217 629 Quare
234 541 265 609 si
281 538 459 612 Socratem
477 542 728 624 consuluisset,
754 566 800 612 an
817 539 875 610 hic
890 542 992 610 labor
1005 563 1084 609 sus-
1134 562 1261 624 verax,
1292 536 1465 631 promissa
1495 530 1590 603 haud
1621 534 1730 603 dubie
1750 547 1913 626 praestat.
1971 536 2121 609 Utrum-

96 641 282 733 cipiendus
309 655 416 724 esset,
449 657 542 715 certe
564 641 727 714 Socrates
754 644 932 715 dissuasor
949 642 1084 712 luisset.
1134 664 1203 733 que
1224 654 1341 709 autem
1365 637 1546 729 promisit,
1571 647 1606 705 et
1625 636 1871 708 exauditurum
1895 660 1930 707 se
1949 638 2121 710 invocan-

96 740 167 814 Sed
198 739 256 814 hic
284 745 322 812 in
346 740 489 813 Psalmo
511 745 680 816 discimus
705 744 881 814 mandatis
905 744 976 813 Dei
997 744 1084 813 obe-
1135 755 1197 822 tes,
1222 755 1256 812 et
1270 754 1485 810 asserturum
1499 759 1536 806 se
1550 758 1623 806 esse
1637 736 1786 826 gloriam
1800 761 1911 808 susm.
1961 735 2064 811 Hanc
2078 743 2121 810 li-
2149 734 2152 747 '

96 845 378 928 diendumesse,
401 858 435 915 et
449 844 562 915 exitus
575 844 651 917 Deo
669 847 981 916 commendandos.
1134 845 1214 912 dem
1237 843 1413 911 discamus
1436 862 1500 909 nos
1522 861 1663 931 quoque
1683 840 1727 906 ad
1744 835 1859 909 Deum
1880 839 1919 909 in
1942 845 2119 931 precando

197 963 303 1032 Hanc
347 974 457 1030 mem
504 963 599 1034 vitae
643 964 748 1053 longe
790 962 1081 1054 praestantiorem
1133 944 1280 1014 adferre.
1332 941 1406 1011 Has
1429 962 1567 1022 causas,
1594 962 1683 1031 quae
1706 940 1809 1009 toties
1832 941 1871 1008 in
1889 938 2040 1012 Psalmis
2062 968 2119 1014 re·

96 1064 255 1133 omnium
293 1056 588 1153 philosophorum
621 1060 777 1154 Ethicis,
825 1078 963 1153 oportet
983 1064 1082 1151 'bene
1133 1057 1322 1161 P0¹U¹¹¹u¹2
1356 1061 1595 1134 P¹⁰l¹⁰¹¹¹¹¹¹¹¹⁸
1627 1037 1849 1159 Deptuuod
1877 1041 1908 1161 *Ξ
1936 1043 2117 1128 iidemu&
2170 1125 2172 1135 ,

96 1162 306 1232 inculcatam
330 1186 403 1232 esse
425 1165 622 1234 mentibus:
649 1168 731 1258 quia
751 1188 854 1255 saepe
876 1176 994 1233 errant
1015 1159 1081 1232 ho·
1133 1169 1353 1263 ¹¹l¹¹¹lef¹¹¹¹¹
1374 1157 1487 1227 ⁰¹¹¹⁰2
1508 1155 2117 1232 1]θῦθὸθθῑΐῐῑῑθὸἕθῐῦῐωθῦθδῑῑῡὸ

96 1263 229 1348 mines,
263 1287 342 1332 cum
379 1278 501 1334 contra
533 1268 699 1336 mandata
722 1267 795 1337 Dei
821 1265 953 1334 suturis
975 1288 1086 1334 even·w
1132 1261 1380 1339 etpetruones.
1887 1309 1890 1324 .
2061 1344 2064 1351 r
2134 1260 2137 1266 '

96 1363 191 1435 tibus
214 1388 400 1434 occurrere
423 1367 561 1436 volunt.
613 1365 662 1439 Ut
682 1364 797 1437 autem
818 1360 903 1435 haec
918 1389 974 1434 ars
989 1367 1081 1434 vitae
1203 1439 1212 1449 ,
1234 1348 1304 1441 Sed
1327 1344 1484 1464 humant
1504 1357 1651 1462 naturis,
1682 1358 1827 1437 propter
1845 1368 2008 1436 magnam
2030 1373 2117 1419 con·

96 1463 314 1553 intelligatur
343 1481 377 1536 et
406 1483 623 1549 exerceatur,
656 1482 807 1561 utraque
836 1468 968 1537 virtute
992 1489 1081 1557 opus
1132 1449 1308 1519 f¹¹¹¹0¹¹⁰¹¹¹
1332 1449 1596 1518 dub¹¹t¹¹⁰¹¹¹¹¹¹¹
1620 1470 1658 1513 ¹¹¹
1681 1448 1805 1531 ¹0¹d02
1831 1470 1920 1538 pene
1943 1451 2048 1520 turda
2064 1465 2118 1524 est

96 1579 163 1644 est,
206 1567 333 1636 timore
363 1564 430 1636 Dei
458 1582 492 1639 et
525 1569 604 1644 fide,
684 1567 812 1639 Timor
840 1568 1003 1647 obediat,
1047 1579 1079 1635 et
1131 1553 1175 1619 ad
1192 1547 1255 1619 has
1268 1549 1533 1641 promissiones,
1557 1571 1622 1616 nec
1637 1547 1768 1616 iudicat
1779 1562 1848 1617 tam
1860 1549 2117 1638 liberalesesse,

96 1666 181 1735 lides
196 1667 338 1736 intuens
346 1663 461 1736 Deum
478 1683 607 1741 statuat
619 1693 685 1739 nos
702 1669 817 1739 iuvari
831 1680 866 1737 et
880 1668 949 1756 tegi
965 1665 1081 1751 alico,
1132 1663 1193 1720 aui
1215 1665 1307 1720 ‘³¹³⁸
1330 1663 1363 1719 ²1
1386 1650 1505 1718 firmas
1528 1670 1613 1719 0³⁸⁰·
1665 1645 1760 1718 Huic
1781 1650 1994 1719 dubitationi
2011 1676 2117 1743 repu-

96 1779 246 1857 repetat
261 1781 295 1838 et
311 1782 465 1859 expectet
477 1773 592 1840 honos
607 1782 764 1839 eventus.
824 1765 1080 1838 Acintalibus
1131 1754 1312 1843 &nandum
1334 1766 1396 1824 e⁵¹·
1449 1747 1597 1839 Semper
1618 1761 1734 1818 aulem
1759 1773 1839 1819 ⁰¹¹¹¹¹
1867 1753 2116 1839 l¹¹⁰¹¹¹i⁵⁸i⁰¹¹0³

96 1868 441 1940 Exerciriisluxfidei
460 1871 498 1939 i„
515 1872 614 1941 omni
631 1871 702 1940 vit,
721 1871 1004 1943 cresceredebeg
1132 1852 1341 1941 cogitamus,
1382 1851 1488 1919 simul
1517 1851 1709 1920 intuendus
1732 1862 1784 1920 est
1804 1851 1981 1922 mediator
2003 1851 2117 1925 Filius
2191 1919 2193 1924 ,

197 1983 311 2054 Totus
328 2001 444 2054 autem
453 1985 614 2056 Psalmus
630 1987 716 2056 alias
729 1986 884 2074 regulam
901 2008 962 2056 seu
978 2009 1078 2079 prae-

96 2098 236 2175 ceptum
254 2084 380 2166 tradit,
407 2101 448 2158 ut
463 2087 639 2156 mandatis
655 2086 725 2157 Dei
743 2087 950 2157 obediamus
959 2115 976 2181 εἱ
993 2088 1079 2158 alias

96 2187 348 2279 promissiones
370 2200 404 2256 et
419 2188 723 2261 comminationes.
774 2184 820 2257 Et
838 2191 978 2257 eaedem
998 2213 1078 2259 sen-

96 2287 225 2358 tentiae
240 2288 345 2356 variis
360 2288 479 2376 liguris
494 2289 662 2379 repetitae
678 2301 770 2358 sunt.
821 2287 996 2379 Proponit
1012 2285 1078 2383 hy-

96 2401 301 2482 potyposes‚
335 2388 502 2458 florentes
524 2389 653 2479 impios
676 2404 711 2461 et
732 2388 926 2460 saevientes
946 2392 984 2459 in
1008 2387 1078 2459 Ec-

96 2489 256 2572 clesiam,
281 2491 339 2558 sed
363 2513 445 2559 mox
461 2489 618 2560 ruituros
633 2504 669 2562 et
684 2491 870 2580 perituros.
922 2488 1077 2561 Econtra

96 2611 178 2658 vero
189 2585 382 2657 Ecclesiam
401 2613 622 2681 oppressam,
647 2605 811 2662 ettamen
828 2614 949 2662 rursus
965 2616 1078 2662 emer-

96 2703 233 2780 gentem
249 2713 290 2758 ex
303 2690 464 2762 miseriis.

231 2911 561 3008 Argumentum
595 2877 653 2984 uc*
684 2911 939 3004 dispositio

364 3043 524 3125 Psalmi
556 3043 809 3127 XXXVlll.

146 3188 312 3267 Domine
328 3215 378 3265 ae
392 3199 432 3267 in
446 3188 579 3285 furore
593 3202 658 3264 tuo
673 3215 817 3288 arpuos
831 3215 912 3282 me,
940 3203 1012 3265 etc.

197 3341 341 3413 Primus
355 3366 496 3423 versus,
521 3356 554 3413 et
570 3344 738 3434 postremi
755 3345 847 3434 duo,
873 3359 908 3415 et
922 3343 1078 3415 decimus

97 3446 245 3540 quintus
268 3458 302 3514 et
325 3444 481 3514 decimus
503 3440 636 3527 s‘extus,
668 3456 752 3513 sunt
774 3447 1010 3534 precationes,
1040 3449 1078 3513 in

96 3547 226 3640 quibus
247 3546 333 3636 petit
353 3544 469 3615 David
488 3546 744 3635 mitigationem
767 3545 962 3634 ingentium
987 3547 1078 3616 cala·

96 3648 260 3718 mitatom
276 3660 311 3716 et
324 3647 594 3730 liberationum,
620 3670 666 3715 ne
680 3646 867 3716 obiiciatur
881 3672 899 3715 a
915 3644 1009 3731 Deo,
1035 3671 1079 3716 ne

96 3748 320 3840 opprimatur
343 3742 498 3819 hostium
519 3748 656 3828 furore,
681 3771 726 3816 ne
744 3761 879 3837 pereat,
904 3749 994 3819 sicut
1012 3749 1080 3818 im-

96 3849 147 3940 pii
177 3872 218 3919 ex
239 3849 380 3936 tragicis
405 3849 506 3917 malis
530 3860 639 3917 ruunt
661 3849 698 3915 in
719 3861 901 3919 aeternum
924 3850 1080 3935 exitium,

1131 1951 1209 2024 Dei.
1262 1952 1314 2023 lta
1338 1952 1551 2041 cogitatione
1572 1974 1773 2035 causarum,
1798 1952 1928 2042 quibus
1943 1950 2040 2023 Deus
2063 1968 2117 2025 te-

1131 2068 1243 2125 statur
1257 2079 1293 2124 se
1307 2054 1460 2137 moveri,
1483 2052 1568 2120 fides
1581 2051 1761 2121 excitanda
1779 2064 1848 2137 est,
1873 2067 1907 2123 et
1922 2057 2114 2143 petendum

1131 2169 1165 2225 et
1183 2156 1435 2246 expectandum
1453 2165 1506 2223 est
1521 2153 1702 2223 auxilium.

1130 2275 1131 2278 ’
1234 2254 1373 2326 Caeteri
1387 2277 1508 2323 versus
1522 2253 1560 2321 in
1574 2266 1650 2321 toto
1663 2251 1804 2321 Psalmo
1818 2267 1902 2324 sunt
1916 2254 2115 2328 tristissima

1130 2358 1292 2450 querela,
1318 2369 1352 2424 et
1374 2354 1531 2423 narratio
1555 2351 1750 2440 ingentium
1776 2355 1961 2437 dolorum,
1987 2359 2115 2448 ampli.

1130 2458 1228 2527 licata
1268 2457 1448 2524 mentione
1482 2475 1665 2522 causarum
1694 2466 1731 2523 et
1759 2455 2113 2537 circumstantiarum.

1130 2557 1210 2627 Non
1232 2555 1326 2624 enim
1341 2569 1479 2625 tantum
1495 2548 1681 2622 homiuum
1699 2553 1781 2625 odia
1799 2569 1834 2625 et
1848 2558 2005 2647 corporis
2018 2561 2114 2649 peri·

1130 2659 1208 2726 cula
1230 2672 1263 2727 et
1284 2656 1458 2725 cruciatus
1480 2653 1620 2737 recitat,
1645 2654 1828 2724 sedetiam
1852 2657 1958 2726 aliam
1979 2659 2115 2730 tristio-

1130 2781 1203 2827 rem
1228 2766 1367 2827 cau'sam
1390 2776 1547 2824 summae
1569 2754 1769 2823 moesticiae
1789 2771 1925 2841 narrat,
1951 2761 2115 2832 videlicet

1131 2859 1225 2951 quod
1241 2880 1350 2926 manu
1367 2851 1433 2924 Dei
1448 2867 1629 2945 prematur
1642 2866 1677 2923 et
1692 2854 1824 2942 sagittis
1838 2857 1972 2926 divinis
1988 2862 2114 2931 vulne-

1130 2972 1244 3043 retur,
1269 2957 1535 3049 perterrefactus
1556 2976 1576 3024 a
1591 2951 1668 3023 Deo
1682 2955 1890 3027 ostendente
1908 2957 1997 3028 iram
2015 2984 2113 3032 suam

1130 3063 1297 3130 adversus
1316 3071 1462 3155 peccata.

1232 3158 1349 3230 Fortis
1366 3159 1504 3227 animus
1522 3155 1691 3247 tantisper
1706 3157 1819 3227 donec
1834 3159 2048 3232 conscientia
2062 3180 2114 3237 est
2213 3193 2218 3202 ·

1131 3262 1264 3349 integra
1287 3275 1321 3330 et
1345 3258 1466 3330 statuit
1488 3281 1523 3327 se
1538 3255 1612 3327 Deo
1634 3259 1771 3348 placere
1794 3272 1827 3328 et
1843 3283 1863 3328 a
1878 3259 1953 3330 Deo
1970 3264 2114 3336 defendi

1131 3377 1165 3432 et
1187 3362 1322 3445 iuvari,
1346 3360 1446 3429 facile
1467 3361 1597 3450 perfert
1612 3381 1652 3427 ac
1667 3359 1817 3450 despicit
1832 3360 1982 3431 iniurias
1999 3364 2114 3437 illatas

1132 3464 1175 3532 ab
1205 3457 1430 3545 hominibus,
1459 3473 1501 3530 ut
1524 3459 1737 3543 Laurentius
1765 3473 1800 3530 et
1821 3463 1954 3532 multae
1977 3465 2115 3554 puellae

1132 3564 1169 3631 in
1206 3564 1387 3654 suppliciis
1425 3565 1659 3651 despexerunt
1689 3574 1860 3653 tyrannos
1891 3577 1924 3632 et
1953 3554 2130 3639 mortem(

1132 3665 1199 3736 Sed
1223 3689 1303 3734 cum
1326 3662 1538 3732 conscientia
1563 3662 1720 3750 expavit3
1754 3674 1788 3730 et
1809 3664 1923 3732 deseri
1945 3688 1985 3735 ac
2007 3669 2114 3739 obiici

1132 3770 1240 3835 aDeo
1265 3766 1447 3848 videmur,
1473 3777 1506 3832 et
1521 3758 1598 3830 Deo
1621 3763 1809 3846 irascente,
1834 3765 1964 3833 ruituri
1988 3768 2026 3835 in
2049 3771 2115 3840 tri.

1132 3869 1239 3937 stiora
1257 3867 1347 3958 mala
1358 3892 1377 3940 z,
1392 3860 1451 3933 hic
1469 3862 1574 3932 dolor
1588 3862 1693 3951 longe
1709 3864 1867 3953 asperior
1881 3879 1933 3936 est
1946 3869 2115 3941 omnibus

96 3965 137 4021 ¹¹²
149 3945 311 4032 Ph⁴¹¹³⁰2
337 3948 423 4019 3³⁰¹
438 3963 471 4019 ‘i
487 3950 620 4018 ⁸¹¹¹¹ss¹⁸
636 3951 828 4038 P0¹¹¹¹¹¹¹¹¹0
1115 3961 1118 3966 ⁵
1133 3992 1320 4059 corporum
1337 3966 1561 4035 cruciatibus.
1615 3962 1714 4033 Talis
1728 3964 1796 4035 fuit
1809 3964 1956 4036 Davidis
1972 3973 2116 4057 moesti·
2202 4002 2205 4006 ·

197 4062 294 4135 Duas
307 4074 422 4134 autem
438 4079 740 4149 causasrecenset,
765 4078 806 4134 ut
821 4089 936 4156 saepe,
961 4092 1024 4137 cur
1037 4068 1081 4137 sit
1133 4071 1186 4139 cia
1206 4069 1245 4137 in
1267 4068 1390 4151 exilio,
1415 4065 1599 4136 sentientis
1616 4066 1744 4135 molem
1761 4069 1891 4157 peccati
1908 4070 1961 4137 sui
1974 4083 2008 4137 et
2024 4070 2113 4142 iram

97 4166 331 4236 adiuvandus.
381 4162 539 4235 Alteram
557 4166 801 4256 impulsivam,
829 4168 911 4258 quia
926 4189 1027 4255 spero
1044 4170 1080 4236 in
1132 4170 1211 4242 Dei.
1264 4168 1365 4238 Talis
1387 4182 1420 4237 ct
1437 4163 1607 4266 Ezechiae
1630 4166 1735 4236 dolor
1751 4168 1836 4250 fuit,
1862 4169 1906 4235 de
1925 4192 1994 4257 quo
2012 4170 2114 4242 dicit:

96 4280 149 4349 te,
175 4267 213 4335 id
239 4281 308 4350 cst,
334 4267 402 4335 fide
423 4268 550 4337 invoco
571 4281 624 4351 te,
649 4280 684 4336 et
705 4267 876 4336 auxilium
892 4291 911 4335 a
929 4282 1080 4358 teexpe-
1134 4270 1235 4343 Sicut
1256 4271 1311 4338 leo
1331 4269 1499 4338 contrivit
1519 4268 1638 4336 omnia
1662 4288 1739 4335 ossa
1765 4288 1852 4340 mea.
1905 4264 1980 4363 Etsi
1997 4285 2115 4344 autem

96 4382 166 4440 cto.
215 4365 415 4437 Promisisti
436 4381 553 4437 autern
574 4368 745 4438 auxilium
766 4370 809 4437 ad
829 4371 1086 4459 teconlugien-
1134 4375 1195 4442 diu
1218 4395 1321 4439 nemo
1343 4382 1457 4462 potest
1478 4365 1543 4439 hos
1566 4365 1754 4439 horribiles
1772 4384 1918 4456 pavores
1933 4373 2117 4463 sustinere,

96 4469 215 4553 tibus,
253 4470 344 4540 sicut
375 4468 474 4546 alibi
493 4468 640 4540 dicitur:
680 4468 796 4559 Prope
826 4485 876 4540 est
906 4469 1082 4541 Dominus
1135 4487 1252 4543 tamen
1275 4472 1395 4541 multis
1418 4471 1581 4540 accidunt
1602 4471 1748 4538 adversa
1774 4469 2027 4543 inextricabilia
2047 4471 2117 4546 hu.

96 4571 266 4642 omnibus
295 4570 543 4640 invocantibus
577 4593 657 4639 eum
679 4570 717 4638 in
741 4571 899 4642 veritate.
961 4571 1081 4644 Altera
1134 4598 1241 4643 mano
1272 4573 1441 4656 consilio,
1471 4572 1510 4640 in
1542 4571 1673 4663 quibus
1700 4570 1885 4658 degustant
1913 4574 2024 4643 animi
2051 4573 2117 4649 hos

96 4692 201 4742 eam
231 4685 283 4741 est
312 4672 446 4751 finalis,
482 4695 528 4740 ne
558 4668 782 4762 triumphent
810 4674 1018 4758 adversarii,
1049 4689 1083 4744 et
1135 4676 1352 4746 tristissimos
1375 4675 1526 4743 dolores.
1554 4670 1657 4741 .Non
1682 4670 1885 4759 intelligunt
1899 4687 2014 4743 autem
2029 4702 2117 4769 quo-

96 4766 294 4863 blasphemi
321 4773 538 4861 glorientur,
564 4795 644 4841 suas
667 4773 855 4862 opiniones
876 4797 975 4843 veras
999 4792 1082 4862 esse,
1134 4778 1243 4846 relam
1267 4791 1327 4846 aut
1349 4773 1626 4864 consolationes,
1651 4767 1818 4861 Epicurei
1836 4786 1895 4842 aut
1912 4769 2118 4868 hypocritae

95 4875 296 4945 doctrinam
306 4871 373 4941 Dei
385 4874 662 4942 commentitiam
672 4897 754 4946 esse.
789 4873 1080 4947 Promisitautem
1135 4879 1224 4948 ebrii
1246 4877 1401 4955 laeticia,
1427 4897 1533 4968 quam
1554 4896 1596 4941 ex
1619 4873 1859 4964 voluptatibus
1875 4877 1948 4943 suis
1965 4892 2024 4948 aut
2040 4881 2120 4968 glo-

96 4973 191 5045 Dens
212 4997 249 5042 se
271 4974 420 5064 gloriam
444 4997 544 5044 suam
566 4975 793 5044 defensurum
810 4990 845 5046 et
861 4977 1082 5048 adsertorum
1134 4979 1186 5049 ria
1209 4980 1428 5070 percipiunt,
1452 4977 1512 5043 sed
1537 4973 1740 5044 aerumnosi
1763 4974 1884 5066 aliquo
1906 4980 2011 5047 modo
2027 4969 2119 5052 hanc

96 5088 197 5156 esse,
215 5087 257 5145 ut
270 5070 464 5148 Esaiae48.
480 5074 625 5145 dicitur:
653 5070 805 5167 Propter
817 5100 949 5146 nomen
963 5103 1080 5148 meum
1136 5081 1314 5174 querelam
1334 5077 1552 5165 intelligunt.
1604 5073 1671 5144 His
1693 5076 1837 5165 prodest
1862 5071 1968 5145 huius
1987 5077 2118 5151 Psalmi
2165 5137 2169 5145 .

96 5177 271 5250 movebo
293 5176 381 5247 iram
405 5200 531 5247 meam.
581 5173 629 5252 Et
648 5178 777 5247 deinde
792 5178 968 5269 sequitur:
996 5179 1084 5251 Pro·
1137 5181 1335 5250 meditatio:
1360 5178 1526 5248 Primum
1539 5190 1579 5247 ut
1593 5175 1752 5266 exemplo
1765 5199 1802 5245 se
1817 5177 1992 5252 erudiant.
2029 5179 2121 5251 Cum

96 5294 172 5374 pter
202 5293 281 5357 me,
317 5291 460 5369 propter
489 5302 546 5346 me
574 5277 719 5360 faciam,
753 5303 799 5348 ne
822 5276 1086 5371 blasphemetur
1137 5283 1232 5351 enim
1251 5294 1285 5351 et
1301 5292 1434 5350 caetera
1454 5279 1612 5348 membra
1629 5273 1805 5346 Ecclesiae
1821 5277 1943 5349 vident
1959 5281 1996 5348 in
2013 5283 2119 5352 tantis

96 5400 228 5453 nomen
249 5401 388 5459 meum,
415 5374 461 5450 Et
478 5379 627 5469 gloriam
643 5403 758 5450 meam
774 5381 873 5452 alteri
888 5405 963 5452 non
980 5384 1086 5456 dabo.
1137 5383 1290 5453 miseriis
1311 5406 1401 5468 esse,
1428 5382 1540 5450 sciant
1560 5402 1598 5448 se
1620 5400 1764 5472 quoque
1784 5400 1869 5444 non
1881 5380 2052 5444 atlxecxos
2062 5399 2148 5440 esse

1425 5476 1510 5555 bb*
