4538 5754
185 280 259 362 sec
415 267 628 347 semera
653 267 730 343 ru.
755 265 872 344 nno.
898 238 966 343 an
991 266 1120 346 msr.
1147 266 1292 350 onor.
1315 270 1384 349 nr
1408 269 1603 350 eureos.
1635 267 1961 351 senesanna,
2145 273 2223 354 soa

193 468 228 525 at
254 445 456 543 vagabundi
481 456 602 516 motus
632 443 800 517 materiae
831 443 1057 516 elementaris
1087 441 1184 515 varie
1237 446 1458 534 voluntates,
1482 471 1548 517 nec
1565 445 1745 518 simulatio
1760 447 1794 518 ei
1808 447 2000 519 tribuenda
2016 463 2079 522 est.
2123 447 2222 520 Haec

195 554 344 627 ruentis,
1237 548 1412 638 deprimo
1430 551 1528 619 fonte
1544 550 1821 638 contingentiae,
1846 551 1981 622 scilicet
1998 553 2042 621 de
2056 551 2220 622 libertate

1235 649 1276 721 in
1297 646 1392 735 Deo,
1422 650 1528 722 initio
1550 654 1703 722 tenende
1730 666 1831 738 sunt,
1865 667 1900 724 et
1918 667 2059 724 tenerae
2082 668 2219 725 mentes

1236 765 1397 823 accurate
1428 754 1645 822 muniendae
1670 768 1755 825 sunt
1784 769 1907 825 contre
1942 757 2050 826 stoica
2087 757 2218 829 delira-

1237 868 1366 923 menta.
1416 850 1556 924 Deinde
1574 855 1832 926 consideranda
1856 871 1927 943 est,
1952 872 1986 927 et
2007 858 2157 928 libertas
2180 860 2218 927 in

465 686 654 777 oppositio
680 679 903 787 Modnlitun.

214 894 217 899 ¹
354 801 564 876 Contrarias
589 802 723 873 similes
744 800 1020 873 universalium:

196 909 344 984 Necesse
365 921 416 979 est
439 903 625 975 Platonem
755 902 981 997 Impossibile
998 915 1049 972 est
1063 901 1184 972 Plato-

197 1013 250 1083 ire
266 1011 305 1079 in
320 1005 563 1078 Academiam.
756 1030 839 1075 nem
883 1006 935 1074 ire
976 1005 1015 1073 in
1043 1002 1184 1075 Acade-

758 1132 877 1182 msam.

1237 956 1406 1026 creaturis
1422 957 1669 1027 rationalibus.
1707 954 1798 1027 Cum
1815 959 1967 1043 dicitur,
1992 954 2159 1030 homines
2174 962 2217 1031 ad

1235 1058 1428 1146 imaginem
1449 1055 1519 1127 Dei
1545 1058 1708 1127 conditos
1730 1081 1826 1142 esse,
1853 1074 1969 1151 partes
1994 1077 2077 1133 sunt
2093 1063 2217 1151 imagi-

1236 1159 1313 1238 nis,
1340 1160 1462 1229 lumen
1486 1159 1704 1244 intellectus,
1732 1160 1827 1230 etin
1853 1163 2034 1232 voluntate
2056 1164 2217 1246 virtutes,

1237 1276 1272 1331 et
1287 1261 1434 1332 libertas
1450 1261 1603 1349 eligendi
1618 1262 1713 1331 inter
1727 1286 1783 1331 res
1799 1263 2014 1352 propositas,
2039 1277 2102 1333 eut
2116 1261 2217 1347 hanc,

1236 1376 1297 1433 aut
1311 1363 1421 1434 illam.
1475 1360 1552 1432 Hac
1565 1377 1682 1432 autem
1698 1364 1863 1434 libertate
1884 1365 2023 1435 diaboli
2045 1379 2080 1434 et
2100 1361 2217 1435 homi-

324 1241 601 1319 Subcontrariac
622 1242 755 1312 similes
776 1243 1061 1334 particularium:

199 1348 372 1423 Possibile
388 1359 439 1418 est
455 1343 642 1416 Platonem
744 1341 919 1414 Possibile
934 1357 986 1414 est
998 1341 1184 1414 Platonem

199 1453 252 1523 ire
269 1450 308 1519 in
324 1447 566 1532 Academiam.
749 1468 823 1515 non
836 1446 889 1515 ire
897 1447 935 1514 in
944 1446 1184 1516 Academiam.

302 1567 413 1657 Leges
428 1579 545 1636 autem
568 1577 602 1633 et
627 1562 924 1655 aequipollentiae
944 1585 1049 1654 snpra
1072 1562 1184 1633 tradi-

199 1686 255 1743 tae
275 1666 347 1739 huc
371 1667 692 1738 accommodandae
713 1678 808 1736 sunt.
863 1665 904 1736 ln
928 1665 1074 1736 materia
1097 1688 1183 1734 con·

199 1771 351 1862 tingenti
385 1768 584 1840 contrariae
613 1766 737 1836 ambae
764 1767 873 1838 falsae
900 1780 1002 1857 sunt,
1042 1778 1083 1837 ut
1107 1762 1181 1835 bic:

199 1874 346 1945 Necesse
367 1885 421 1942 est
435 1871 620 1965 Platonem
645 1866 698 1940 ire
718 1869 759 1937 in
785 1866 1033 1955 Academiam,
1058 1881 1092 1938 et
1114 1869 1183 1937 im-

199 1976 368 2069 possibile
384 1987 435 2044 est
450 1972 636 2042 Platonem
654 1969 708 2040 ire
722 1970 760 2039 in
776 1964 1025 2050 Academiam,
1047 1983 1114 2042 etc.

303 2090 358 2163 De
380 2088 667 2184 aequipollentiis
689 2089 753 2158 etsi
777 2090 911 2160 multae
938 2090 1088 2179 paginae
1114 2089 1183 2156 im-

198 2196 345 2288 plentur
359 2194 404 2263 ab
421 2193 518 2272 aliis,
545 2204 579 2261 et
601 2191 768 2259 videntur
793 2190 875 2260 illae
897 2190 1183 2282 propositionum

199 2296 416 2365 variationes
430 2295 620 2374 obscurae,
647 2306 766 2362 tamen
782 2293 1000 2362 admonendi
1022 2307 1106 2363 sunt
1127 2292 1182 2361 di-

200 2410 348 2480 scentes,
364 2409 472 2466 totam
489 2418 565 2463 eam
584 2393 784 2463 doctrinam
802 2390 1080 2490 Grammaticam
1097 2416 1183 2479 esse,

75 2498 78 2503 ’
200 2512 235 2568 et
270 2521 289 2566 a
324 2497 551 2566 mediocriter
584 2507 718 2565 attento
750 2495 854 2564 facile
885 2496 1043 2566 iudicare
1068 2519 1181 2588 posse.

199 2597 350 2668 Prorsus
375 2597 468 2665 enim
493 2595 677 2665 translatio
698 2597 896 2686 negationis
917 2597 956 2666 in
980 2598 1183 2668 modalibus

201 2701 365 2790 congruit
380 2702 424 2768 ad
440 2697 707 2769 translationem
721 2700 921 2789 negationis
937 2701 977 2769 in
999 2701 1185 2772 universa·

200 2802 295 2873 libus
309 2816 344 2873 et
358 2799 647 2892 particularibus:

351 2903 434 2974 Non
447 2903 563 2972 omnis
579 2897 689 2974 bomo
704 2904 836 2989 currit,
860 2905 1076 3000 aequipollet
1089 2903 1160 2989 isti,

1238 1488 1299 1534 nas
1320 1487 1394 1534 sese
1415 1464 1483 1554 ipsi
1506 1487 1527 1533 a
1548 1463 1624 1535 Deo
1647 1456 1873 1555 averterunt,
1899 1490 1964 1535 nec
1988 1467 2132 1537 volente
2154 1491 2217 1536 nec

1236 1568 1456 1657 approbante
1475 1563 1570 1650 Deo,
1605 1567 1688 1659 quia
1713 1582 1753 1638 ut
1775 1567 1878 1637 toties
1900 1569 1971 1636 iam
1996 1568 2132 1638 dietum
2154 1584 2216 1650 est,

1236 1667 1333 1738 Deus
1348 1691 1572 1761 nequequam
1589 1669 1721 1756 peccati
1733 1690 1835 1738 eausa
1854 1683 1914 1741 est.
1965 1668 2139 1762 Sequitur
2152 1671 2217 1759 igi·

1236 1783 1295 1840 tur
1310 1793 1432 1839 revera
1448 1769 1724 1858 contingentiam
1749 1793 1839 1855 esse,
1873 1795 1953 1839 corn
1973 1773 2141 1841 voluntas
2153 1795 2213 1842 aua

1235 1873 1399 1942 libertate
1419 1895 1456 1940 se
1478 1871 1643 1941 averterit
1665 1868 1794 1956 aDeo,
1820 1896 1900 1941 cum
1923 1873 1971 1942 ita
1993 1873 2138 1942 condita
2162 1875 2216 1953 sit,

1235 1989 1276 2044 nt
1298 1974 1379 2046 talis
1403 1972 1550 2042 facultas
1571 1986 1659 2042 esset
1679 1973 1832 2062 eligendi
1856 1968 1924 2042 hoc
1939 1986 1999 2043 aut
2015 1975 2119 2047 illud.
2170 1971 2216 2044 Et

1236 2077 1401 2168 deinceps
1416 2075 1454 2143 in
1471 2069 1615 2144 homine
1629 2090 1747 2146 manet
1763 2076 1891 2174 aliquis
1903 2074 2059 2146 delectus
2074 2089 2137 2145 aut
2153 2076 2217 2145 ali-

1235 2202 1304 2273 que
1318 2177 1478 2256 libertas,
1502 2189 1541 2246 ut
1557 2176 1600 2244 de
1616 2177 1817 2247 actionibus
1833 2176 1997 2262 externis,
2022 2178 2217 2271 quaetfiont

1235 2279 1385 2371 imperio
1407 2277 1620 2358 voluntatis,
1646 2280 1871 2348 manifestum
1888 2291 1950 2351 est.
2002 2277 2124 2370 Scipio
2138 2282 2216 2351 aba·

1234 2383 1354 2454 tinans
1368 2382 1414 2450 ab
1428 2380 1562 2461 aliena,
1587 2379 1700 2450 libera
1715 2381 1897 2450 voluntate
1910 2381 2074 2454 abstinet.
2114 2380 2214 2452 Paris

1236 2484 1335 2554 nulla
1353 2483 1575 2566 necessitate,
1601 2482 1701 2553 nulla
1726 2483 1925 2567 coactione,
1950 2482 2044 2573 rapit
2064 2483 2215 2552 alienato

1235 2587 1346 2654 libera
1371 2585 1573 2663 voluntate,
1608 2598 1641 2654 et
1666 2597 1804 2674 poterat
1828 2608 1903 2652 non
1925 2608 2060 2675 rapere.
2122 2583 2216 2653 Haec

1235 2687 1420 2756 manifesta
1436 2698 1538 2769 sunt,
1565 2685 1648 2778 quia
1667 2685 1742 2776 ipsa
1759 2687 1918 2755 doctrina
1942 2685 2100 2756 coelestis
2119 2709 2215 2755 seve·

1235 2788 1374 2859 tissime
1390 2787 1524 2877 flagitat
1538 2785 1784 2879 disciplinam,
1807 2800 1841 2856 et
1859 2789 1959 2858 toties
1975 2787 2140 2857 nominat
2164 2789 2215 2857 iu-

1236 2891 1374 2961 sticiam
1396 2889 1524 2961 earnis.
1585 2888 1752 2960 Testatur
1774 2912 1855 2978 ergo
1879 2890 2033 2982 aliquem
2057 2912 2131 2958 esse
2157 2890 2214 2958 de-

1236 2994 1386 3074 lectum,
1412 3004 1446 3061 et
1468 2992 1623 3085 aliquam
1646 2991 1859 3062 libertatem.
1909 2987 1974 3060 Est
1999 2986 2109 3079 igitur
2135 3015 2215 3060 eon-

1235 3093 1419 3184 tingentia.
1471 3091 1544 3164 Nec
1560 3092 1731 3163 eveniunt
1746 3093 1863 3161 omnia
1881 3092 1977 3162 fatali
2002 3092 2214 3175 necessitate,

199 3212 312 3302 pollet
333 3210 410 3280 isti:
445 3208 621 3279 Possibile
648 3210 716 3280 fuit
744 3233 819 3279 non
849 3234 972 3302 rapere
995 3208 1182 3281 Helenam,
1235 3210 1278 3267 ot
1294 3194 1407 3267 Stoici
1423 3195 1600 3266 dixerunt.
1653 3193 1749 3283 Quid
1767 3190 1976 3264 horribilius
1991 3195 2137 3283 cogitari
2154 3219 2214 3284 po·

199 3310 296 3381 Haec
313 3310 573 3379 animadversio
589 3312 732 3401 prodest
747 3312 791 3379 ad
815 3312 1086 3401 intelligendum
1110 3334 1185 3385 rer.
1237 3311 1326 3382 test,
1353 3321 1458 3390 quam
1476 3297 1606 3385 fingere
1627 3296 1756 3366 scelera
1773 3294 1924 3365 Neronis
1947 3296 2045 3364 fatali
2068 3295 2215 3365 necessi·

200 3435 361 3495 monem,
401 3409 485 3504 quia
508 3410 720 3501 negationis
759 3412 945 3485 translatio
975 3412 1184 3492 discrimina
1236 3414 1307 3470 lale
1331 3400 1422 3470 facta
1446 3397 1544 3467 etse?
1594 3394 1715 3487 Quare
1738 3410 1883 3487 propter
1913 3397 2060 3486 gloriam
2082 3398 2155 3467 Dei
2184 3409 2213 3465 et

199 3513 294 3587 facit.
372 3534 374 3539 ⁴
1236 3513 1382 3594 propter
1404 3499 1588 3570 veritatem
1607 3511 1811 3569 constanter
1840 3499 2041 3568 reiiciamus
2071 3499 2213 3568 stoicam

203 3671 350 3741 verane
374 3672 432 3739 ea
452 3672 576 3740 a...
601 3670 746 3759 ..aa
782 3688 880 3762 aaa
900 3667 1017 3755 aaa,
1049 3672 1185 3743 0...
1236 3598 2216 3787 3:¹:1¹aa::ttztt:::s:tttt::aaa

516 3774 727 3843 mmm
750 3766 866 3868 Pell?
1238 3803 1322 3876 baec
1338 3829 1424 3882 vox,
1451 3801 1625 3896 quaesit:
1652 3798 1768 3873 Deum
1784 3825 1924 3872 causam
1943 3825 2016 3872 esse
2033 3802 2134 3874 mali.

196 3909 200 3921 “
302 3901 535 3995 Nequaquam
560 3927 641 3975 vera
667 3917 737 3988 est,
759 3908 819 3974 sed
840 3906 928 3976 falsa
952 3920 1185 3978 etcontume·
1235 3928 1241 3933 ·
1700 3917 1704 3925 ’

200 4007 289 4078 liosa
321 4005 490 4074 adversus
517 4001 646 4075 Deum.
705 4004 867 4075 Primum
897 4008 994 4077 enim
1022 4009 1185 4094 sciamus,

198 4107 315 4180 Deum
333 4128 407 4175 esse
422 4127 528 4195 agens
542 4104 786 4190 liberrimum,
809 4120 843 4177 et
859 4108 1040 4180 liberrima
1054 4111 1184 4181 volun·

201 4224 274 4281 tate
293 4207 494 4279 condidisse
509 4222 545 4279 et
559 4228 699 4277 servare
716 4221 905 4296 creaturas,
921 4235 987 4281 nec
1000 4211 1183 4302 alligatum
1337 4212 1569 4305 Nequaquam
1605 4211 1709 4283 affert
1748 4211 1989 4281 necessitatem
2025 4212 2217 4292 eventibus,

202 4333 277 4380 esse
295 4312 339 4379 ad
358 4331 479 4380 causas
495 4310 684 4394 secundas,
707 4309 745 4378 id
760 4322 823 4396 est,
845 4306 1025 4410 physicas,
1052 4316 1113 4384 sed
1138 4314 1185 4382 li·
1235 4317 1298 4409 qui
1315 4315 1482 4384 oriuntur
1497 4337 1516 4383 a
1532 4313 1715 4384 voluntate
1730 4308 1899 4395 humana,
1915 4327 1949 4382 et
1963 4336 2037 4381 non
2053 4336 2072 4381 a
2088 4313 2220 4393 divina,

201 4413 287 4482 bere
303 4434 360 4480 eas
375 4433 515 4501 regere,
537 4426 572 4483 et
587 4434 689 4504 saepe
706 4412 884 4484 moderari
901 4428 936 4486 et
954 4416 1109 4506 mitigari
1127 4415 1185 4500 in÷
1236 4431 1292 4488 ut:
1321 4415 1429 4486 Videt
1452 4412 1548 4485 Deus
1563 4413 1708 4485 Saulem
1730 4415 1999 4484 interfecturum
2015 4437 2090 4483 esse
2104 4437 2215 4484 saeer-

201 4513 425 4585 vocantibus.
475 4512 573 4586 Dicit
596 4513 691 4585 enim
709 4510 888 4587 Psalmus:
919 4513 1056 4587 Omnia
1076 4542 1185 4611 quae-
1236 4521 1356 4602 dotes,
1380 4518 1441 4585 sed
1464 4539 1530 4586 nec
1554 4516 1653 4600 vult,
1676 4539 1741 4586 nec
1766 4517 1948 4607 approbat.
1980 4511 2027 4585 Et
2052 4515 2246 4587 Saul-re'

203 4636 344 4706 cunque
360 4613 493 4699 voluit,
517 4617 618 4703 fecit,
642 4616 681 4686 id
693 4605 775 4700 ‘est,
798 4617 980 4687 liberrima
1007 4620 1186 4689 voluntate
1237 4643 1319 4688 vero
1335 4631 1474 4711 poterat
1488 4640 1564 4687 eam
1579 4618 1723 4689 caedem
1737 4641 1810 4686 non
1832 4618 1957 4690 facere.
2010 4615 2120 4704 Quod
2139 4640 2216 4687 vero

202 4714 316 4788 iecit(
347 4713 532 4786 Praeterea
547 4718 670 4810 opinio
694 4717 805 4788 stoica
820 4719 939 4809 fingit,
964 4717 1080 4790 Deum
1095 4721 1186 4790 velle
1236 4719 1334 4792 Deus
1349 4720 1586 4792 determinare
1602 4719 1841 4807 contingentia
1859 4719 2007 4802 dicitur,
2032 4718 2070 4787 id
2096 4718 2149 4789 sic
2167 4718 2217 4788 iu·

203 4816 360 4904 seelera,
383 4829 418 4886 et
433 4840 572 4888 causam
595 4821 768 4890 efficacem
792 4843 867 4893 esse
890 4823 1052 4893 omnium
1077 4824 1187 4893 seele·
1237 4824 1436 4913 telligatur,
1459 4843 1541 4892 cum
1557 4821 1603 4890 de
1626 4819 1729 4888 malis
1750 4821 1899 4890 dicitur:
1926 4818 2114 4889 Praesidet
2130 4819 2217 4891 mats

202 4941 303 5003 rum,
335 4920 432 5011 quod
459 4913 678 4991 horrendum
703 4935 755 4992 est
778 4925 963 5015 cogitatus.
1014 4919 1063 4997 Et
1086 4923 1186 4995 Psal-
1238 4940 1272 4997 et
1284 4939 1396 4996 metas
1411 4921 1613 5004 constituit,
1636 4943 1683 4991 ne
1698 4921 1848 4993 ulterius
1861 4934 1967 4992 ruant
1979 4934 2040 4992 aut
2061 4938 2218 5010 grassem

201 5043 284 5090 mus
299 5019 528 5091 contradicit:
550 5021 632 5092 Non
649 5020 747 5093 Deos
762 5027 886 5096 volens
907 5027 1122 5117 impietatem
1146 5040 1186 5096 tu
1237 5026 1409 5099 turmali.
1459 5023 1561 5097 Sicut
1574 5025 1621 5092 de
1636 5019 1879 5094 Sennacherib
1896 5023 2029 5116 inquit:
2058 5021 2217 5094 lniiciaro

202 5145 249 5193 es.
303 5122 405 5192 Deus
429 5147 494 5192 nec
517 5124 595 5194 vult
615 5147 680 5203 nec
702 5129 874 5218 approbat
895 5142 1094 5219 peccatum,
1121 5144 1186 5199 nec
1238 5129 1305 5199 tibi
1320 5129 1481 5209 frenum,
1505 5138 1572 5197 etc.
1612 5120 2081 5196 Hisfundamentisbarum
2098 5125 2219 5216 dispu-

203 5235 256 5295 cst
271 5245 375 5295 causa
390 5223 546 5296 efficiens
560 5224 711 5315 peceati,
736 5231 798 5299 sed
815 5253 897 5303 vere
909 5243 944 5302 et
964 5227 1188 5302 horribiliter
1238 5231 1415 5303 tationum
1430 5227 1601 5321 cognitis,
1626 5229 1833 5320 responderi
1848 5228 2033 5320 perspicue
2045 5229 2091 5296 ad
2114 5249 2220 5320 qnae·

203 5325 373 5398 omnibus
389 5326 582 5407 “cleribus
598 5326 779 5411 irascitur,
805 5345 847 5403 ot
867 5333 942 5423 ipse
966 5333 1070 5405 toties
1090 5333 1188 5402 albr-
1238 5333 1393 5405 ationem
1418 5328 1584 5403 usitatam
1604 5344 1735 5420 potest:
1770 5324 1829 5400 An
1854 5330 2057 5402 futurorum
2078 5327 2220 5402 contin-

198 5440 287 5506 mat.
338 5426 414 5499 Nec
427 5429 615 5521 fingendae
631 5438 717 5501 sunt
737 5427 776 5501 in
791 5429 868 5506 Deo
895 5434 1188 5509 contradictoriae
1238 5432 1400 5523 gentium
1414 5431 1460 5504 sit
1475 5432 1708 5507 determinata
1726 5431 1864 5505 veritas.

355 3004 512 3096 Quidam
528 2999 728 3075 bomonon
744 3007 866 3079 currit.

301 3107 362 3180 Sic
377 3132 451 3179 non
471 3128 609 3178 neeesse
626 3108 695 3178 fuit
710 3131 832 3199 rapere
847 3107 1034 3188 Helenam,
1060 3109 1184 3201 aequi-

1272 3978 1375 4048 Num
1398 3979 1583 4068 praevisio
1608 3970 1741 4045 divino
1768 3978 2036 4046 necessitatem
2062 3966 2184 4069 affert

1620 4072 1839 4149 eventibus?
