4538 5754
2 1519 9 1535 s
126 1457 267 1550 quitor,
290 1477 365 1522 non
388 1455 432 1522 de
447 1449 588 1520 Nerone
612 1460 675 1518 aut
687 1444 864 1536 Caligula.
911 1443 1020 1514 Nulla
1043 1439 1110 1530 igi·

14 228 16 233 ’
116 276 193 354 sse
358 266 569 347 scotera
594 264 675 339 εΗ.
700 259 819 337 nar.
846 257 916 335 ao
941 258 1069 336 nssr.
1096 257 1242 338 anor.
1267 257 1335 336 ar
1359 260 1552 339 enisos
1569 263 1903 368 ‘sancraurta
2069 274 2148 348 ooo

117 463 200 520 tres.
254 437 463 514 Aristoteles
485 431 631 531 probis
652 435 792 521 verbis,
815 431 899 505 Dici
919 433 965 502 de
986 427 1101 515 omni,
1154 457 1223 502 nor
1243 432 1519 505 deliberatione
1540 436 1679 507 animae
1702 438 1749 509 ab
1774 439 1828 511 ira
1844 438 1932 527 Dei,
1956 460 2149 534 apeccato,

118 559 267 639 usurpat
276 545 316 614 ἐι
333 539 426 613 hanc
440 543 607 612 formam:
633 535 674 611 ἐν
689 532 765 632 ὅλῳ
778 530 873 607 εἶναι
886 531 1012 628 ἕτερον
1024 526 1101 602 e‘ca‘-
1155 559 1174 605 a
1193 548 1306 604 morte
1320 549 1473 609 aeterne.
1525 535 1622 608 Haec
1640 540 1806 614 liberatio
1822 544 1959 615 animae
1975 571 2053 615 non
2077 550 2148 616 tol.

120 673 202 743 pov.
249 645 411 715 Alterum
428 642 790 719 inaltecototoesse‚
815 637 940 721 idest,
964 645 1106 725 oportet
1156 637 1198 706 lit
1215 636 1334 706 civilia
1352 634 1559 707 discrimina
1577 663 1821 731 personarum.
1862 643 1964 717 Hanc
1984 649 2146 736 regulam

121 752 160 818 in
178 763 253 820 toto
269 747 424 817 subiecto
442 742 587 812 maioris
609 739 746 813 includi
767 737 965 809 subiectum
987 733 1105 804 miuo-
1155 738 1237 807 ideo
1252 737 1442 828 diligenter
1458 738 1647 812 observent
1661 743 1848 830 discentes,
1874 749 1956 840 quia
1971 749 2148 840 plurimae

122 851 191 935 ris,
215 862 345 920 utnon
361 847 455 917 valet
467 841 736 936 consequentia:
1157 839 1247 909 fiunt
1270 839 1451 930 captiones
1474 862 1516 910 ex
1541 843 1728 932 ambiguis.
1787 841 1836 916 Et
1858 847 1950 919 inlra
1972 838 2147 922 videbunt

276 947 433 1036 Quidam
448 966 546 1034 reges
558 957 642 1015 sunt
655 941 759 1027 iusti,
1033 1042 1035 1046 Α
1157 935 1224 1009 hac
1250 941 1374 1029 regula
1404 937 1658 1033 comprehendi
1689 968 1813 1016 omnes
1837 949 1996 1021 fallacias
2023 953 2062 1021 in
2091 952 2147 1021 di-

275 1046 372 1119 Nero
388 1060 533 1130 astrea,
1158 1041 1290 1111 ctione.

266 1144 688 1267 ,ErfflNmutiuim‘
835 1241 844 1260 .
1005 1237 1015 1257 .
1063 1237 1072 1255 .
1261 1171 1343 1244 Huc
1360 1174 1514 1265 pertinet
1527 1186 1563 1246 et
1579 1175 1641 1248 illa
1656 1173 1827 1269 Diogenis
1842 1182 2040 1255 cavillatio:

226 1248 296 1320 Hic
318 1250 413 1320 Nero
436 1272 511 1319 non
536 1260 589 1317 est
609 1268 648 1314 m
667 1256 743 1314 toto
765 1243 923 1314 subrecto
944 1259 1108 1310 marone:
1313 1290 1346 1380 Q
1397 1294 1419 1361 d

125 1378 208 1426 nam
223 1353 276 1423 ibi
293 1352 489 1421 subiectum
506 1350 552 1418 de
566 1346 647 1418 aliis
663 1344 876 1439 quibusdam
894 1343 1036 1430 regilone
1053 1340 1109 1409 lo·
1312 1315 1395 1483 Εὲἑ)
1408 1317 1617 1465 &⁰1:335
1625 1311 1677 1478 ’¹¹¹
1694 1320 1768 1368 ¹¹⁰⁰
1782 1321 1838 1380 0⁸2

1312 1488 1408 1584 Ergo
1417 1503 1463 1566 tu
1476 1519 1550 1566 non
1569 1520 1605 1567 es
1622 1493 1742 1575 homo.

1264 1606 1490 1700 Anibiguitas
1512 1626 1564 1684 est
1585 1614 1623 1684 in
1641 1615 1868 1691 verbosum.
1905 1618 1997 1690 Nam
2016 1621 2054 1690 in
2074 1645 2149 1691 ma-

230 1760 282 1829 D.
341 1778 362 1828 e
388 1757 473 1828 um
512 1753 684 1827 emam
701 1747 790 1823 m
813 1747 842 1819 a
887 1748 1010 1819 imm·
1163 1712 1238 1783 iore
1254 1713 1284 1781 si
1310 1713 1521 1803 intelligitur
1544 1709 1795 1810 ὑπαρκτικῶς,
1822 1744 1903 1789 vera
1928 1722 1995 1790 erit
2020 1722 2148 1796 maior.

269 1776 387 1854 ⁸⁶r9
486 1777 512 1853 9
788 1768 886 1844 ⁹⁰9
1163 1812 1342 1906 Loquitur
1358 1815 1454 1884 enim
1471 1827 1557 1886 tunc
1572 1818 1616 1886 de
1633 1818 1781 1889 diversis
1795 1823 1970 1911 personis:
1995 1818 2075 1912 Ego
2096 1823 2150 1891 vi-

422 1959 452 2014 J
491 1906 641 1979 Prima
666 1916 745 1979 cst.
1164 1939 1250 1985 vens
1272 1940 1391 1986 meum
1413 1939 1559 2008 corpus,
1596 1941 1674 1988 mea
1705 1943 1782 1989 ossa
1811 1917 1945 2013 habeo,
1974 1935 2014 1993 tu
2045 1938 2148 1995 tuum

229 2042 283 2115 Ex
297 2044 395 2137 puris
409 2041 581 2134 negativis
597 2062 671 2108 non
689 2057 829 2106 necesse
854 2044 906 2102 εει
928 2030 1031 2122 sequi
1053 2053 1114 2098 ve·
1165 2040 1310 2106 corpus,
1336 2030 1395 2087 toa
1412 2039 1489 2086 ossa
1506 2012 1624 2091 babes.
1676 2019 1747 2091 Sed
1767 2022 1855 2091 falsa
1876 2038 1928 2096 est
1952 2025 2089 2105 maiora
2121 2024 2151 2096 δί

75 2196 78 2201 .
128 2171 203 2216 mm
224 2147 511 2228 conclusionem,
543 2141 625 2235 quia
650 2138 830 2227 negativae
855 2132 932 2202 sine
957 2133 1114 2202 ullorum
1164 2118 1290 2208 copula
1316 2117 1545 2209 intelligitur,
1570 2132 1706 2190 tautum
1729 2134 1771 2193 ut
1792 2146 1919 2208 nexos,
1949 2125 2149 2213 significans

129 2263 363 2320 extremorum
380 2244 601 2316 connexione
616 2239 725 2309 nimis
739 2238 810 2308 late
824 2242 1010 2322 vagantur,
1033 2247 1091 2304 ut:
1164 2218 1376 2289 vocabulum
1410 2243 1597 2289 commune
1629 2223 1822 2313 praedicari
1856 2225 1901 2294 de
1933 2228 2149 2315 angustiore,

281 2349 410 2418 Nullus
425 2347 514 2436 lapis
529 2357 582 2413 est
596 2340 848 2430 baptizandos,
1163 2316 1254 2389 Nam
1277 2334 1318 2391 ut
1339 2318 1518 2411 Diogenes
1539 2315 1648 2391 homo
1669 2337 1741 2408 est,
1764 2325 1811 2393 ita
1838 2339 1872 2396 et
1894 2323 2016 2396 Crates
2039 2322 2149 2397 homo

280 2441 738 2531 Nullusinfgmffllapia,
1164 2433 1227 2492 est.
1289 2418 1331 2490 ln
1363 2422 1591 2491 conclusione
1620 2437 1738 2493 autem
1768 2421 1874 2495 huius
1903 2427 2150 2515 cavillationis,

281 2545 378 2638 Ergo
395 2547 518 2618 nullus
532 2546 648 2613 iulans
664 2553 717 2612 est
730 2536 973 2632 baptizandos.
1165 2521 1385 2693 cumtcopula
1400 2535 1537 2640 tanturn
1552 2537 1591 2594 ut
1605 2548 1716 2597 nexus
1726 2525 1957 2616 intelligatur,
1977 2551 2150 2599 noncon.

1165 2645 1244 2713 gros
1272 2646 1352 2693 com
1368 2647 1515 2696 mamre.

127 1572 186 1629 tor
202 1555 374 1626 connexio
390 1568 453 1625 est.

513 2713 735 2787 Secunda.

234 2848 277 2920 ln
297 2849 500 2946 syllogismo
514 2871 588 2918 non
603 2848 676 2916 sint
693 2844 812 2936 plures
825 2838 983 2925 termini,
1007 2857 1115 2932 qoam
1557 2787 1652 2879 Qua
1663 2808 1741 2945 fla·

132 2967 223 3034 tres,
249 2955 332 3048 quia
349 2955 513 3025 turbatur
530 2946 724 3028 connexio,
748 2960 809 3018 nt:
1266 2918 1348 2991 Non
1366 2921 1459 2991 valet
1474 2939 1736 3016 consequentia,
1758 2941 1891 2998 mutato
1909 2951 2036 3018 genere
2051 2952 2148 3019 prae·

284 3044 416 3128 Omnis
430 3053 655 3143 magistratus
671 3048 835 3139 politicus
849 3041 956 3113 debet
980 3038 1016 3111 vi
1034 3062 1114 3110 cor·
1165 3020 1354 3141 dfftj'tlffflf‘
1376 3022 1527 3142 Πξῖίῧξθ,
1560 3024 1597 3092 ἷῐ]
1622 3029 1847 3118 peregrinum
1871 3044 1906 3101 et
1928 3030 2146 3114 inusitatum,

338 3156 452 3249 porali
469 3161 628 3225 coercere
642 3162 887 3231 contumaces,
1166 3147 1249 3217 l1⁰¹⁸
1266 3124 1304 3196 fil
1320 3127 1549 3215 ‘mblgfflllb
1574 3140 1629 3196 ¹¹²³

282 3257 410 3344 Petrus
424 3270 475 3326 est
491 3252 522 3325 A
526 3254 703 3346 postolos,
1319 3235 1452 3309 Omnis
1467 3263 1547 3310 earo
1565 3254 1614 3311 est
1630 3254 1791 3311 creatura
1799 3293 1812 3327 ,

286 3353 383 3447 Ergo
404 3355 530 3425 Petrus
560 3356 594 3422 vi
618 3351 796 3442 corporali
825 3354 984 3420 coercere
1012 3346 1115 3416 debet
1319 3338 1498 3424 Verbum,
1525 3343 1619 3433 quod
1637 3357 1688 3412 εει
1704 3340 1818 3413 Filius
1832 3339 1920 3431 Dei,
1947 3358 2113 3437 estesse,

335 3461 481 3526 Annam
499 3467 535 3525 ει
548 3448 729 3545 Caipham.
1320 3435 1417 3531 Ergo
1434 3442 1583 3512 verbum
1598 3456 1650 3513 est
1665 3458 1838 3521 creatura.

236 3560 279 3630 ln
296 3554 365 3628 hoc
379 3556 584 3653 syllogismo
598 3554 697 3624 nulla
714 3566 767 3625 est
782 3550 932 3619 minoris
947 3552 989 3619 ad
1003 3548 1117 3617 maio·
1167 3605 1170 3610 -
1272 3555 1315 3627 ln
1331 3559 1466 3629 maiore
1487 3559 1616 3630 usitata
1639 3561 1852 3648 praedicatio
1874 3576 1925 3634 est
1948 3565 2089 3653 generis
2108 3567 2149 3634 de

136 3687 208 3734 rem
226 3659 410 3733 connexio.
449 3658 541 3730 Nam
558 3657 780 3747 magistratus
799 3650 1118 3744 politicusetApo·
1167 3658 1299 3748 specie,
1334 3658 1427 3731 Caro
1452 3674 1505 3731 est
1530 3661 1726 3731 substantia
1750 3677 1875 3734 creata.
1936 3664 1976 3733 ln
1997 3665 2147 3750 minore,

136 3765 247 3834 stolus
261 3764 365 3851 longe
379 3760 560 3849 differunt.
611 3757 706 3831 Sunt
725 3757 833 3847 igitur
854 3777 978 3845 scopae
1001 3754 1118 3822 disso-
1170 3760 1328 3831 Verbum
1355 3774 1407 3831 εει
1431 3784 1534 3844 caro,
1568 3763 1780 3851 praedicatio
1807 3778 1859 3834 εει
1889 3765 2081 3852 inusitata,
2117 3779 2150 3835 ει

45 3853 58 3869 ’
136 3868 249 3947 lotae,
275 3889 354 3932 com
370 3865 443 3933 sint
458 3874 613 3955 quatuor
631 3860 788 3936 termini.
836 3854 941 3925 Hauc
959 3854 1117 3944 regulam
1170 3884 1314 3952 prorsus
1345 3862 1461 3931 aliena
1481 3863 1529 3931 ab
1551 3862 1718 3933 omuibus
1739 3864 1819 3932 aliis
1843 3869 2029 3956 exemplis,
2062 3890 2149 3960 quae

137 3967 242 4038 initio
263 3967 451 4035 observent
472 3965 649 4048 iuniores,
675 3961 759 4056 quia
783 3971 902 4051 postea
925 3956 1118 4026 multarum
1170 3966 1214 4032 de
1229 3963 1409 4032 communi
1423 3963 1550 4032 ordine
1567 3978 1713 4035 naturae
1738 3965 1947 4058 loquuntur.
2000 3966 2093 4038 Nam
2114 3971 2150 4037 in

137 4068 340 4158 tegularum
355 4067 435 4135 funs
453 4078 513 4136 eet.
1171 4060 1237 4135 bac
1251 4063 1511 4155 propositione,
1540 4063 1695 4135 Verbum
1718 4080 1769 4137 est
1790 4091 1891 4148 caro,
1918 4064 1986 4139 hoc
2007 4071 2149 4149 dicitur,

661 4230 673 4250 ,
1174 4164 1331 4235 Verbum
1341 4160 1522 4249 esthemo,
1535 4180 1686 4235 assumta
1701 4161 1857 4238 humana
1874 4185 1999 4240 natura
2017 4171 2150 4239 unione

544 4230 715 4304 'slim‘
1171 4267 1361 4359 personali.
1412 4264 1496 4336 ldeo
1518 4291 1625 4359 supra
1649 4268 1791 4356 regulae
1811 4272 1855 4339 de
1878 4272 2028 4341 diversis
2050 4294 2153 4360 gene·

241 4368 446 4443 Cavendum
459 4380 529 4455 est,
551 4391 600 4438 ne
613 4367 659 4438 sit
671 4360 881 4454 ambiguitas
896 4361 934 4432 in
948 4358 1123 4446 terminis,
1172 4371 1273 4439 ribus
1288 4368 1592 4459 praedicationum
1607 4370 1757 4440 traditae
1777 4385 1877 4456 sunt,
1901 4387 1940 4442 ot
1963 4373 2152 4442 discrimen

139 4476 224 4571 quia
237 4476 422 4566 ambiguae
444 4493 547 4541 voces
570 4492 650 4541 cum
672 4467 803 4538 faciant
823 4480 978 4560 quatuor
998 4462 1121 4534 termi-
1145 4409 1150 4523 1
1171 4471 1219 4540 εἰι
1240 4471 1461 4560 conspectius
1481 4468 1576 4539 inter
1596 4470 1796 4552 usitataset
1815 4473 2019 4558 inusitatas,
2045 4488 2081 4546 et
2097 4497 2152 4543 ca·

8 4664 9 4667 Ἴ
140 4600 224 4663 nos,
248 4571 451 4645 distrahunt
466 4568 733 4642 connexionem.
1172 4587 1322 4643 veantur
1341 4571 1487 4642 vitiosae
1502 4571 1749 4646 connexiones.

292 4673 424 4746 Nullos
438 4694 560 4744 servus
575 4685 628 4745 est
642 4670 760 4761 liber,
1637 4738 1648 4756 .

292 4773 431 4848 Omnes
458 4799 540 4845 vere
568 4775 752 4848 eredentes
778 4762 998 4858 Evangelio,
1039 4779 1123 4836 suut
1437 4834 1439 4838 ,
1561 4735 1743 4826 Q¹¹¹¹¹l³o

342 4875 468 4959 liberi,
1274 4868 1332 4946 Ex
1346 4874 1445 4968 puris
1460 4872 1733 4965 particularibus
1747 4898 1820 4944 non
1835 4900 1975 4947 necesse
1988 4891 2041 4948 est
2057 4880 2155 4974 sequi

291 4976 387 5070 Ergo
408 4975 502 5047 nulli
521 4998 603 5047 vest
625 4974 807 5058 6ηᾶθῦῑῶ
818 4964 1017 5062 Ειθΰιθῑῖθ
1038 4983 1123 5041 8οΜ
1175 5003 1292 5052 veram
1317 4976 1593 5048 conclusionem.
1644 4974 1684 5046 Si
1708 4979 1852 5068 quaudo
1874 4980 1970 5047 enim
1992 5005 2074 5050 vera
2100 4983 2154 5049 in-

345 5079 450 5152 ⁸⁸1V3·
808 5110 810 5114 ·
1174 5085 1307 5162 sertor,
1330 5078 1366 5147 id
1393 5077 1430 5147 fit
1451 5099 1553 5160 casn,
1577 5099 1651 5144 non
1669 5077 1744 5167 lege
1758 5079 2057 5172 syllogismorum.
2111 5080 2155 5151 Et

217 5199 409 5291 ·Negauda
440 5209 493 5268 est
523 5194 794 5290 consequentia,
823 5191 908 5286 qstia
938 5213 1018 5261 cnm
1050 5188 1125 5260 sint
1174 5185 1285 5255 molta
1302 5174 1466 5248 homines
1481 5175 2055 5265 ialmratiocinanturhocmorlo,
2077 5207 2157 5251 eum

140 5310 293 5401 quatuor
315 5300 480 5380 termini,
511 5296 611 5367 nulla
635 5311 687 5367 εει
708 5293 881 5366 connexio
902 5289 1054 5362 minoris
1078 5292 1122 5360 ad
1175 5312 1216 5357 ex
1240 5278 1512 5375 particularibus
1535 5293 1701 5353 extruunt
1726 5282 1971 5351 conclusiones
1994 5309 2069 5353 non
2096 5308 2158 5355 ne·

139 5407 322 5480 maiorem.
362 5401 483 5475 Maior
497 5398 660 5493 loquitor
674 5399 720 5468 de
733 5398 896 5470 libertate
910 5393 1029 5479 civili,
1053 5390 1124 5464 mi·
1148 5389 1150 5392 ’
1175 5382 1326 5460 senuit)
1339 5395 1551 5474 sequentes,
1565 5393 1620 5452 ut:
