4538 5754
119 225 190 300 tos
361 217 571 299 SCRIPTA
597 221 673 298 ΡΗ.
701 217 817 295 MEL.
844 217 912 294 AD
936 214 1540 298 fltsr.Prt01².ErPu1L08.
1568 218 1890 298 SPECTANTIA.
2063 228 2137 304 tot

119 396 287 482 lunulis,
316 418 406 490 quae
428 391 552 477 habet,
586 407 627 464 ut
647 394 739 479 dixi,
772 417 851 465 suas
878 406 1007 477 metas,
1037 415 1102 461 nec
1154 404 1291 462 tantum
1325 392 1507 463 ordinatos
1542 406 1658 463 motus
1687 390 1913 479 habuissent,
1946 407 1983 465 et
2013 386 2140 468 fuisset

121 505 170 573 ita
184 498 430 588 amplificanda
453 509 523 578 est,
547 510 588 566 ut
602 497 776 566 obruatur
796 496 956 565 doctrina
983 494 1027 562 de
1041 495 1103 562 be·
1135 492 1358 586 ¹dulcissima
1388 488 1576 563 harmonia
1605 498 1843 584 potentiarum
1873 498 1968 566 inter
1990 520 2026 566 se
2052 521 2141 568 con-

26 618 29 625 '
122 594 435 678 neliciisfaliillei,
460 598 552 664 etde
568 594 965 687 promissioneSpiritus
981 593 1105 676 sancti,
1155 594 1369 681 gruentium.
1421 593 1469 665 Ut
1500 597 1620 684 regula
1649 610 1701 666 cst
1722 597 1826 665 unica
1852 609 1887 668 et
1912 612 2054 667 aeterna
2086 601 2142 668 lex

122 701 206 774 item
238 702 283 769 de
316 711 434 768 nostra
464 697 677 766 infirmitate.
741 695 974 766 Horribiliter
1009 694 1102 763 enim
1154 690 1223 762 Dei
1247 695 1284 779 in
1307 709 1439 775 mente,
1474 697 1521 764 ita
1546 720 1620 764 nun
1651 698 1872 766 aberrassent
1892 699 1938 767 ab
1960 723 2000 768 ea
2021 714 2144 771 motus

123 799 210 872 haec
225 795 412 869 hominum
432 798 872 883 naturalanguefactaest.
923 795 964 864 ln
988 809 1104 864 mente
1157 795 1349 864 voluntatis
1372 809 1406 863 et
1430 797 1564 880 cordis,
1606 820 1666 866 seu
1698 799 1934 889 adpetitiones
1961 820 2144 871 sensuum.

125 904 236 991 caligo
252 912 303 970 est
318 894 457 982 deDeo,
479 909 511 966 et
526 921 692 987 magnum
708 894 814 967 chaos
829 897 1105 968 dubitationum.
1157 893 1233 964 lmo
1256 894 1352 965 Deus
1378 896 1511 985 pariter
1532 912 1564 966 et
1587 898 1700 967 lucem
1728 899 1766 966 in
1790 914 1906 991 urente
1928 924 1992 991 per
2013 901 2146 984 lilium,

125 1001 302 1072 Voluntas
319 1020 440 1069 aversa
457 1010 508 1067 est
523 1023 542 1068 a
557 999 651 1082 Deo,
677 1022 751 1066 non
768 1001 867 1068 timet
878 995 1006 1081 Deum,
1031 1019 1106 1064 non

125 1105 223 1174 ardet
238 1100 363 1170 fiducia
381 1114 415 1171 et
437 1099 626 1169 dilectione
642 1098 725 1182 Dei,
760 1099 907 1188 negligit
930 1111 990 1167 aut
1014 1097 1106 1167 tristi

47 1288 51 1295 Δ
124 1203 269 1273 fremitu
294 1201 384 1289 fugit
407 1222 498 1268 eum.
563 1197 680 1269 Corda
700 1201 796 1269 varie
822 1199 1021 1269 errantibus
1043 1199 1107 1266 ad·
1130 1187 1135 1243 ¹

126 1300 276 1374 festibus
301 1303 381 1370 aliis
403 1312 508 1391 atque
530 1301 610 1368 aliis
635 1302 896 1384 incenduntur,
921 1312 955 1368 et
977 1298 1107 1367 volun-

127 1418 234 1474 tatem
250 1424 366 1472 secum
383 1402 537 1490 rapiunt.
587 1399 683 1470 Haec
703 1403 859 1490 ingentia
882 1400 974 1468 mala
991 1397 1109 1469 homi-

130 1528 193 1575 nes
210 1504 277 1571 feri
294 1517 327 1572 et
344 1502 435 1570 ebrii
450 1502 691 1592 voluptatibus
708 1502 834 1572 leviter
849 1513 985 1572 careant.
1037 1499 1106 1568 Sed

129 1604 228 1676 Deus
251 1604 295 1672 de
317 1601 561 1690 magnitudine
595 1625 718 1672 ennam
744 1625 809 1671 nos
831 1599 1111 1683 commonefacit,

130 1706 224 1776 mole
241 1726 450 1795 poenarum.
508 1703 600 1771 Nam
627 1717 771 1795 pmpter
792 1727 831 1772 ea
851 1724 961 1791 genus
984 1694 1109 1769 huma·

132 1830 218 1874 nuru
234 1803 429 1875 subiectum
447 1815 499 1872 est
514 1804 621 1873 morti
642 1818 676 1873 et
690 1800 879 1873 horrendis
903 1802 1112 1871 calamitati-

133 1908 211 1976 bus.
237 1899 479 1994 Expavescant
496 1903 604 1992 igitur
617 1905 729 1973 animi
743 1903 955 1993 cogitatione
972 1917 1112 1972 nostrae

133 2004 306 2090 miseriae,
330 2005 391 2072 sed
406 2025 527 2073 rursus
543 2005 649 2074 etiam
664 2017 854 2094 agnoscant
867 2002 1034 2073 beneficia
1048 2001 1113 2071 filii

135 2106 225 2190 Dei,
250 2106 311 2198 qui
329 2117 362 2175 et
376 2103 469 2174 delet
493 2120 672 2196 peccatum
699 2129 739 2174 ac
761 2119 931 2193 mortem,
956 2117 991 2174 et
1011 2118 1051 2175 ut
1074 2104 1113 2172 in
1167 2137 1175 2153 ·

135 2203 202 2277 hac
226 2205 296 2274 vita
321 2204 439 2293 colligi
456 2200 613 2275 Ecclesia
635 2207 764 2296 possit,
793 2205 898 2274 etiam
928 2226 1114 2275 aerumnas

135 2304 241 2376 huius
259 2306 354 2376 vitae·
364 2306 512 2394 mitigat,
538 2307 627 2376 sicin
645 2306 761 2397 inquit
777 2306 876 2377 Deus
888 2305 927 2373 in
945 2304 1115 2375 concione

136 2406 287 2476 lloseae:
320 2403 404 2474 Non
437 2406 564 2474 faciam
598 2406 753 2475 furorem
789 2405 861 2474 irae
882 2428 998 2491 meae,
1032 2406 1115 2497 quia

136 2504 234 2576 Deus
258 2529 320 2595 ego
343 2529 432 2574 sum.
492 2502 600 2593 Quasi
630 2506 743 2575 dicat:
776 2503 984 2596 Reprimam
1014 2505 1116 2590 iram,
1192 2532 1196 2551 ·

50 2607 56 2615 “
141 2607 223 2700 quia
247 2619 372 2674 natura
394 2601 580 2676 hominum
602 2607 774 2674 sustinere
795 2629 872 2675 eam
894 2631 968 2674 non
991 2619 1116 2697 potest.

139 2706 234 2776 Volo
250 2719 367 2776 sutem
380 2709 601 2797 superstitem
618 2730 691 2775 csse
706 2705 745 2774 in
761 2702 826 2776 hac
839 2707 911 2776 vita
920 2703 1115 2777 Ecclesiam

140 2831 267 2879 meam.
318 2802 365 2876 Et
386 2807 480 2876 filius
502 2805 570 2879 Dei
592 2821 781 2900 perpetuus
802 2804 965 2878 sacerdos
988 2821 1056 2879 stat
1079 2809 1117 2876 in

142 2921 262 2978 sancto
279 2920 479 2977 sanctorum
497 2911 686 2999 deprecans
700 2932 763 3000 pro
778 2909 894 2987 uobis,
920 2922 961 2979 ut
974 2933 1118 2980 serven-

142 3024 202 3080 tur
214 3003 391 3078 Ecclesiae
405 3008 587 3101 reliquiae.
637 3007 757 3097 Quare
773 3022 807 3078 te
820 3009 872 3078 lili
886 3006 951 3080 Dei
976 3011 1119 3081 domine

144 3109 224 3180 lesu
231 3105 381 3192 Christe,
403 3111 565 3180 crucifixe
581 3114 644 3200 pro
660 3110 764 3195 nobis
774 3123 808 3181 et
816 3111 1029 3196 resuscitate,
1044 3133 1121 3194 oro,

144 3223 185 3280 ut
198 3233 264 3279 uos
281 3211 422 3293 doceas,
447 3224 482 3281 et
495 3212 590 3302 apud
612 3223 791 3279 aeternum
808 3223 944 3301 patrem
968 3235 1032 3302 pro
1054 3236 1122 3280 no-

144 3310 200 3381 bis
223 3310 435 3392 intercedas,
467 3324 501 3379 et
523 3333 588 3379 nos
612 3309 748 3400 Spiritu
769 3322 831 3380 tuo
852 3326 972 3380 sancto
994 3312 1122 3400 guber-

147 3433 226 3489 nes,
253 3410 397 3499 colligas
414 3409 481 3478 tibi
492 3405 684 3480 Ecclesiam
699 3411 791 3479 inter
807 3433 893 3494 nos,
917 3434 1018 3482 sanes
1042 3413 1122 3481 vul-

147 3533 232 3580 nera
250 3522 391 3594 nostra,
416 3523 450 3580 ct
473 3533 603 3601 poenas
628 3511 797 3579 immensa
821 3511 978 3582 bonitate
999 3525 1058 3583 tua
1073 3513 1123 3581 le-

147 3611 246 3698 nias,
273 3634 352 3679 cum
366 3622 510 3681 testatus
530 3611 577 3680 sis
602 3612 787 3702 adsumpta
810 3625 936 3681 natura
958 3608 1124 3697 humana,

149 3725 183 3783 te
207 3710 385 3780 verissime
405 3711 550 3801 diligere
570 3733 680 3802 genus
707 3706 914 3782 humanum.
974 3709 1123 3783 Etcum

149 3822 309 3904 precatus
325 3811 372 3881 sis
387 3811 427 3880 in
442 3835 553 3902 agone
575 3826 655 3898 tuo,
680 3825 721 3883 ut
742 3813 905 3896 dilectio,
930 3838 999 3906 qua
1017 3829 1050 3885 te
1066 3839 1124 3897 ae-

149 3925 272 3983 ternus
286 3926 385 4003 pater
400 3911 526 4002 diligit,
553 3915 591 3981 in
607 3912 709 3982 nobis
725 3914 781 3993 sit,
804 3915 979 3998 videlicet,
1002 3929 1043 3986 ut
1059 3938 1124 3985 uos

151 4036 292 4109 quoque
321 4013 457 4101 ingenti
486 4037 604 4084 amore
632 4028 666 4086 et
687 4025 832 4105 paterna
862 4018 1001 4113 στοργῇ
1028 4039 1124 4087 com-

150 4116 323 4207 plectatur
347 4126 382 4183 et
408 4126 533 4189 servet.

253 4241 326 4317 Ubi
342 4255 458 4316 autem
474 4244 651 4339 atquibus
672 4210 969 4339 adpellationibus
993 4248 1125 4318 descri-

23 4362 25 4373 '
151 4347 239 4416 bant
253 4340 450 4438 Prophetae
465 4359 500 4419 et
508 4345 670 4437 Apostoli
686 4347 775 4416 vicia
790 4359 935 4418 naturae
949 4343 1125 4418 humanae

153 4446 359 4518 discendum
380 4461 432 4519 est
455 4447 494 4516 iu
517 4442 675 4538 Epistola
692 4445 814 4532 Pauli,
837 4449 965 4540 scripta
987 4450 1032 4518 ad
1047 4447 1125 4522 lto-

152 4568 286 4615 manos.
338 4544 408 4617 Sed
426 4548 509 4640 quia
524 4548 575 4618 ibi
589 4572 730 4642 quoque
745 4549 873 4636 legitur
889 4550 1125 4624 nomenCon-

151 4644 405 4735 cupiscentiae,
430 4661 464 4718 et
478 4650 553 4720 eius
567 4648 728 4721 vocabuli
747 4671 893 4738 magnus
911 4673 995 4721 usus
1012 4664 1063 4721 est
1086 4652 1124 4719 in

151 4739 320 4829 Ecclesia,
344 4747 473 4815 addam
487 4751 630 4821 brevem
646 4749 924 4843 explicationem,
950 4752 1031 4844 quia
1040 4749 1125 4823 Mo·

152 4838 259 4917 nachi
276 4845 410 4918 insulse
425 4865 644 4925 enarrarunt.

325 5067 385 5140 De
409 5063 585 5141 uocabulo
611 5071 952 5164 concupiscentiae.
997 5113 1000 5119 -
1072 5118 1075 5123 -

247 5208 344 5282 Deus
359 5214 519 5283 condidit
533 5216 569 5282 in
586 5209 733 5286 homine
754 5218 930 5308 potentias
954 5218 1123 5307 adpeten-

147 5325 215 5400 tes,
246 5315 386 5408 quaesi
410 5325 536 5384 natura
560 5310 747 5386 hominum
769 5322 903 5408 integra
928 5319 1123 5398 mansisset,

1157 1009 1192 1065 et
1214 995 1352 1084 Spiritu
1374 1019 1438 1065 suo
1465 1012 1584 1066 sancto
1613 1013 1731 1068 motus
1768 1021 1851 1068 suae
1883 1001 2075 1090 sapientiae
2109 1017 2146 1070 et

1157 1097 1316 1167 iusticias
1340 1112 1572 1186 congruentes
1588 1100 1768 1190 sparsisset
1782 1101 1821 1168 in
1840 1102 1957 1176 corde.

1261 1227 1399 1298 Fuisset
1416 1230 1524 1320 igitur
1539 1232 1791 1320 adpetitiones,
1815 1235 1943 1315 fames,
1968 1234 2054 1321 sitis,
2078 1238 2145 1305 de-

1159 1330 1299 1399 lectatio
1322 1330 1360 1396 in
1387 1330 1484 1414 visu,
1517 1333 1662 1416 auditu,
1695 1347 1820 1423 gustu,
1852 1333 2002 1417 olfactu,
2035 1350 2145 1424 lactu,

1161 1432 1264 1500 dolor
1282 1431 1320 1497 in
1339 1431 1525 1500 offessiouc
1543 1434 1661 1526 aliqua
1678 1433 1882 1504 nervcirum.
1934 1433 2075 1506 Deinde
2101 1438 2143 1505 in

1162 1533 1288 1614 corde,
1313 1544 1349 1600 et
1364 1532 1564 1616 voluntate,
1589 1558 1689 1603 amor
1704 1532 1791 1619 Dei,
1818 1532 1973 1635 στοργαὶ
1989 1560 2070 1627 erga
2086 1560 2148 1608 so-

1162 1633 1298 1714 bolem,
1326 1646 1505 1722 parentes,
1537 1637 1744 1722 coniugem,
1771 1651 1957 1724 cognatos,
1989 1638 2149 1708 benevo-

1161 1733 1270 1802 lentia
1290 1755 1370 1823 erga
1388 1756 1510 1802 omnes
1526 1728 1706 1818 homines,
1733 1736 1815 1805 odia
1832 1739 1999 1807 adversus
2018 1738 2149 1810 diabo-

1162 1835 1230 1917 los,
1254 1832 1390 1903 laeticia
1415 1835 1640 1928 acquiescens
1655 1836 1693 1903 in
1710 1833 1804 1919 Deo,
1830 1859 1907 1929 spes
1924 1838 2016 1908 vitae
2030 1828 2148 1909 aete‘r·

1164 1958 1244 2003 nae.
1302 1928 1351 2002 Et
1372 1931 1439 2003 hae
1463 1936 1696 2026 adpetitiones
1719 1950 1752 2006 et
1778 1932 1816 2005 hi
1840 1939 1998 2009 adfectus
2020 1963 2149 2012 omnes

1164 2036 1314 2104 fuissent
1334 2036 1510 2118 ordinati,
1545 2051 1778 2125 congruentes
1803 2039 1846 2106 ad
1869 2034 1981 2127 legem
2002 2041 2150 2129 mentis,

1165 2160 1237 2204 rmo
1251 2135 1357 2204 etiam
1372 2138 1508 2205 accensi
1522 2137 1567 2204 ab
1583 2137 1658 2227 ipso
1674 2137 1811 2226 Spiritu
1829 2151 1961 2220 saneto,
1988 2140 2048 2233 qui
2065 2165 2149 2213 suas

1165 2236 1325 2305 flammas
1346 2237 1542 2310 miscuisset
1563 2237 1747 2330 spiritibus
1767 2252 1828 2311 nat

1166 2337 1321 2405 cerebro.
1497 2334 1506 2353 ‘

1269 2467 1339 2567 Sed
1370 2463 1456 2538 haec
1487 2471 1693 2542 suavissima
1721 2468 1907 2543 harmonia
1936 2474 2077 2544 turbata
2098 2492 2152 2550 est

1168 2569 1269 2661 lapsu
1292 2570 1488 2658 primorum
1514 2585 1713 2663 parentum.
1772 2570 1876 2644 Nunc
1898 2588 1981 2645 sunt
2003 2575 2149 2668 quidem

1168 2671 1401 2761 adpetitiones
1429 2685 1465 2741 et
1495 2673 1668 2753 adfectus,
1702 2674 1762 2741 sed
1792 2688 1966 2762 vagantur
1990 2690 2024 2745 et
2044 2677 2152 2767 longe

1169 2772 1336 2842 aberrant
1360 2772 1469 2860 alege
1482 2769 1572 2858 Dei,
1599 2774 1691 2844 etin
1715 2798 1789 2842 non
1812 2775 1944 2845 renatis
1968 2800 2043 2845 non
2067 2792 2151 2848 sunt

1169 2872 1304 2943 accensi
1321 2895 1340 2940 a
1355 2869 1491 2962 Spiritu
1510 2889 1641 2948 sancto.
1684 2871 1731 2944 Ut
1746 2887 1892 2966 vagatur
1905 2899 2005 2945 amor
2022 2877 2060 2947 in
2076 2878 2153 2950 Da-

1171 2973 1271 3057 vide,
1295 2973 1360 3043 etsi
1376 2969 1483 3043 habet
1497 2974 1584 3043 alias
1607 2975 1794 3063 coniuges,
1818 2976 1955 3059 forma,
1988 2977 2152 3066 ingeniis,

1173 3075 1305 3143 virtute
1322 3086 1559 3164 praestantes,
1586 3088 1702 3144 tamen
1723 3100 1788 3144 cor
1808 3076 2012 3148 incenditur
2030 3102 2153 3150 amore

1171 3174 1307 3243 alienae
1322 3175 1492 3263 coniugis.
1545 3174 1664 3264 Quare
1687 3199 1766 3244 cum
1789 3177 2070 3268 concupiscentia
2093 3205 2154 3250 ac·

1172 3287 1333 3357 eusatur,
1359 3297 1433 3343 non
1450 3276 1498 3344 ita
1514 3276 1740 3364 cogitandum
1756 3290 1830 3365 est,
1855 3290 2017 3347 naturam
2032 3273 2154 3370 laomi-

1173 3398 1260 3444 num
1275 3374 1465 3462 integram,
1490 3377 1646 3469 futuram
1662 3377 1768 3445 fuisse
1783 3378 1858 3447 sine
1874 3379 2154 3470 adpetitionibus

1174 3488 1209 3545 et
1225 3475 1301 3544 sinc
1318 3476 1532 3561 adfectibus,
1557 3489 1592 3547 et
1615 3488 1656 3546 ut
1680 3477 1728 3545 ita
1752 3478 1885 3562 dicam,
1910 3502 2065 3565 saxeam,
2092 3496 2154 3554 aut

1173 3575 1334 3649 ferream.
1385 3575 1453 3647 Sed
1473 3602 1515 3646 eo
1532 3600 1627 3645 nunc
1642 3578 1797 3647 accusari
1820 3579 2154 3669 concupiscentiam,

1174 3677 1257 3768 quia
1273 3677 1507 3767 adpetitiones
1519 3689 1553 3747 et
1566 3678 1722 3746 adfectus
1737 3693 1911 3767 vagantur
1924 3678 2001 3749 sine
2015 3683 2154 3754 ordine.

1173 3773 1620 3868 Ecclesiastici·scriptores
1641 3802 1720 3847 cum
1753 3779 1955 3870 vituperant
1982 3783 2154 3874 coucupi-

1174 3877 1362 3961 scentiam,
1382 3878 1592 3969 plerumque
1607 3879 1745 3947 addunt
1762 3903 1911 3966 nomen,
1939 3881 2052 3952 malae
2065 3905 2152 3952 con-

1175 3978 1419 4068 cupiscentiae.
1470 3977 1542 4049 Sed
1559 3978 2069 4066 circumstantiaeostendunt,
2089 3983 2155 4055 ubi

1175 4078 1313 4148 dicatur
1333 4081 1377 4148 de
1398 4077 1528 4147 viriosa
1550 4079 1853 4168 concupiscentia,
1877 4093 1916 4150 ut
1933 4079 2040 4155 Rom.
2062 4080 2099 4157 7.
2120 4097 2156 4155 et

1175 4178 1274 4252 alibi.
1315 4176 1357 4248 ln
1375 4180 1505 4249 talibus
1518 4179 1605 4249 locis
1619 4179 1857 4267 intelligamus
1871 4204 1945 4249 nou
1960 4181 2073 4272 ipsam
2090 4207 2155 4255 na·

1175 4292 1310 4360 turam,
1334 4280 1449 4372 qualis
1473 4280 1614 4349 condita
1630 4292 1698 4362 est,
1723 4283 1785 4349 sed
1808 4277 1983 4367 ἀταξίαν,
2011 4282 2049 4352 in
2075 4309 2155 4353 om-

1175 4381 1281 4450 uibus
1320 4381 1457 4450 viribus
1492 4376 1701 4466 hominum,
1744 4396 1959 4471 pugnantem
1991 4384 2155 4455 videlicet

1174 4504 1255 4551 cum
1278 4481 1355 4570 lege
1376 4480 1457 4551 Dei.

1277 4608 1437 4704 Agrestis
1451 4615 1556 4686 etiam
1574 4612 1780 4704 imaginatio
1797 4630 1859 4700 est,
1881 4641 1959 4687 cum
1974 4635 2156 4692 accusatur

1175 4715 1476 4806 concupiscentia,
1516 4728 1653 4786 tantum
1686 4716 1882 4806 intelligere
1909 4719 2156 4811 adpetitiones,

1176 4815 1258 4900 cibi,
1283 4830 1399 4907 potus,
1423 4816 1627 4898 libidinum,
1653 4816 1901 4911 ambitionum.
1939 4818 2061 4913 Longe
2076 4846 2154 4892 ma-

1176 4916 1252 4985 iora
1273 4917 1365 4986 mala
1389 4915 1522 4987 Paulus
1546 4910 1613 4984 bac
1637 4916 1874 5008 adpellatione
1898 4921 2156 5013 complectitur,

1176 5014 1339 5087 videlicet
1373 5016 1559 5106 caliginem
1591 5029 1626 5086 et
1658 5016 1895 5088 dubitationes
1932 5022 1976 5090 de
2006 5018 2083 5093 Deo
2112 5013 2153 5093 in

1174 5130 1302 5201 mente,
1327 5119 1544 5187 aversionem
1559 5116 1752 5189 voluntatis
1766 5133 1801 5191 et
1817 5119 1934 5187 cordis
1949 5119 2066 5206 aDeo‚
2092 5148 2154 5195 ve-

1175 5218 1227 5285 rie
1243 5219 1394 5287 errantia
1413 5217 1576 5288 incendia
1590 5219 1789 5289 adfectuum
1810 5219 1847 5285 in
1868 5223 1984 5291 corde.
2036 5222 2150 5293 Deni-

1175 5340 1243 5409 que
1266 5330 1379 5389 totum
1400 5314 1466 5388 hoc
1489 5320 1642 5407 malum,
1676 5319 1772 5413 quod
1795 5318 2002 5392 tristissimis
2032 5326 2152 5395 verbis
