4538 5754
69 268 145 343 33³
627 263 707 342 ·lll.
758 258 917 338 lNlTlA
940 254 1233 337 DOCTRINAE
1252 252 1515 334 PHYSICAE.
1626 262 1629 267 '
2016 253 2112 328 884

69 452 160 516 sunt.
222 437 329 507 Anno
355 454 469 510 atrtcm
497 430 609 520 1540,
627 457 708 506 cum
730 435 870 528 eclipsis
894 432 989 507 Solis
1013 433 1053 503 in
1106 433 1278 524 gubernat
1305 425 1473 500 humores
1499 428 1538 497 in
1561 426 1770 517 corporibus
1786 427 2023 511 nascentium,
2048 440 2089 496 ut

69 540 195 612 Ariete
217 539 362 622 fuisset,
399 536 435 610 ει
454 549 574 630 postea
599 549 716 608 secuta
739 552 826 609 esset
848 535 1053 607 coniunctio
1106 535 1332 604 manifestum
1354 545 1415 602 est.
1475 527 1567 600 Cum
1595 528 1704 618 igitur
1725 523 1830 596 Luna
1858 550 1931 596 non
1955 528 2088 620 spargit

68 641 216 711 Saturni
231 653 264 711 ει
281 637 408 709 Martis
424 639 607 722 in‘Libra,
631 651 665 708 et
691 638 821 710 deinde
846 637 1051 708 coniunctio
1104 659 1209 706 suum
1240 635 1361 703 lumen
1389 631 1427 701 in
1461 652 1587 722 corpus
1615 628 1711 722 quod
1744 627 1919 712 nascitur,
1952 641 2086 699 constat

68 740 162 811 Solis
184 755 221 812 et
239 739 335 811 lovis
356 740 394 810 in
418 739 556 826 Leone,
584 739 654 810 fuit
674 738 798 830 ingens
814 753 848 810 ει
864 738 1053 810 inusitatus
1106 737 1181 806 eius
1194 734 1353 825 corporis
1367 728 1533 802 humores
1548 729 1681 801 similes
1702 729 1779 798 fieri
1791 742 1871 800 usto
1887 729 2019 812 cineri,
2045 751 2086 799 ac

69 856 194 914 aestus.

168 940 245 1012 Nec
268 942 419 1013 dubium
440 954 491 1011 εει
514 962 616 1032 posse
637 939 768 1013 similia
790 940 947 1031 exempla
968 939 1052 1010 uni-

69 1044 251 1114 versaliter
267 1068 308 1113 ex
323 1041 483 1114 omniurn
503 1042 701 1112 seculorum
731 1034 901 1112 memoria
928 1040 1052 1131 repeti.

67 1143 136 1213 Nec
151 1144 248 1214 valet
264 1143 441 1214 cavillatio
457 1139 535 1213 Pici
561 1155 596 1213 et
623 1143 810 1227 similium,
838 1142 899 1235 qui
915 1141 1051 1225 dicunt,

67 1246 266 1314 doctrinam
290 1246 334 1314 de
360 1244 493 1312 viribus
516 1256 691 1313 astrorum
716 1256 852 1314 tantum
868 1268 910 1313 ex
928 1243 1051 1331 singu·

67 1345 203 1416 laribus
218 1358 411 1417 extructam
430 1365 522 1428 esse,
546 1367 588 1412 ex
610 1345 758 1436 quibus,
783 1345 813 1412 si
837 1366 912 1414 non
929 1342 1049 1413 omnia

67 1458 149 1516 uota
165 1446 259 1529 sint,
285 1469 360 1514 non
374 1444 483 1536 possit
506 1444 627 1535 colligi
649 1445 844 1536 propositio
864 1443 1050 1537 universa-

66 1549 119 1617 lis.
173 1544 256 1617 Hoc
271 1547 379 1616 modo
396 1544 539 1613 eludere
555 1560 759 1635 argumenta
774 1547 819 1614 ab
834 1542 1049 1636 experientia

66 1660 207 1738 sumpta
225 1660 412 1717 conantur.
466 1642 535 1714 Sed
551 1667 633 1715 vera
648 1647 831 1736 responsio
847 1658 912 1716 cst:

164 1744 259 1818 Cum
274 1761 402 1819 natura
417 1767 491 1816 uno
508 1760 541 1816 et
555 1748 678 1816 eodem
701 1749 808 1816 modo
828 1759 926 1836 agat,
951 1756 1049 1835 post-

61 1869 170 1943 quam
194 1847 307 1918 multa
337 1846 495 1936 exempla
523 1868 715 1936 congruere
744 1860 963 1938 compertum
988 1856 1050 1927 est,

59 1963 158 2019 recte
188 1949 273 2017 inde
302 1945 474 2016 extruitur
501 1947 723 2020 universalis.
782 1945 862 2018 Hoc
884 1947 991 2015 modo
1015 1959 1050 2014 ει

60 2048 231 2118 Medicus
245 2070 326 2117 snas
341 2047 556 2116 universales
582 2047 775 2117 constituit.
829 2046 911 2116 Nou
927 2044 1048 2134 colligi

58 2171 187 2218 omnes
201 2148 397 2237 singulares
421 2147 654 2238 experientiae
676 2151 719 2215 de
734 2143 920 2230 Cicborio,
948 2144 1048 2216 cuius

58 2272 213 2338 magnus
241 2271 326 2319 usus
350 2263 401 2317 est
430 2249 469 2316 in
489 2247 666 2331 febribus,
694 2260 863 2339 possunt,
889 2261 924 2316 et
946 2268 1047 2337 saepe

58 2349 200 2420 effectio
217 2348 293 2418 eius
307 2348 510 2438 impeditur,
536 2348 596 2416 sed
615 2360 732 2416 tamen
748 2369 939 2417 consensus
952 2345 1046 2415 rnul-

57 2466 180 2519 torum
195 2449 457 2539 exemplorum,
483 2448 565 2540 quia
587 2462 713 2517 natura
734 2470 807 2517 uno
832 2449 939 2516 modo
966 2446 1047 2535 agit,

57 2552 132 2618 vim
151 2549 280 2641 speciei
291 2548 458 2621 ostendit.
509 2544 564 2617 Ita
587 2549 631 2616 de
653 2547 756 2618 astris
778 2561 870 2616 recte
886 2547 1047 2630 dicimus,

58 2651 280 2720 universales
309 2648 544 2740 experientias
574 2670 668 2728 esse,
700 2669 787 2741 quas
822 2647 1046 2718 recitavimus

56 2755 102 2819 de
118 2749 218 2824 Solis
239 2763 274 2819 et
288 2749 413 2819 Lunae
435 2747 698 2819 effectionibus:
724 2749 810 2818 item
827 2750 871 2817 de
890 2746 1045 2837 insigni·

57 2856 127 2920 bus
149 2850 484 2935 coniunctionibus,
509 2850 592 2943 quia
608 2862 829 2940 compertum
848 2862 920 2934 est,
945 2848 1045 2919 simi-

58 2957 110 3021 les
124 2975 201 3020 esse
218 2951 418 3020 effectiones
434 2951 643 3042 plerunque.

160 3048 299 3120 Eodem
338 3052 444 3120 modo
474 3052 518 3120 de
544 3049 759 3139 experientia
787 3051 827 3119 in
856 3045 1043 3119 hominum

59 3155 348 3244 temperamentis
364 3164 398 3220 et
412 3151 705 3220 inclinationibus
727 3174 808 3220 vere
830 3150 902 3220 dici
919 3163 1044 3239 potest.

55 3251 211 3324 Etiamsi
235 3266 380 3342 propter
402 3273 611 3321 concursum
643 3249 821 3321 variarum
861 3274 1044 3332 causarum

56 3355 239 3423 interdum
257 3353 457 3422 effectiones
473 3350 660 3419 dissimiles
680 3350 789 3430 fiunt,
815 3366 934 3421 tamen
952 3350 1042 3420 alio-

57 3480 136 3524 rum
174 3453 416 3543 exemplorum
460 3452 656 3520 multorum
704 3474 913 3536 consensus,
948 3452 1042 3519 ·vim

57 3554 216 3624 ostendit
243 3553 388 3644 speciei,
418 3552 599 3634 videlicet,
633 3573 722 3644 quae
752 3551 797 3622 sit
815 3549 1041 3622 Planetarum

58 3669 205 3738 natura,
231 3667 291 3723 aut
312 3677 416 3746 quam
432 3653 504 3721 vim
522 3647 649 3721 habeat
664 3652 758 3722 bona
774 3664 835 3721 aut
850 3664 938 3721 tetra
956 3660 1041 3720 co'n-

57 3755 206 3826 iunctio.
259 3749 312 3822 Ac
329 3753 411 3823 talis
427 3753 641 3842 experientia
661 3775 740 3819 vere
754 3752 885 3822 dicitur
897 3753 1042 3821 univer·

57 3857 156 3940 salis,
182 3866 246 3924 aut
262 3865 354 3923 certe
370 3854 560 3942 regularis,
586 3866 626 3922 ut
639 3873 744 3942 supra
757 3854 800 3919 de
815 3853 933 3943 positu
958 3853 1042 3923 stel-

1104 836 1286 925 sanguinis
1309 845 1624 925 temperamentum
1652 843 1686 901 et
1713 829 1937 900 dulcedinem
1964 830 2087 900 multis

1105 938 1220 1007 modis
1234 936 1425 1024 corrumpi.
1458 931 1552 1003 Hinc
1568 933 1677 1023 igitur
1698 930 1788 1001 varii
1808 930 1942 1015 morbi,
1974 931 2086 1014 tabes,

1104 1052 1165 1109 aut
1188 1040 1306 1128 lepra,
1331 1048 1537 1124 mentagra,
1561 1047 1595 1104 et
1615 1033 1749 1106 similes
1771 1031 1957 1115 oriuntur,
1981 1054 2083 1122 prae-

1103 1140 1222 1210 sertim
1237 1138 1268 1207 si
1283 1136 1428 1208 Saturni
1451 1151 1485 1207 et
1500 1133 1628 1205 Martis
1649 1132 1785 1224 positus
1810 1133 1914 1203 etiam
1939 1156 2001 1202 sua
2024 1156 2085 1200 ve-

1103 1263 1195 1309 nena
1210 1239 1391 1309 misceant.
1445 1235 1540 1307 Haec
1563 1230 1708 1328 physica
1730 1256 1833 1305 causa
1854 1234 1955 1303 facile
1977 1234 2084 1303 intel-

1102 1341 1165 1431 ligi
1179 1352 1301 1432 potest.

1170 1440 1240 1512 Sed
1251 1439 1378 1512 estalia
1393 1439 1519 1524 maior,
1533 1439 1572 1508 in
1590 1461 1657 1532 qua
1668 1438 1845 1530 singulare
1859 1440 2085 1510 naturaemi-

1103 1542 1264 1612 raculum
1277 1542 1573 1613 considerandum
1590 1554 1652 1611 est.
1676 1539 1791 1611 Locus
1799 1539 1921 1611 Lunae
1931 1540 1968 1608 in
1979 1555 2083 1629 partu

1103 1642 1266 1732 congruit
1281 1667 1359 1712 cum
1370 1643 1448 1711 loco
1466 1643 1505 1710 in
1515 1654 1698 1732 conceptu.
1722 1640 1762 1712 si
1778 1642 1818 1710 in
1833 1639 2083 1712 coniunctione

1102 1741 1196 1813 Solis
1218 1756 1252 1812 et
1272 1741 1395 1812 Lunae
1413 1744 1532 1814 editur
1552 1743 1686 1821 fuctus,
1715 1743 1898 1834 conceptio
1922 1743 2025 1811 etiam
2043 1743 2082 1809 in

1101 1845 1349 1914 coniunctione
1358 1842 1452 1913 Solis
1467 1841 1633 1913 etLunae
1647 1843 1737 1913 lacta
1755 1856 1818 1928 est,
1835 1868 1907 1936 quo
1924 1856 2081 1933 tempore

1101 1957 1280 2014 menstrua
1294 1945 1431 2028 fluunt,
1455 1966 1607 2036 quorum
1630 1945 1791 2034 purgatio
1807 1967 1886 2013 cum
1910 1956 2081 2036 conceptu

1100 2047 1281 2128 turbatur,
1313 2045 1428 2115 foetus
1448 2068 1488 2114 ex
1510 2043 1749 2134 impurissimo
1772 2047 1942 2135 sanguine
1964 2046 2081 2114 nasci·

1101 2159 1168 2215 tur.
1230 2142 1384 2236 ldeoque
1410 2146 1466 2213 lex
1496 2145 1618 2215 divina
1639 2168 1681 2213 eo
1705 2160 1863 2237 ternpore
1882 2146 2080 2236 generatio-

1100 2270 1180 2314 nem
1196 2240 1374 2337 probibet.
1424 2242 1525 2315 Hanc
1541 2259 1689 2316 naturae
1704 2247 1944 2336 diligentiam,
1969 2259 2009 2316 ut
2030 2247 2080 2316 ita

1100 2348 1234 2430 dicam,
1260 2347 1357 2437 quod
1379 2345 1477 2416 locus
1497 2344 1621 2417 Lunae
1642 2348 1681 2415 in
1699 2361 1824 2438 partu,
1845 2348 2012 2437 congruit
2033 2347 2078 2415 ad
2157 2347 2161 2362 '

1099 2446 1217 2515 locum
1229 2442 1353 2516 Lunae
1369 2446 1407 2514 in
1420 2463 1610 2537 conceptu,
1644 2471 1720 2516 non
1743 2448 1979 2518 existimemus
2003 2450 2078 2514 lor-

1098 2547 1225 2617 tuitam
1240 2569 1330 2632 esse,
1353 2561 1387 2617 et
1402 2548 1592 2633 cogitemus
1608 2548 1844 2620 consiliumet
1859 2550 2079 2618 voluntatem

1097 2645 1181 2730 Dei,
1215 2648 1279 2738 qui
1299 2649 1540 2736 generationes
1566 2648 1759 2720 fluentibus
1789 2649 1978 2718 menstruis
2001 2649 2079 2718 fieri

1097 2743 1294 2839 prohibuit,
1309 2748 1404 2838 quod
1423 2749 1469 2818 sit
1486 2749 1612 2819 usitate
1631 2750 1669 2818 in
1685 2764 1863 2840 postremo
1880 2752 2078 2840 quadrante

1097 2848 1239 2917 mensis.
1290 2847 1517 2917 Necdisficile
1536 2862 1624 2919 esset
1642 2851 1752 2920 multa
1776 2851 1933 2942 exempla
1952 2851 2076 2919 talium

1096 2947 1315 3017 infoeliciurn
1349 2961 1705 3038 temperamentorum
1741 2953 1896 3022 recitare.
1957 2948 2077 3037 Quare

1096 3072 1170 3116 non
1186 3047 1389 3117 dubitemus
1405 3072 1567 3138 magnam
1585 3052 1656 3119 vim
1680 3072 1753 3119 esse
1776 3050 1922 3119 luminis
1946 3051 1984 3117 in
2007 3051 2077 3116 mi-

1096 3149 1233 3217 scendis
1257 3140 1574 3241 temperamentis,
1588 3164 1623 3221 et
1646 3153 1808 3222 ordinata
1833 3164 2017 3234 anatura,
2043 3163 2078 3217 et

1096 3272 1180 3318 voce
1201 3249 1324 3318 divina
1346 3253 1585 3340 generationis
1610 3266 1785 3343 tempora,
1819 3275 1894 3322 non
1918 3264 2076 3320 contem-

1095 3373 1232 3426 namus.

1199 3448 1341 3521 lllustre
1375 3452 1653 3545 experimentum
1677 3467 1727 3525 εει
1752 3455 1977 3525 effectionum
1999 3452 2074 3523 Lu-

1095 3575 1180 3635 nae,
1214 3574 1284 3642 qua
1305 3566 1480 3624 crescente
1508 3568 1669 3625 crescunt
1693 3551 1859 3625 humores
1886 3555 2074 3644 insigniter

1095 3653 1134 3720 iu
1153 3650 1285 3720 multis
1299 3655 1528 3743 corporibus,
1560 3668 1594 3724 ει
1616 3657 1835 3727 decrescente
1855 3658 2077 3740 decrescunt,

1094 3766 1128 3821 et
1143 3776 1207 3842 pro
1225 3753 1392 3824 varietate
1407 3756 1541 3843 positus
1554 3752 1677 3823 Lunae
1695 3758 1782 3825 fiunt
1807 3770 1924 3826 motus
1944 3751 2074 3825 burno-

1094 3877 1173 3922 rum
1190 3853 1280 3922 varii
1299 3854 1337 3922 iu
1355 3855 1507 3938 morbis,
1533 3858 1629 3924 unde
1651 3869 1685 3925 et
1708 3857 1909 3927 criticorum
1933 3859 2072 3927 dierum

58 3959 171 4026 larum
189 3953 363 4034 diximus,
388 3954 448 4046 qui
473 3953 579 4021 elficit
603 3975 731 4042 corpus
754 3945 913 4044 δυνάμει
935 3972 1040 4025 noos·-
1094 3955 1293 4023 observatio
1310 3968 1385 4023 orta
1403 3969 1466 4028 est.
1517 3954 1612 4025 Fieri
1629 3955 1722 4028 euim
1739 3960 1888 4051 septimo
1912 3959 1986 4044 die,
2012 3972 2072 4027 aut

57 4053 137 4148 pir,
163 4068 207 4126 ut
224 4078 304 4124 cunr
317 4053 420 4123 Luna
435 4051 544 4122 Marti
559 4066 592 4122 ει
600 4051 755 4122 Saturno
771 4054 810 4120 in
826 4069 919 4124 sexta
933 4056 1039 4124 domo
1093 4055 1233 4125 circiter
1248 4056 1401 4144 insigues
1423 4057 1462 4124 in
1478 4057 1613 4126 morbis
1636 4061 1868 4146 mutationes,
1893 4085 1933 4129 ac
1957 4071 2072 4127 motus

57 4161 176 4228 iuncta
195 4168 268 4240 est,
292 4168 354 4224 aut
369 4178 409 4223 ex
428 4153 548 4223 vicino
563 4154 788 4223 circumsessa
804 4166 865 4224 est.
1092 4151 1303 4242 humorum,
1329 4180 1389 4226 sen
1411 4174 1452 4229 ut
1470 4160 1602 4228 malurn
1628 4159 1686 4229 fiat
1711 4162 1842 4244 levius,
1870 4185 1931 4229 seu
1954 4174 1993 4228 ut
2013 4159 2072 4225 liat

157 4254 338 4344 Regulare
368 4267 419 4324 est
448 4254 661 4338 imbecilles,
702 4267 734 4323 ει
760 4276 836 4322 non
859 4256 1040 4323 durabiles
1093 4258 1252 4347 gravius,
1287 4258 1510 4328 manifestum
1536 4274 1595 4328 est.
1646 4258 1694 4330 Et
1717 4284 1918 4353 quanquam
1941 4259 2072 4328 multae

10 4346 13 4415 l
56 4375 200 4429 naturas
223 4378 314 4440 esse,
336 4378 425 4448 quae
445 4357 600 4426 eduntur
621 4355 659 4423 in
681 4354 931 4425 coniunctione
946 4354 1040 4426 Solis
1092 4358 1342 4443 suntadoctis
1363 4361 1539 4449 ‘praealtae
1560 4384 1702 4439 causae,
1735 4375 1851 4430 tamen
1874 4362 1961 4428 adeo
1986 4383 2071 4426 con-

10 4474 13 4545 t
57 4474 87 4531 et
102 4458 249 4539 Lunae,
275 4479 315 4525 ac
328 4456 532 4545 praesertim
548 4480 628 4524 curn
642 4454 744 4525 Luna
761 4457 893 4526 accedit
909 4458 952 4524 ad
972 4455 1039 4528 So·
1092 4458 1185 4546 gruit
1203 4455 1304 4537 Luna
1321 4482 1399 4527 cum
1422 4459 1493 4528 illis
1510 4461 1782 4542 mutationibus,
1807 4474 1848 4531 ut
1864 4461 1940 4530 eius
1955 4459 2072 4553 positu

57 4561 145 4630 tem.
188 4554 269 4628 Etsi
284 4569 400 4626 autern
423 4556 603 4626 interdurn
628 4555 776 4624 aliarum
802 4557 1037 4626 beneficarum
1092 4558 1345 4627 maximeellici
1371 4559 1575 4631 criticorum
1598 4561 1734 4630 dierum
1759 4561 1965 4632 discrimina
1987 4585 2070 4631 eru-

56 4661 237 4729 stellarum
265 4681 331 4748 ope
344 4656 478 4727 lenitur
494 4653 562 4725 hoc
580 4656 734 4737 malum,
759 4668 877 4725 tamen
903 4680 1039 4749 semper
1086 4658 1254 4751 ditissimi
1269 4659 1435 4731 iudicent.
1486 4660 1597 4732 Causa
1612 4674 1727 4730 autern
1752 4686 1826 4731 non
1847 4664 1997 4733 obscura
2018 4677 2071 4731 est

55 4763 188 4854 aliquid
212 4757 315 4828 affert
338 4757 566 4828 incommodi.
616 4754 695 4825 Hoc
717 4757 805 4825 adeo
828 4771 954 4827 notum
977 4774 1037 4843 est,
1091 4783 1211 4829 earum
1240 4761 1488 4834 mutationum.
1553 4759 1808 4833 Universaliter
1837 4765 1931 4844 enim
1956 4764 2068 4852 signa,

55 4874 183 4932 utnon
200 4859 317 4927 solum
335 4856 544 4929 Aristoteles
564 4859 602 4926 in
625 4858 719 4928 libro
745 4859 790 4926 de
812 4856 1037 4946 generatione
1090 4884 1180 4953 quae
1211 4862 1343 4932 distant
1368 4864 1539 4952 quadrato
1568 4876 1726 4950 aspectu,
1765 4880 1908 4935 naturas
1938 4858 2070 4934 habent

55 4959 304 5033 Animantium
318 4958 431 5044 dicat,
455 4960 686 5029 imbecilliora
704 4980 779 5028 esse
794 4971 940 5049 corpora
955 4976 1037 5032 nata
1090 4962 1293 5035 contrarias.
1351 4959 1436 5030 Ideo
1459 4975 1491 5030 et
1515 4976 1673 5054 aspectus
1695 4967 1857 5056 quadrati
1879 4964 2068 5056 periculosi

54 5064 89 5131 in
100 5060 358 5133 coniunctione
375 5059 469 5131 Solis
492 5072 528 5130 ει
547 5057 691 5142 Lunae,
729 5062 790 5129 sed
814 5060 946 5150 peritae
970 5063 1035 5131 ob-
1088 5076 1190 5146 sunt,
1216 5075 1251 5132 et
1274 5063 1375 5132 Luna
1401 5084 1535 5152 egressa
1559 5065 1604 5132 ab
1627 5064 1747 5157 aliquo
1770 5067 1890 5155 signo,
1920 5069 2068 5136 eumad

56 5165 209 5234 stetrices
226 5162 351 5241 etiam,
378 5185 419 5231 ac
440 5174 570 5230 matres
584 5162 634 5231 sic
649 5160 874 5233 nascentibus
889 5176 1036 5252 propter
1088 5175 1251 5254 quartum
1275 5162 1435 5248 accessit,
1470 5187 1550 5232 curn
1572 5166 1648 5234 eius
1669 5180 1794 5253 patura
1820 5169 1995 5238 contraria
2021 5168 2068 5236 sit

56 5264 330 5336 imbecillitatem
344 5274 523 5352 metuant,
550 5262 649 5332 cuius
664 5263 717 5331 rei
730 5284 832 5332 causa
846 5286 920 5331 non
933 5261 1033 5332 vide·
1086 5264 1220 5353 primo,
1250 5263 1325 5331 lieri
1355 5263 1585 5335 mutationem
1614 5267 1769 5359 aliquam
1794 5267 1833 5336 in
1855 5263 2066 5338 humoribus

56 5379 108 5435 tur
126 5365 291 5437 obscura.
348 5360 482 5454 Magna
505 5363 608 5469 enim⁸
621 5363 676 5432 vis
696 5376 747 5433 est
768 5361 912 5445 Lunae,
942 5384 1033 5458 quae
1085 5376 1359 5436 consentaneum
1383 5380 1445 5440 est.
1505 5363 1552 5439 Ut
1577 5363 1708 5439 Arietis
1731 5381 1898 5450 naturae,
1930 5365 1992 5458 qui
2015 5382 2067 5434 εει
