4538 5754
114 227 219 308 1³65

110 416 150 472 et
175 414 400 493 praestentur
425 400 498 470 veri
521 400 648 470 cultus.
699 397 783 470 Non
800 414 884 470 sunt
898 412 1015 469 autem
1035 399 1103 470 ob·

111 503 214 572 scuri
229 524 368 588 versus,
394 527 459 572 nec
476 498 608 572 habent
621 526 712 592 opus
725 503 862 592 prolixa
888 503 1101 591 interpreta-

109 604 227 677 tione.
277 602 382 673 Clare
403 606 637 674 concionatur
658 606 702 672 de
725 604 788 675 tali
812 625 943 692 regno,
966 605 1004 671 in
1029 626 1099 696 quo

110 705 251 794 agnitio
283 717 317 773 ct
349 707 425 776 laus
446 706 514 774 Dei
549 706 682 798 ubique
708 706 745 772 in
781 706 868 775 orbe
898 718 1094 794 spargatur.

110 803 238 894 Quare
262 806 434 896 significat
454 805 641 896 Evangelii
665 806 863 877 doctrinam
884 808 928 874 de
946 801 1099 889 Christo,

96 904 388 998 'praedicandam
411 930 484 978 esse
500 908 538 976 in
554 919 628 977 toto
644 910 741 980 orbe.
793 906 875 976 Non
899 907 993 975 enim
1019 928 1097 997 pos-

108 1006 194 1078 sent
209 1009 356 1078 existere
371 1010 447 1081 laus
455 1060 467 1094 ,
493 1024 526 1078 et
540 1009 615 1077 veri
630 1010 746 1079 cultus
761 1007 829 1078 Dei
850 1009 945 1098 apud
969 1021 1099 1093 gentes,

109 1109 185 1181 nisi
202 1107 436 1198 Ev'angelium
453 1113 594 1181 doceret
610 1133 675 1179 nos
688 1112 732 1179 de
748 1111 930 1180 voluntate
940 1106 1019 1193 Dei,
1044 1110 1099 1175 vi·

110 1211 244 1281 delicet
267 1213 312 1280 de
335 1213 575 1281 misericordia
602 1212 774 1300 gratuita,
798 1212 893 1304 quod
914 1211 999 1281 velit
1025 1233 1098 1278 esse

108 1312 316 1404 propicius,
341 1336 407 1382 nos
429 1314 600 1404 respicere
623 1326 658 1383 et
679 1314 815 1382 salvare
834 1325 978 1403 propter
992 1306 1099 1381 Chri-

108 1426 221 1487 stum.
272 1412 362 1483 Nam
385 1417 449 1484 etsi
474 1411 636 1484 homines
658 1408 791 1483 habent
811 1414 978 1484 noticiam
1001 1412 1099 1501 legis,

108 1517 213 1606 quod
234 1513 279 1584 sit
301 1512 414 1596 Deus,
441 1519 537 1609 quod
561 1517 606 1585 sit
623 1517 812 1598 colendus,
838 1515 934 1607 quod
949 1515 1097 1584 benefa-

108 1616 183 1685 ciat
198 1615 300 1692 iustis
317 1630 396 1702 etc,
418 1631 536 1688 tamen
553 1640 628 1686 non
645 1629 791 1707 possum
804 1628 977 1700 statuere,
1001 1617 1097 1708 quod

106 1716 235 1810 gratas
263 1720 418 1788 remittat
442 1733 600 1810 peccata,
634 1721 728 1812 quod
761 1740 841 1786 vere
872 1716 1036 1807 respiciat
1065 1729 1098 1786 et

101 1818 277 1887 exaudiat
309 1819 493 1908 indignos,
544 1843 617 1888 non
652 1819 903 1889 satisfacientes
936 1818 1004 1908 legi
1036 1832 1098 1890 etc.

107 1917 235 2008 Quare
251 1942 325 1987 non
342 1945 423 1990 vere
448 1923 597 1991 credunt
612 1919 707 2004 Deo,
727 1944 801 1989 non
828 1915 974 2010 possunt
996 1919 1099 1988 invo-

106 2043 210 2102 care,
236 2020 399 2102 laudare,
433 2038 467 2092 et
490 2046 592 2110 agere
620 2023 765 2113 gratias:
798 2024 860 2091 sed
887 2015 1033 2089 haerent
1061 2021 1099 2088 in

105 2135 281 2210 perpetua
306 2125 548 2208 dubitatione,
580 2147 670 2217 quae
694 2137 826 2212 pugnat
848 2146 928 2193 cum
952 2121 1040 2208 lide,
1066 2135 1100 2192 et

104 2223 261 2314 impedit
277 2223 535 2295 invocationem
553 2240 587 2295 et
606 2248 706 2293 veros
722 2227 848 2297 cultus.

214 2352 310 2444 Ergo
328 2381 408 2426 cum
425 2357 511 2427 dicit
526 2356 699 2443 Psalmus,
713 2356 829 2426 Deum
846 2357 1000 2447 agnosci,
1020 2357 1098 2426 lau-

103 2456 189 2526 dari
209 2472 243 2526 et
256 2458 444 2546 glorificari
460 2463 553 2548 apud
572 2482 696 2528 omnes
717 2472 855 2548 gentes,
879 2450 1096 2530 satis'osren.

103 2561 164 2628 ‹lit
182 2580 221 2626 se
236 2557 336 2651 loqui
353 2557 601 2648 deEvangelio
617 2561 814 2650 spargendo
830 2561 868 2628 in
885 2562 1009 2630 orbem
1027 2572 1098 2628 ter-

103 2683 254 2743 rarum,
281 2683 371 2753 quae
395 2675 446 2731 est
468 2686 561 2732 nova
575 2663 758 2744 doctrina,
782 2664 913 2731 docens
927 2664 972 2730 de
990 2661 1097 2729 naiss-

102 2761 265 2830 ricordia
283 2777 317 2832 et
336 2763 530 2848 beneficiis,
557 2788 645 2857 quae
661 2763 765 2833 nohis
778 2764 960 2833 donantur
971 2760 1097 2854 gratis

102 2887 184 2931 nou
205 2875 348 2953 propter
365 2864 493 2952 legem,
517 2867 577 2934 sed
597 2877 742 2958 propter
756 2859 951 2935 Christum.

214 2995 314 3064 Haec
337 3009 389 3066 est
406 3019 542 3068 summa
561 2998 776 3083 sententiae,
802 3021 893 3091 quae
914 2998 997 3068 satis
1014 3021 1094 3089 per·

104 3094 230 3185 spicua
255 3113 318 3169 est.
378 3093 535 3168 'l'antum
558 3096 626 3170 hoc
647 3101 908 3182 consideretur,
941 3096 1094 3191 prophe-

104 3211 182 3264 tam
211 3198 394 3267 vaticinari
424 3206 469 3268 de
486 3198 677 3288 Evangelio
701 3214 735 3271 et
757 3201 935 3270 beneficiis
953 3196 1095 3285 Christi,

103 3310 149 3367 ut
160 3293 245 3367 haec
256 3303 677 3390 opponanturdoctrinae
692 3318 726 3373 et
735 3303 891 3373 cultibus
906 3302 1001 3390 legis.
1029 3300 1095 3372 Di-

104 3398 264 3487 ligenter
284 3401 379 3469 enim
401 3402 633 3472 discernenda
660 3419 761 3486 sunt,
786 3426 935 3492 regnum
961 3399 1092 3474 Christi

103 3515 145 3570 et
167 3501 283 3569 cultus
306 3500 397 3570 Novi
415 3500 655 3589 Testamenti,
679 3529 699 3573 a
724 3505 885 3574 doctrina
912 3526 973 3573 seu
989 3505 1096 3573 culti-

103 3604 176 3670 bus
199 3602 306 3690 legis,
332 3627 394 3672 seu
412 3602 596 3689 Mosaicis,
618 3607 708 3676 sicut
729 3628 831 3698 saepe
847 3607 932 3674 alias
951 3606 1093 3678 dicitur.

103 3701 234 3773 ludaei
258 3705 484 3776 somniabant
505 3702 688 3777 Christum
720 3707 995 3778 constituturum
1022 3730 1094 3776 esse

103 3806 291 3898 quoddam
321 3820 507 3876 externum
535 3833 575 3877 ac
598 3811 819 3880 mundanum
850 3831 1020 3898 regnum,
1054 3809 1092 3877 in

102 3907 255 4004 quoles
273 3920 306 3975 et
321 3909 443 3998 politia
461 3908 629 3994 Mosaica,
657 3925 909 4001 propagaretur
926 3911 962 3978 in
981 3924 1092 3981 totum

102 4008 254 4092 orbern,
289 4022 323 4077 et
345 4010 587 4080 subiecturum
619 4035 692 4082 esse
716 4035 839 4080 ornnes
859 4026 981 4100 gentes
1010 4006 1095 4081 huic

99 4109 263 4202 populo,
289 4132 349 4180 seu
375 4106 458 4181 huic
480 4111 623 4202 politiae
637 4113 825 4185 Mosaicae,
877 4112 928 4183 lta
943 4113 1095 4182 carnali·

100 4225 161 4280 ter
179 4208 465 4299 imaginabantur
480 4217 523 4282 de
540 4237 648 4303 regno
666 4210 817 4297 Christi,
842 4237 906 4284 nee
923 4215 1094 4304 putabant

100 4313 205 4381 aliud
223 4313 317 4397 lore,
343 4315 412 4382 nisi
430 4317 721 4406 propagationem
745 4315 889 4408 politiae
914 4314 1094 4385 Mosaicae

100 4427 140 4484 et
159 4413 324 4483 cultuum
340 4416 426 4504 legis
454 4417 490 4483 in
507 4430 621 4487 totum
638 4418 773 4490 orbem.

211 4543 279 4615 Sed
304 4549 476 4640 scriptura
506 4548 600 4618 clare
627 4551 748 4633 docet,
782 4572 932 4638 regnum
954 4545 1090 4622 Christi

100 4669 182 4716 non
199 4670 271 4716 esse
287 4649 461 4717 eiusmodi
481 4653 699 4720 mundanam
716 4651 897 4742 politiam,
921 4667 955 4722 et
970 4654 1093 4721 obser-

101 4749 286 4818 vationem
304 4742 437 4820 rituum
455 4764 490 4820 et
505 4753 664 4824 cultuum
673 4751 925 4822 Mosaicorum:
951 4757 1009 4824 sed
1020 4776 1093 4823 esse

101 4851 292 4939 spirituale
315 4875 482 4942 regnum,
507 4853 546 4921 in
571 4878 641 4947 quo
662 4854 840 4944 spargitur
866 4878 997 4923 novum
1013 4877 1094 4922 ver-

99 4953 214 5035 bum,
241 4954 421 5034 videlicet,
449 4959 493 5022 de
519 4979 611 5025 nova
637 4969 671 5025 et
692 4969 834 5026 aeterna
858 4955 1020 5036 iusticia,
1050 4958 1094 5024 de

99 5054 319 5124 liberatione
335 5079 353 5124 a
372 5069 510 5146 peccato
534 5070 568 5127 et
584 5080 603 5125 a
620 5072 734 5128 morte
749 5071 889 5128 aeterna
907 5080 970 5146 per
985 5052 1094 5127 Chri-

100 5172 220 5237 stum,
248 5171 281 5226 at
304 5160 399 5250 quod
425 5159 539 5248 gignit
559 5159 597 5225 in
622 5160 790 5230 cordibus
815 5181 943 5226 novam
966 5158 1095 5243 lucem,

99 5273 137 5327 et
156 5283 275 5326 veram
293 5262 509 5347 agnitionem
525 5257 608 5328 Dei:
636 5262 729 5351 parit
752 5284 865 5330 novos
882 5259 999 5330 cultus
1021 5259 1093 5349 spi-

99 5359 271 5444 rituales,
299 5362 423 5447 fidem,
448 5362 731 5447 invocationem,
757 5361 1011 5434 consessionem
1027 5375 1092 5434 etc.

579 287 585 298 .
712 226 779 305 [Χ.
824 223 1191 302 COMMENTARH
1218 222 1271 298 ΙΝ
1295 221 1552 301 ΡδΑΒΜο8.·

2042 241 2142 319 taos

1255 393 1329 465 Has
1352 419 1408 466 res
1424 398 1537 467 adfert
1555 397 1658 468 nobis
1674 392 1928 492 Evangelium,
1955 432 2035 479 curn
2050 435 2138 484 con.

1151 498 1315 567 cionatur
1329 498 1373 566 de
1391 520 1498 587 regno
1511 493 1667 585 Christi,
1692 524 1766 570 uon
1789 500 1972 580 constituit
1989 512 2136 609 aliquod

1151 613 1353 681 externum,
1378 603 1600 669 mundanum
1623 624 1791 691 regnum,
1815 631 1889 677 non
1904 612 2050 685 subiicit
2070 642 2135 690 nos

1151 701 1295 788 politiae
1318 699 1512 783 Mosaicae,
1546 725 1610 771 nee
1634 706 1784 796 requirit
1814 709 1904 779 ritus
1932 729 1992 786 aut
2016 717 2134 790 cultus

1149 803 1256 892 legis,
1284 803 1355 870 imo
1377 816 1548 895 exaequat
1572 818 1758 898 utrosque,
1783 823 1903 896 gentes
1919 827 1955 884 et
1973 814 2132 903 ludaeos,

1149 905 1521 997 coniungitutrunque
1534 906 1720 997 populum,
1735 908 1832 981 iubet
1841 926 2012 1009 utrosque
2023 943 2134 1010 agno-

1150 1029 1245 1075 scere
1260 1002 1356 1073 hunc
1371 1000 1574 1088 Christum,
1599 1020 1634 1075 et
1649 1021 1822 1095 statuere,
1847 1018 1942 1106 quod
1959 1042 2033 1088 non
2050 1046 2135 1113 pro-
2251 1074 2256 1092 .

1150 1121 1227 1198 pter
1253 1109 1382 1194 legem,
1408 1131 1472 1175 nec
1496 1108 1777 1181 observationem
1799 1113 1931 1185 rituum
1956 1117 2134 1194 Mosaico-

1149 1233 1246 1291 rum,
1271 1231 1336 1277 nec
1350 1222 1495 1298 propter
1517 1212 1695 1299 propriam
1714 1213 1938 1300 dignitatem,
1965 1224 2026 1291 sed
2050 1249 2133 1314 pro.

1149 1323 1226 1400 pter
1243 1309 1455 1399 promissum
1479 1332 1599 1378 semen
1621 1313 1838 1403 recipiantur
1852 1317 1890 1387 in
1906 1323 2071 1409 gratiam,
2099 1342 2134 1400 et

1148 1423 1411 1502 consequantur
1427 1410 1668 1481 remissionem
1685 1430 1920 1504 peccatorum,
1943 1427 2134 1501 exaudian-

1149 1525 1209 1582 tur
1232 1526 1266 1581 et
1287 1513 1487 1596 salventur,
1513 1525 1547 1580 et
1572 1515 1726 1603 postulat
1747 1540 1861 1589 novos
1884 1522 2017 1611 cultus,
2042 1529 2133 1605 sicut

1148 1613 1283 1683 dictuur
1300 1625 1362 1683 est.

1249 1733 1302 1801 Ita
1316 1745 1348 1802 et
1359 1727 1589 1822 Evangelium
1604 1733 1699 1804 tollit
1715 1735 1904 1810 discrimen
1915 1740 2128 1816 ludaeorum

1148 1846 1183 1902 et
1196 1835 1373 1924 gentium,
1398 1857 1472 1903 non
1494 1835 1643 1928 requirit
1663 1859 1791 1906 novam
1816 1842 1977 1930 politiam
1999 1861 2061 1918 aut
2083 1850 2132 1917 ri.

1149 1948 1221 2004 tus:
1262 1938 1320 2003 sed
1354 1935 1496 2004 subiicit
1525 1959 1646 2005 omnes
1679 1939 1744 2005 uui
1767 1936 1930 2029 Christo,
1964 1951 2132 2039 proponit

1150 2039 1289 2104 eosdem
1306 2037 1421 2105 cultus
1437 2037 1656 2127 spirituales,
1683 2053 1746 2108 etc.

1247 2151 1344 2221 Haec
1366 2154 1608 2241 significantur
1630 2156 1667 2223 in
1692 2153 1748 2226 his
1770 2161 1947 2233 versibus:
1972 2162 2031 2236 Ab
2050 2178 2131 2240 ortu

1149 2247 1251 2322 Solis
1267 2249 1500 2323 adscensum
1517 2250 1711 2326 laudabile
1725 2276 1855 2331 nomen
1867 2259 2047 2350 Domini,
2075 2273 2131 2340 vi-

1147 2356 1288 2439 delicet,
1314 2379 1447 2425 novum
1462 2358 1608 2425 verbum
1627 2365 1863 2449 spargendum
1883 2390 1957 2437 esse
1971 2367 2133 2442 deChrl-

1147 2470 1220 2540 sto,
1246 2481 1310 2547 per
1324 2459 1419 2550 quod
1437 2482 1516 2526 vere
1530 2473 1738 2547 agnoscatur
1749 2460 1866 2552 Deus,
1894 2481 1929 2537 et
1947 2488 2131 2561 praesten-

1148 2572 1206 2629 tur
1229 2560 1303 2628 veri
1327 2561 1460 2639 cultus,
1487 2582 1561 2629 non
1585 2574 1722 2630 tantum
1749 2568 1843 2657 apud
1868 2567 2035 2654 ludaeos,
2070 2578 2130 2645 sed

1147 2660 1279 2752 ubique
1303 2661 1342 2729 in
1364 2675 1438 2731 tofo
1454 2663 1541 2731 orbe
1555 2675 1748 2750 terrarum,
1775 2690 1840 2737 nec
1856 2673 1991 2764 requiri
2008 2676 2131 2746 ohser-

1147 2763 1324 2833 vationem
1350 2763 1484 2832 rituum
1503 2762 1649 2852 politiae
1665 2763 1861 2855 Mosaicae,
1886 2774 1947 2843 sed
1973 2769 2039 2846 hos
2058 2779 2132 2870 spl-

1146 2864 1291 2933 rituales
1304 2865 1439 2944 cultus,
1465 2865 1623 2948 laudem,
1650 2868 1923 2957 confessionem,
1949 2879 2131 2965 praedica-

1145 2964 1278 3035 tionem
1296 2965 1557 3035 misericordiae
1578 2978 1614 3035 et
1636 2966 1907 3054 beneficiorum,
1934 2999 2024 3069 quae
2047 3003 2131 3085 pro-

1147 3067 1247 3158 ponit
1262 3062 1507 3156 Evangelium.

1248 3183 1346 3254 ldem
1363 3186 1484 3269 docet,
1510 3186 1565 3254 vel
1580 3188 1697 3277 potius
1713 3188 1868 3263 declarat
1882 3159 2034 3288 sequens
2050 3224 2131 3271 ver·

1143 3310 1217 3354 sus:
1248 3280 1431 3354 Excelsas
1446 3309 1555 3382 super
1570 3311 1692 3379 omnes
1705 3297 1831 3383 gentes
1844 3288 2046 3380 Dominus,
2063 3316 2127 3381 etc,
2235 3368 2240 3382 .

1143 3386 1326 3476 Significat
1341 3411 1422 3455 vere
1438 3390 1657 3476 regnum'Dei
1675 3395 1791 3482 spargi
1807 3395 1845 3463 in
1861 3421 1983 3469 omnes
1997 3417 2129 3491 gentes,

1143 3490 1240 3580 quod
1258 3514 1329 3559 non
1346 3502 1397 3559 est
1412 3502 1553 3559 externa
1574 3492 1696 3581 politia
1712 3492 1888 3567 Mosaica:
1902 3503 1961 3569 scd
1978 3525 2128 3592 regnum

1142 3592 1345 3680 spirituale,
1371 3591 1408 3658 in
1433 3616 1504 3684 quo
1529 3591 1626 3662 Deras
1649 3619 1713 3686 per
1735 3599 1882 3667 verbum
1898 3602 1986 3692 regit
2009 3618 2044 3676 et
2063 3627 2130 3697 gn-

1144 3695 1268 3762 bernat
1299 3705 1451 3774 mentes,
1486 3694 1646 3765 infundit
1678 3696 1728 3764 eis
1759 3716 1888 3768 novam
1921 3703 2055 3792 lucem,
2089 3722 2130 3780 ut

1143 3793 1257 3883 ipsum
1283 3806 1492 3883 agnoscant,
1517 3809 1552 3863 et
1575 3808 1626 3865 est
1647 3797 1767 3867 efficax
1788 3801 1881 3894 dato,
1892 3801 2030 3894 Spiritu
2045 3830 2128 3878 san-

1143 3910 1198 3965 cto
1215 3895 1251 3963 in
1271 3896 1455 3978 cordibus,
1480 3908 1521 3964 ut
1542 3911 1636 3967 certo
1656 3901 1801 3970 credant
1816 3904 1912 3995 quod
1935 3905 1981 3976 sit
2003 3911 2128 4002 propi-

1142 3997 1237 4079 cius,
1270 3997 1366 4090 quod
1396 3996 1551 4068 remittat
1587 4014 1726 4090 peccata
1759 4017 1904 4093 propter
1933 4002 2128 4097 Christum,

1144 4102 1238 4191 quod
1266 4123 1348 4167 vere
1370 4112 1520 4189 praestet
1550 4101 1739 4188 promissa,
1773 4105 1936 4175 exaudiat
1958 4123 1994 4178 et
2015 4111 2127 4183 salvet

1144 4223 1219 4281 nos,
1237 4214 1302 4271 etc.
1352 4197 1449 4268 Haec
1468 4212 1642 4270 testantur
1656 4206 1751 4295 quod
1769 4228 1851 4273 vere
1866 4224 2006 4295 regnet,
2032 4226 2066 4283 et
2080 4213 2127 4285 sit

1143 4300 1262 4369 efficax
1276 4301 1314 4368 in
1330 4300 1575 4385 credentibus,
1602 4304 1685 4393 quia
1702 4305 1746 4372 ah
1764 4299 1819 4373 his
1834 4307 2067 4399 glorificatur,
2086 4314 2125 4385 id

1143 4415 1212 4486 est,
1236 4425 1316 4470 vere
1335 4401 1537 4490 agnoscitur
1554 4408 1649 4495 quod
1668 4405 1712 4475 sit
1729 4405 1827 4490 talis,
1854 4410 1970 4500 qualis
1985 4417 2125 4503 praedi·
2211 4442 2219 4452 ·

1142 4516 1241 4572 catur
1262 4502 1300 4570 in
1330 4502 1459 4587 verbo,
1489 4517 1523 4572 et
1544 4519 1765 4592 praestantur
1789 4507 1875 4577 tales
1896 4512 2029 4599 cultus,
2062 4519 2126 4610 qui

1142 4627 1259 4694 rpsum
1281 4604 1439 4675 alliciunt
1461 4599 1616 4690 honore,
1649 4623 1681 4677 et
1704 4632 1785 4678 vere
1807 4610 1839 4678 ei
1862 4612 2027 4685 tribuunt
2046 4619 2125 4706 glo-

1118 4726 1250 4785 trram,
1277 4707 1373 4799 quod
1398 4706 1444 4776 sit
1466 4703 1579 4786 Deus,
1605 4711 1700 4799 quod
1722 4710 1900 4799 impartiat
1918 4707 2005 4787 haec
2019 4718 2126 4806 bona,

1142 4808 1185 4876 de
1204 4807 1333 4900 quibus
1349 4807 1580 4877 concionatur
1596 4803 1842 4900 Evangeliunr.

1191 5001 1288 5104 Quis
1303 5006 1397 5082 sicea!
1415 5005 1604 5089 Dominus
1616 5005 1723 5087 Deus
1739 5023 1872 5098 noster,
1894 5017 1962 5117 qui
1976 5019 2015 5090 in
2032 5020 2125 5097 altis

1241 5103 1413 5194 habitat,
1440 5118 1500 5179 etc.

1243 5255 1344 5328 Dixit
1359 5257 1522 5328 Psalmus
1538 5261 1582 5329 de
1600 5284 1683 5330 vera
1701 5264 1831 5335 noticia
1848 5263 1934 5353 Dei,
1960 5214 2130 5362 spargen-'

1144 5363 1188 5432 da
1206 5360 1245 5430 in
1262 5372 1376 5430 totum
1393 5363 1516 5431 orbem
1537 5385 1600 5454 per
1617 5358 1868 5457 Evangelinmr
1896 5391 1992 5440 nune
2008 5396 2130 5446 recen-

1567 5457 1650 5536 86*
