4538 5754
117 273 197 346 aas
692 215 696 225 ’
739 266 784 337 v.
834 255 1157 372 auocauere
1191 255 1527 336 utanucrtcss.
1956 251 1964 263 ‘
2077 268 2154 343 aaa

219 439 300 512 Hoc
336 453 455 518 autem
486 439 613 509 ordine
641 436 681 506 in
708 433 775 510 hac
805 439 1111 529 argumentatione
1163 449 1263 505 sunt:
1297 431 1422 505 Febris
1452 447 1567 528 potest
1592 453 1667 503 εεεε
1685 456 1789 508 causa
1815 441 2067 528 temperantiae
2090 468 2154 535 per

113 536 292 617 utendum
316 556 389 627 est,
415 541 455 610 in
478 541 613 611 maiore
629 553 785 632 ponatur
799 540 1011 612 universalis
1026 565 1111 635 pro-
1163 537 1345 621 accidens,
1370 560 1453 609 cum
1477 559 1599 627 perse
1625 558 1729 606 causa
1751 539 1798 608 sit
1820 539 1988 610 voluntas
2007 543 2160 614 frenans·

113 647 269 740 positio,
295 665 480 716 recensens
503 663 628 714 omnes
650 642 781 735 species
800 664 862 715 seu
881 656 1017 734 partes,
1044 638 1111 713 hoc
1162 638 1419 730 appetitionem
1442 638 1513 711 cibi
1536 651 1571 709 et
1591 651 1707 737 potus.
1759 634 1849 710 Cum
1864 638 1998 719 Paulus
2017 644 2151 739 inquit:

114 773 197 820 cum
215 748 368 834 puniit,
391 748 453 818 sed
467 769 540 818 una
555 759 662 838 atquc
680 745 790 845 altera
803 745 918 837 specie
935 769 997 817 seu
1012 755 1112 838 parte
1163 736 1320 813 Scientia
1341 740 1467 828 inflat,
1495 763 1602 822 ,causa
1621 761 1686 832 per
1707 739 1869 813 accidens
1891 759 1944 816 εει
1966 749 2151 839 superbiae

115 852 321 932 nominata,
363 861 485 942 postea
522 847 769 932 concluditur,
807 847 1026 918 insufficiens
1060 859 1111 918 εει
1163 842 1330 914 eruditio.
1383 841 1454 917 Sed
1470 865 1534 935 per
1550 865 1588 914 εε
1605 856 1795 924 causaest,
1820 843 1986 918 voluntas
2002 849 2151 921 efferens

116 951 358 1023 enumeratio:
385 949 460 1023 Nec
476 972 550 1020 esse
567 949 825 1021 connexionem
840 949 977 1018 firmam
994 950 1032 1019 iu
1048 948 1111 1020 tali
1162 967 1220 1031 se,
1248 958 1285 1015 et
1306 944 1505 1037 despiciens
1529 945 1637 1024 alios,
1671 969 1825 1040 quorum
1849 947 1995 1020 utilitati
2019 954 2150 1023 servire

116 1068 327 1144 argumento
351 1052 454 1123 facile
478 1051 631 1142 intelligi
654 1066 789 1144 potest,
822 1050 904 1146 quia
926 1051 996 1122 iter
1016 1064 1068 1123 est
1091 1074 1110 1121 a
1155 1046 1318 1119 eruditio
1341 1048 1504 1121 debebat.
1572 1043 1731 1118 Alterius
1754 1047 1854 1119 modi
1877 1051 2033 1141 exempla
2056 1070 2151 1139 sunt,

116 1155 346 1247 particulari,
368 1166 424 1223 ut:
786 1146 789 1151 “
1162 1172 1253 1243 quae
1269 1150 1413 1223 fortuna
1430 1163 1465 1222 ει
1481 1170 1580 1249 εεειιε
1598 1149 1851 1232 nominantur,
1877 1163 1932 1222 ut:
1959 1149 2081 1225 Fossio
2098 1171 2152 1231 est

271 1253 331 1327 lus
346 1255 511 1326 divinum
528 1278 602 1325 non
617 1256 815 1348 strangulat
829 1254 947 1342 fures,
974 1279 1039 1328 nec
1054 1257 1110 1328 ius
1163 1275 1265 1322 causa
1288 1276 1353 1345 per
1374 1253 1539 1325 accidens
1560 1250 1699 1322 inventi
1720 1246 1896 1338 thesauri,
1922 1254 2005 1348 quia
2021 1257 2150 1329 volun-

325 1354 348 1428 Ῑ
392 1379 532 1427 uanum
548 1369 661 1442 vetus,
1162 1369 1215 1426 tas
1227 1354 1394 1426 vinitoris
1409 1369 1482 1426 crat
1493 1354 1630 1432 fodere.
1652 1367 1693 1426 ιιι
1708 1354 1796 1427 vites
1811 1355 1997 1447 plantaret.
2042 1356 2150 1431 Hunc
2184 1398 2187 1402 ’

271 1455 342 1550 Erg
436 1482 460 1528 u
477 1473 529 1530 εει
546 1459 679 1531 iustum
695 1459 916 1550 strangulare
930 1460 1038 1532 luces.
1084 1459 1087 1463 ’
1162 1470 1329 1528 eventum
1362 1458 1552 1530 comitatur
1579 1456 1690 1542 alius,
1723 1455 1857 1544 scilicet
1885 1459 2047 1533 inventio
2070 1456 2151 1533 the-

219 1578 293 1650 Hic
472 1590 530 1647 tor
551 1600 573 1648 a
595 1577 711 1670 specie
734 1578 778 1645 ad
802 1598 912 1667 genus
936 1578 1110 1668 negative,
1161 1559 1279 1645 sauri,
1322 1583 1427 1655 quem
1463 1571 1629 1629 eventum
1650 1581 1729 1654 'nec
1760 1559 1901 1632 fodiens
1928 1562 2151 1653 cogitaverat,

117 1702 345 1776 quamconse
440 1681 620 1751 ..iamnon
635 1679 753 1750 valere
768 1681 1025 1772 supradictum
1042 1692 1108 1752 est:
1161 1675 1227 1733 ¹¹⁶⁰
1251 1665 1416 1733 ³⁰⁰²d²¹0
1438 1683 1579 1770 11908539
1602 1661 1682 1735 full·
1734 1657 1898 1756 Cumque
1919 1689 1993 1734 ⁰⁰¹¹
2017 1666 2062 1737 ‘ll
2085 1691 2150 1759 ¹¹⁸:

117 1783 164 1856 Ut
187 1796 308 1854 autem
331 1762 433 1852 firma
453 1783 629 1852 connexio
643 1783 722 1868 liat,
747 1781 958 1854 instituatur
972 1784 1110 1874 integer
1162 1786 1257 1833 cem
1279 1764 1393 1835 ⁰³⁰⁵ss
1417 1788 1480 1851 W
1501 1763 1666 1835 ³⁰⁶ld⁶¹¹³
1687 1766 1902 1856 ¹²⁸P⁰¹¹d⁰f⁸
1923 1765 2066 1836 ⁰ff⁰⁰l⁰⁸
2088 1791 2149 1841 ⁸²¹¹

118 1886 361 1979 syllogismus,
384 1897 420 1954 ει
440 1884 556 1953 maior
576 1884 624 1955 sit
644 1884 856 1954 universalis
873 1888 1109 1980 complectens
1161 1880 1326 1951 ‘lemme
1353 1865 2148 1958 ¹¹⁰¹¹d¹¹⁸¹1¹¹l¹¹f³⁰¹¹¹¹⁸l⁵llfllt'ssd‘le‘18fff'11a

1160 1983 1377 2060 argumenta.

1264 2068 1347 2142 Non
1364 2068 1457 2140 valet
1473 2068 1742 2162 consequentia:

1242 2227 1245 2232 .
1312 2171 1510 2243 Piscatores
1548 2169 1683 2242 Milesii
1721 2171 1938 2245 invenerunt
1972 2142 2149 2268 tripodem

122 1988 292 2078 integram
310 1985 635 2072 enumerationem,
661 1981 731 2076 hoc
747 1989 873 2057 modo:

272 2083 409 2160 Omnia
432 2089 524 2158 iusta
544 2087 689 2180 politica
712 2089 1020 2170 constituta-sont,
1047 2101 1108 2158 aut

325 2191 404 2261 iure
425 2191 549 2259 divino
572 2212 632 2258 seu
657 2189 831 2275 naturali,
856 2204 917 2262 aut
940 2186 1107 2262 Romano

326 2292 403 2362 iure
422 2291 551 2375 veteri,
577 2302 609 2360 et
627 2315 723 2361 nunc
737 2306 900 2384 recepto,
928 2307 988 2365 aut
1005 2294 1108 2362 novis
1367 2297 1528 2355 aureum,

324 2393 748 2484 legibusimperatorum,
775 2394 1107 2494 autconsuetudine
1170 2416 1173 2420 ’

326 2508 545 2585 congruente
563 2519 643 2565 cum
661 2495 812 2567 ratione.

272 2594 345 2669 Sed
365 2598 586 2686 strangulare
608 2598 721 2682 fures,
737 2626 744 2637 0
754 2599 858 2668 novis
880 2598 1018 2690 legibus
1040 2599 1109 2669 im-

326 2712 529 2790 peratorum
547 2699 740 2771 constitum
755 2714 818 2785 est,

271 2794 368 2890 Ergo
382 2814 434 2871 εει
448 2800 592 2874 iustum.

221 2917 319 2988 Haec
339 2930 391 2987 est
406 2941 425 2985 a
443 2917 619 2986 divisione
633 2918 747 2988 forma
765 2922 1037 3010 argumentandi
1052 2922 1109 2993 iu·

92 3052 97 3123 s
143 3033 196 3107 tta,
219 3037 253 3092 et
271 3021 321 3090 sic
335 3021 381 3089 ab
397 3018 591 3089 universali
612 3023 828 3110 proceditur.

222 3133 276 3207 Er
303 3130 370 3205 hac
400 3147 472 3206 tota
503 3135 668 3206 doctrina
696 3138 850 3209 sumitur
879 3139 1016 3229 regula:
1050 3139 1110 3211 Ab

143 3236 348 3309 insufficienti
373 3238 641 3308 enumeratione
666 3239 821 3330 partium
839 3255 899 3313 aut
914 3241 1109 3334 specierum

143 3338 355 3412 indivisione
372 3363 447 3410 nou
465 3340 558 3411 valet
573 3342 839 3435 consequentia.

393 3586 462 3672 Ile
486 3587 579 3673 loco
603 3613 836 3676 causarum.

487 3764 605 3834 Prima
625 3767 748 3834 divisio.

222 3890 419 3965 Causarum
450 3889 541 3961 aliae
571 3891 804 3965 nominantur
829 3917 952 3986 perse
975 3916 1111 3986 causae,

134 3994 213 4066 aliae
234 4018 298 4088 per
317 3992 495 4064 accidens.
547 3989 660 4063 Causa
676 4006 794 4086 perse
810 4008 880 4081 est,
909 4022 978 4091 qua
995 4002 1109 4090 posita

132 4094 164 4164 in
187 4110 269 4169 actu
289 4118 372 4165 cum
387 4095 532 4167 caeteris
548 4117 611 4185 pec
623 4118 660 4164 se
676 4097 808 4182 causis,
829 4121 969 4170 necesse
986 4117 1038 4176 εει
1055 4127 1110 4175 se-

131 4198 183 4290 qui
203 4197 386 4281 effectum,
411 4209 446 4267 ει
467 4220 537 4290 qua
557 4219 632 4265 non
655 4199 768 4287 posita
792 4199 830 4268 in
847 4214 959 4288 actu,
972 4205 1109 4297 etiamsi

130 4315 278 4371 caeterae
292 4311 494 4391 ponantur,
521 4322 595 4368 non
611 4314 726 4391 potest
739 4302 840 4395 sequi
853 4303 1009 4377 effectus.
1060 4304 1110 4381 Ει

98 4435 100 4438 <
130 4404 267 4494 quidem
301 4423 427 4471 causae
457 4414 674 4494 perseam
707 4418 793 4474 sunt
820 4418 936 4496 partes
956 4409 1028 4494 rel,
1069 4425 1109 4482 ut

128 4504 270 4576 materia
292 4515 327 4574 ει
346 4502 478 4588 forma,
509 4515 572 4574 aut
592 4524 655 4573 sua
680 4505 714 4573 vi
739 4520 848 4594 agunt
872 4507 1028 4602 aliquid,
1053 4524 1108 4582 ut:

118 4599 291 4692 ,Efficiens
315 4626 378 4675 sua
399 4603 517 4698 aliqua
542 4603 682 4676 actione
704 4607 772 4677 ciet
792 4610 986 4683 materiam.
1046 4613 1108 4684 Fi·

128 4708 213 4779 ualis
230 4728 317 4776 vero
335 4720 454 4777 movet
469 4706 689 4782 efficientem.
739 4707 852 4782 Causa
868 4734 931 4803 per
942 4715 1109 4794 ,accidens

128 4825 193 4894 cst,
228 4822 292 4880 aut
322 4809 493 4900 quiddam
520 4810 683 4890 accidens
710 4810 812 4882 alte'ri
837 4837 956 4904 perse
978 4819 1108 4907 agenti,
1180 4874 1191 4892 .

127 4913 216 5005 quod
242 4911 311 4983 etsi
336 4909 391 4979 via
414 4909 533 5004 aliqua
556 4925 607 4981 est
629 4915 779 5001 agendi,
815 4930 931 4985 tamen
955 4919 1023 4990 talc
1045 4931 1109 5014 ειι,

126 5029 160 5087 ut
174 5015 254 5106 sine
273 5037 315 5084 eo
333 5012 425 5083 effici
440 5012 584 5084 effectus
602 5015 776 5106 potuerit,
802 5041 865 5087 nec
883 5033 1025 5110 propter
1041 5017 1109 5094 hoc

124 5118 303 5198 accidens,
336 5128 505 5208 sequatur
533 5113 693 5185 effectus:
724 5134 785 5190 aut
809 5133 860 5189 εει
884 5143 990 5211 agens
1010 5129 1107 5217 quod

125 5211 230 5290 ltshet
245 5229 414 5291 eventum
431 5217 540 5288 alium
556 5232 694 5310 praeter
712 5220 907 5311 intentum,
930 5239 991 5296 aut
1008 5229 1109 5298 ordi-

124 5334 265 5404 natum,
300 5341 385 5405 cum
415 5332 541 5401 ⁴tamen
573 5333 746 5393 cernuam·
767 5323 869 5399 illum
901 5331 1111 5418 secundum,

123 5446 194 5494 nou
225 5420 650 5508 ιιεεεειεε,ἰι·ςειεεεάειε.ἶ
687 5420 808 5503 Primi
831 5429 930 5498 modi
949 5433 1110 5525 exempla

172 5529 354 5592 dlrsarrrr.
383 5526 487 5617 Orsa.
512 5527 595 5593 Vos.
622 5525 717 5597 Xlll.
850 5568 854 5576 ·

1314 2372 1410 2466 Ergo
1446 2390 1482 2446 et
1518 2373 1580 2447 alii
1619 2374 1670 2446 ibi
1706 2398 1853 2448 aureum
1883 2377 2062 2472 tripodem
2091 2380 2149 2451 iu-

1369 2477 1526 2552 venient.

1510 2625 1661 2694 Sectmda
1681 2624 1804 2694 divisio.

1263 2731 1346 2803 Alia
1370 2723 1420 2803 e'st
1441 2757 1522 2811 vere
1545 2758 1668 2815 causa,
1692 2735 1761 2804 alia
1785 2748 1838 2807 εει
1863 2759 1966 2806 causa
1988 2738 2064 2808 sine
2080 2762 2150 2832 qua

1163 2858 1248 2904 non.
1298 2834 1377 2904 Hoc
1399 2837 1507 2909 modo
1531 2838 1684 2926 partitur
1705 2858 1846 2906 causam
1862 2834 1964 2908 Plato
1980 2839 2019 2907 in
2035 2837 2150 2909 Phae·

1162 2939 1266 3007 done.
1319 2933 1438 3005 Aliam
1458 2935 1620 3008 nominat
1638 2960 1777 3007 causam
1793 2937 1907 3030 reipsa
1923 2963 1984 3009 seu
2002 2965 2082 3011 vere
2099 2945 2150 3012 sic

1162 3039 1310 3122 dictam,
1341 3039 1447 3108 aliam
1479 3055 1582 3111 vocat
1608 3061 1749 3109 causam
1771 3040 1849 3109 sine
1871 3065 1940 3133 qua
1967 3066 2062 3128 non,
2094 3034 2150 3116 dv

1163 3137 1232 3212 οὐκ
1254 3137 1358 3214 ἄνευ.
1409 3138 1476 3212 Εει
1496 3154 1623 3212 antem·
1637 3165 1739 3211 causa
1756 3165 1839 3211 vere
1855 3142 1904 3211 sic
1920 3141 2034 3229 dicta,
2060 3168 2150 3239 quae

1163 3266 1237 3313 non
1256 3244 1385 3343 ‚solum
1413 3245 1509 3328 adest
1531 3244 1668 3329 ociosa,
1700 3245 1761 3314 sed
1789 3243 1896 3316 etiam
1917 3268 1956 3314 re
1978 3245 2053 3338 ipsa
2077 3248 2150 3337 agit

1163 3345 1300 3439 aliquid
1327 3343 1367 3415 in
1397 3345 1569 3436 pariendo
1592 3345 1778 3425 ellectum,
1810 3359 1870 3417 aut
1893 3370 1975 3437 pars
2000 3362 2051 3420 εει
2074 3350 2149 3419 eius

1162 3447 1232 3532 rei,
1257 3470 1349 3541 quae
1371 3447 1608 3519 constituitur.
1661 3445 1731 3518 Sed
1755 3470 1860 3518 causa
1880 3449 1958 3518 siue
1981 3474 2052 3544 qua
2074 3475 2150 3520 non

1163 3544 1256 3618 nihil
1277 3549 1366 3638 agit,
1397 3573 1463 3619 nec
1484 3563 1538 3622 εει
1559 3569 1641 3640 pars
1663 3551 1901 3631 constituens,
1928 3553 1989 3621 sed
2010 3565 2149 3623 tantum

1163 3663 1214 3721 est
1233 3650 1424 3745 quiddam,
1450 3652 1528 3720 sine
1548 3675 1620 3744 quo
1637 3673 1712 3720 non
1727 3652 1772 3724 sit
1785 3652 1949 3737 effectus,
1973 3676 2036 3725 seu
2052 3656 2149 3748 quod

1163 3752 1194 3821 si
1223 3776 1298 3822 non
1328 3754 1485 3835 adesset,
1519 3753 1754 3846 impediretur
1776 3776 1901 3843 agens,
1934 3755 2033 3840 ideo,
2065 3757 2150 3851 quia

1162 3854 1251 3925 illud
1275 3877 1349 3924 non
1367 3854 1575 3927 accessisset.
1627 3853 1788 3925 Galenus
1804 3857 1854 3925 sic
1871 3856 2003 3928 desinit
2019 3860 2058 3927 in
2076 3870 2150 3929 ter-

1162 3958 1212 4028 tio
1234 3956 1329 4027 libro
1352 3958 1397 4026 de
1423 3955 1634 4030 differentiis
1659 3951 1958 4053 συμπτομάτωνε
1991 3957 2043 4030 Ea
2059 3984 2150 4053 quae

1162 4053 1255 4128 nihil
1286 4053 1495 4149 conserunt,
1528 4081 1604 4130 non
1634 4074 1782 4150 possunt
1811 4076 1928 4132 autem
1950 4063 2104 4153 separari
2129 4085 2150 4130 a

1162 4161 1445 4247 conserentibus,
1472 4150 1605 4233 habent
1624 4162 1799 4233 rationem
1818 4186 1959 4247 causae,
1983 4187 2074 4255 quae
2092 4164 2148 4232 di-

1161 4263 1254 4333 citur
1278 4262 1355 4332 sine
1374 4286 1444 4357 qua
1467 4288 1555 4339 non.
1603 4259 1654 4339 Et
1667 4263 1938 4360 θεραπευτικῆς
1952 4264 2057 4334 tertio
2075 4267 2148 4334 dis·

1161 4364 1276 4434 cernit
1303 4386 1444 4434 causam
1473 4365 1550 4436 siue
1580 4390 1648 4460 qua
1677 4389 1770 4449 non,
1805 4377 1841 4434 et
1866 4363 2082 4451 accidentia,
2114 4381 2149 4438 et

1161 4465 1360 4558 exemplum
1377 4467 1503 4539 tradit:
1530 4464 1575 4540 ln
1589 4468 1771 4539 curatione
1784 4466 1943 4537 vulneris
1959 4492 2061 4539 causa
2073 4470 2149 4539 sine

1161 4589 1231 4662 qua
1256 4571 1407 4641 nonest
1426 4562 1813 4662 remorta-³puris,nisi
1835 4568 1930 4638 enim
1947 4592 2150 4641 removere-

1161 4682 1221 4741 tur
1243 4693 1329 4764 pus,
1361 4694 1435 4741 non
1462 4687 1550 4745 esset
1571 4671 1690 4742 ellicax
1715 4671 1924 4762 remedium.
1975 4670 2149 4743 Traditur

1162 4785 1198 4844 et
1227 4768 1297 4843 hoc
1319 4775 1540 4863 exemplum,
1573 4774 1731 4843 medium
1752 4774 1791 4842 in
1812 4774 1950 4845 visione
1972 4789 2024 4846 est
2045 4798 2149 4844 causa

1160 4898 1239 4946 stne
1262 4899 1331 4969 qua
1354 4897 1439 4944 non.
1490 4872 1795 4947 Accommodatur
1816 4888 1849 4948 et
1869 4879 1921 4946 ad‘
1933 4871 2150 4960 voluntaria,

1162 4989 1218 5047 ut:
1256 4975 1337 5047 Non
1362 4977 1569 5047 conceditur
1589 4979 1761 5049 transitus
1783 5002 1857 5048 non
1880 4974 2028 5047 habenti
2053 5001 2149 5073 sym-

1162 5080 1283 5152 bolum
1301 5080 1469 5150 traditum
1487 5104 1506 5150 a
1524 5093 1720 5173 quaestore.

1429 5274 1432 5279 -
1526 5224 1640 5294 Tertio
1663 5227 1789 5295 tlt'olct'o.

1261 5331 1397 5415 Causae
1422 5359 1485 5428 per
1505 5350 1542 5407 te
1556 5349 1710 5430 quatuor
1725 5348 1826 5411 sont:
1851 5330 2040 5417 Efficiam,
2067 5330 2149 5401 Ma·
2242 5427 2257 5451 x

1162 5439 1270 5522 teria,
1294 5435 1445 5530 Forma,
1472 5434 1585 5513 Causa
1601 5437 1736 5616 {egilis
