4538 5754
120 271 194 347 m
365 253 577 334 SCRIPTA
602 254 680 327 PH.
706 248 826 329 Mat..
850 250 920 328 AD
944 253 1074 336 fltsr.
1097 253 1250 338 ultor.
1268 256 1337 333 Er
1362 256 1555 336 aalma.
1571 257 1910 339 suturarum.
2039 374 2042 379 Α
2072 264 2150 341 m

122 433 406 535 progressionem
422 429 570 498 lixarum
593 426 775 497 stellarum
792 425 934 512 attinet,
959 427 1109 518 singulis
1160 453 1245 517 vus,
1272 428 1495 519 Centaurus,
1533 434 1647 506 hestia
1680 460 1788 527 quam
1819 434 2020 508 Ceritaurus
2050 436 2151 527 gerit,

124 553 267 613 centum
293 533 399 604 annis
422 531 495 599 lere
524 530 671 618 gradum
694 528 853 611 conficit,
879 530 966 598 alias
991 543 1108 600 tamen
1160 554 1221 602 sen
1236 532 1378 624 Lupus,
1401 533 1475 605 Ara
1499 559 1561 605 seu
1575 532 1823 622 thuribulum,
1847 534 2154 610 Corona'Austri·

123 638 183 712 hic
196 642 401 730 ipse'motus
419 631 574 715 tardior,
598 630 686 698 alias
702 629 850 698 celerior
865 641 928 700 est.

225 751 281 824 De
295 751 405 821 altero
422 771 528 832 vero,
553 760 630 817 tum
644 746 682 814 in
700 759 879 832 austrum,
904 758 981 817 tum
1003 748 1042 816 in
1056 768 1112 817 se-

124 855 362 951 ptentrionem
379 845 450 919 hoc
472 850 552 919 loco
564 849 702 917 discant
724 848 908 938 rudiores,
935 871 1110 918 accessum

126 974 161 1031 ct
176 975 351 1028 recessum
372 951 564 1022 tardiorem
580 971 672 1033 esse,
698 949 746 1017 ita
761 960 803 1019 ut
825 949 1112 1020 animadversum

127 1061 174 1131 sit
188 1054 461 1130 declinationem
479 1049 667 1120 maximam
687 1049 782 1121 Solis
802 1050 974 1142 paulatim
989 1075 1009 1121 a
1026 1049 1113 1122 Pto-

126 1159 232 1231 lemei
248 1170 405 1247 tempore
421 1153 634 1224 diminutam
650 1174 733 1224 esse.

229 1255 320 1329 Cum
338 1269 454 1326 autem
472 1267 593 1324 octava
616 1249 763 1344 sphaera
779 1253 945 1324 mirando
962 1244 1113 1324 consilio

127 1362 198 1436 Dei
221 1372 365 1453 propter
387 1370 516 1438 terrae,
541 1356 631 1424 ae'ris
652 1367 685 1423 et
708 1353 946 1424 animantium
966 1355 1113 1427 salutem

130 1476 257 1534 ornata
277 1459 342 1543 sit,
365 1457 581 1548 aspiciantur
601 1456 707 1526 ctiam
733 1456 853 1525 stellae
877 1456 984 1536 fixae,
1009 1471 1044 1528 et
1060 1457 1117 1526 di-

132 1577 275 1635 scantur
296 1561 442 1628 nomina
465 1572 499 1628 et
522 1557 657 1648 positus
679 1557 897 1649 aliquarum,
923 1571 1118 1650 quaesunt

131 1667 303 1754 insignes.
347 1658 422 1729 Nec
437 1673 601 1751 putemus
616 1655 701 1727 haec
716 1662 789 1727 tam
806 1652 954 1749 pulchra
969 1674 1117 1752 corpora

132 1766 264 1838 trustra
280 1762 422 1833 condita
448 1782 541 1839 esse,
567 1758 772 1851 praesertim
795 1782 876 1828 cum
902 1761 1118 1851 experientia

132 1867 319 1938 manifeste
335 1864 497 1933 ostendat
511 1860 700 1930 dissimiles
714 1859 819 1929 etiam
835 1860 983 1931 lixarum
998 1863 1118 1933 stella-

132 1992 215 2038 rum
229 1966 322 2035 vires
336 1986 422 2038 esse.
472 1959 560 2032 Sirii
576 1976 693 2032 ortum
710 1960 827 2029 omnis
843 1961 1036 2055 antiquitas
1051 1965 1120 2033 ob-

133 2068 305 2151 servavit,
328 2078 361 2134 et
375 2062 547 2135 iudicavit
563 2061 690 2130 noxios
705 2074 821 2130 aestus
841 2062 999 2150 efficere,
1028 2064 1120 2135 sieut

1161 657 1225 717 na,
1250 631 1361 704 Piscis
1377 635 1590 720 Austrinus,
1615 660 1678 707 seu
1699 661 1868 728 magnus,
1894 639 1957 733 qui
1975 636 2152 711 Venerem

1161 757 1241 804 cum
1258 736 1393 825 lugeret
1408 732 1623 831 Typhonem
1639 740 1813 832 excepisse
1829 740 1976 816 dicitur.

1265 867 1333 939 His
1359 871 1678 962 adpellationibus,
1715 875 1746 944 si
1781 868 1929 945 Zodiaci
1962 876 2151 947 duodecim

1163 971 1262 1060 signa
1277 973 1549 1059 annumerabis,
1575 987 1692 1061 erunt,
1717 989 1758 1045 nt
1772 975 1907 1048 dictum
1927 990 1998 1068 est,
2023 976 2152 1066 imagi-

1163 1095 1226 1142 nes
1247 1085 1327 1143 ncto
1353 1085 1388 1143 et
1408 1075 1659 1166 quadraginta,
1685 1076 1815 1170 quibus
1829 1090 1985 1149 vetustas
2002 1078 2152 1149 uomina

1164 1173 1346 1258 attribuit,
1372 1170 1463 1245 ctist
1483 1176 1644 1265 regiones
1666 1178 1757 1248 coeli
1778 1179 1950 1265 discerni,
1974 1192 2009 1251 et
2031 1178 2152 1273 aliqua

1165 1275 1318 1365 insignia
1336 1274 1450 1345 sidera
1466 1277 1609 1366 agnosci
1623 1295 1780 1370 possent.

1258 1389 1430 1462 Definitio
1443 1406 1561 1464 autem
1577 1396 1696 1465 stellae
1711 1399 1863 1467 traditur
1877 1396 2031 1478 tenuior,
2045 1420 2154 1490 quam
2196 1481 2200 1495 Ι

1166 1517 1233 1583 pro
1256 1494 1427 1583 dignitate
1456 1508 1490 1566 et
1511 1497 1679 1567 varietate
1702 1495 1831 1568 horum
1856 1497 2153 1568 admirandorum

1167 1619 1377 1687 corporum,
1403 1595 1583 1682 videlicet,
1609 1599 1746 1669 stellam
1761 1622 1834 1669 esse
1850 1600 2052 1669 densiorem
2068 1623 2154 1691 par·

1167 1708 1239 1766 tem
1253 1696 1307 1766 sui
1323 1695 1432 1767 orbis.
1472 1693 1576 1767 Hauc
1590 1698 1753 1769 usitatam
1769 1700 2011 1772 definitionem
2029 1723 2154 1769 recen·

1170 1820 1248 1878 seo,
1270 1811 1415 1889 propter
1433 1791 1634 1870 scholarum
1657 1801 1965 1885 consuetudinem,
1988 1800 2053 1872 etsi
2075 1802 2155 1892 ple-

1169 1899 1325 1983 niorem,
1350 1911 1384 1968 et
1404 1899 1551 1990 propius
1568 1914 1822 1971 monstrantem
1840 1902 2021 1971 essentiam
2040 1915 2073 1969 et
2089 1927 2156 1969 va-

1168 1999 1328 2071 rietatem
1342 2000 1523 2070 stellarum
1539 2024 1661 2071 omnes
1677 2003 1901 2095 requirimus.
1951 1999 2041 2071 Nam
2059 2001 2154 2071 illud

1171 2101 1277 2171 etiam
1303 2102 1465 2170 nondum
1488 2102 1698 2191 explicatum
1723 2117 1790 2188 est,
1823 2126 1913 2195 quae
1939 2103 1985 2174 sit
2007 2102 2156 2172 orbium

135 2169 313 2241 Homerus
329 2187 471 2259 quoque
488 2175 638 2234 testatur
650 2160 782 2233 Iliados
797 2164 875 2235 22:

1172 2215 1319 2285 natura,
1350 2201 1421 2270 nisi
1445 2215 1618 2294 quantum
1638 2204 1750 2273 oculis
1778 2204 1990 2289 iudicamus,
2021 2203 2157 2272 molem

186 2290 290 2371 Quem
304 2293 403 2352 senior
417 2286 575 2365 Priamus,
601 2289 717 2368 primus
737 2288 895 2367 conspexit
908 2289 941 2347 in
958 2291 1047 2351 armis

1173 2303 1350 2395 quandam
1370 2302 1525 2371 lucidam
1547 2325 1633 2374 esse.
1685 2303 1754 2375 Sed
1772 2306 1868 2374 unde
1888 2317 1986 2375 tanta
2003 2303 2159 2374 diversi*

1172 2417 1226 2473 tas
1246 2414 1298 2472 est
1319 2403 1604 2491 magnitudinum
1621 2418 1656 2475 et
1672 2405 1907 2497 qualitatum?
1937 2403 2043 2476 Aliae
2059 2403 2160 2475 calu·

1173 2503 1243 2589 ris,
1264 2502 1354 2572 aliae
1369 2502 1522 2591 frigoris,
1548 2504 1638 2574 aliae
1652 2506 1867 2590 siccitatum,
1891 2505 1982 2577 aliae
1995 2501 2158 2574 humidi-

1174 2619 1286 2676 tatum
1310 2625 1433 2674 causae
1451 2617 1547 2680 sunt.
1598 2603 1695 2676 Haec
1717 2607 1756 2676 in
1770 2605 1976 2676 delinitione
1998 2618 2160 2699 praeter·

1175 2705 1376 2778 mittuntur.

1279 2821 1373 2893 Illud
1396 2823 1500 2893 etiam
1521 2824 1677 2898 breviter
1698 2827 1846 2912 adiicio,
1871 2828 1991 2899 stellas
2013 2849 2081 2898 nec
2100 2850 2160 2897 ra-

1176 2924 1325 2994 tionales
1342 2937 1484 2994 naturas
1501 2949 1592 3010 esse,
1618 2951 1682 2996 nec
1697 2927 1885 3014 animalia,
1909 2928 1994 3022 quia
2008 2951 2162 3022 corpora

1175 3049 1251 3095 non
1271 3037 1354 3094 sunt
1376 3027 1560 3117 organica,
1586 3051 1650 3096 nec
1667 3023 1800 3099 habent
1819 3029 1908 3100 alios
1922 3043 2063 3116 motus,
2088 3028 2160 3098 nisi

1178 3127 1372 3213 naturales,
1396 3151 1467 3197 una
1484 3141 1516 3195 et
1532 3142 1700 3219 perpetua
1722 3130 1797 3220 lege
1811 3144 2040 3216 recurrentes,
2065 3153 2161 3222 quae

140 3213 325 3306 pellationi
345 3210 562 3279 occasionem
580 3210 782 3298 praebuisse
797 3208 941 3281 dicitur.
978 3201 1026 3275 Et
1042 3203 1125 3274 Vir·
1177 3241 1384 3318 ,rgumenta
1398 3228 1462 3297 ,131
1480 3229 1571 3298 tevi,
1587 3243 1687 3314 gum,
1712 3244 1829 3300 gamen
1845 3231 2001 3305 firmior,
2017 3230 2162 3300 incon.

142 3316 248 3406 Silius
267 3302 744 3403 ⁰⁰mi⁰²¹P¹⁰Vi³⁸hyfld³h
783 3306 1127 3397 EtpliniusadPel·
1178 3327 1321 3398 traciam
1353 3341 1488 3417 partem
1517 3330 1648 3398 adferri
1675 3354 1750 3400 non
1777 3346 1937 3422 possunt.
1989 3331 2162 3404 ceterum

141 3418 192 3487 lul
206 3415 315 3487 Sidm
334 3407 540 3494 V⁰h0m⁰⁰⁸2
565 3421 657 3479 lem
671 3410 831 3501 marique
847 3407 1043 3480 turbidum·
1179 3428 1283 3498 nobis
1297 3428 1334 3495 in
1350 3425 1506 3499 Ecclesia
1521 3444 1616 3500 certo
1632 3434 1855 3501 statuendum
1870 3445 1932 3517 est,
1951 3432 2071 3503 stellas
2086 3456 2163 3501 non

246 3512 535 3601 Ellllffllsfflum
552 3509 707 3580 malim
723 3511 842 3582 ⁸¹²¹¹³⁸
862 3504 1127 3587 humidifflumv
1179 3553 1252 3599 esse
1285 3528 1492 3613 rationales,
1520 3554 1581 3599 seu
1616 3531 1852 3622 intelligentes
1884 3546 2046 3620 naturas,
2078 3533 2165 3626 quia

143 3616 231 3688 alias
253 3608 450 3685 siccitatum
467 3632 588 3682 causas
607 3634 700 3696 esse,
726 3623 767 3682 ut
784 3606 1010 3681 humiditates
1026 3609 1128 3678 adiu·
1180 3629 1275 3700 neu,
1290 3630 1367 3700 ,ult
1383 3631 1861 3721 302311530„19,n,mm„0n
1876 3635 2047 3708 inmite·-
2067 3633 2164 3705 δίει,

144 3730 231 3789 “¹¹¹
241 3713 395 3810 Hyadeb
415 3710 589 3796 Pleiadlb
608 3709 638 3781 P
640 3737 769 3827 r{stllb
795 3735 877 3783 ‘⁰¹¹¹
894 3709 1128 3806 adffllfflffl
1180 3732 1235 3800 lae
1256 3755 1340 3800 vero
1364 3746 1447 3802 sunt
1471 3734 1648 3823 periturae
1671 3734 1709 3801 in
1733 3735 2008 3824 conflagratione
2022 3733 2165 3809 mundi.

145 3818 308 3898 ὃΰθθδδῖῑν
334 3814 404 3884 ὓῖθῖ
426 3815 516 3884 ³5³0
538 3826 755 3905 Ροῑθῑὶῑ1οΜ
775 3836 919 3930 mutae,
946 3826 986 3882 Ul
1001 3808 1130 3881 Plane·
1181 3831 1262 3901 Non
1287 3844 1370 3902 sunt
1393 3832 1502 3920 igitur
1524 3847 1670 3903 naturae
1694 3835 1949 3925 intelligentes,
1983 3836 2043 3905 sed
2064 3835 2165 3925 globi

146 3933 262 3991 larum
279 3917 414 4010 Ρῦδῖῑῠδ
434 3915 472 3983 ἷῦ
486 3914 586 3984 δῖΰθῖθ
602 3915 709 4001 Ῑθῑῑθ,
734 3915 942 4004 impedfflnl·
1181 3933 1309 4016 lucidi,
1334 3956 1423 4022 quus
1445 3947 1719 4004 consentaneum
1742 3950 1812 4021 est,
1838 3959 1911 4005 non
1934 3936 2100 4027 progredi
2121 3948 2165 4007 ut

246 4035 319 4107 Nec
334 4056 419 4104 vero
440 4032 527 4103 anni
548 4046 660 4102 metae
684 4032 837 4120 intelligi
861 4042 1031 4120 possunt,
1060 4029 1131 4099 nisi
1182 4032 1376 4102 animantia
1394 4034 1687 4122 progrediuntur,
1710 4039 1771 4106 sed
1788 4032 1869 4106 vehi
1889 4051 1991 4109 motu
2008 4038 2168 4121 orbium,

146 4137 293 4208 Zodiaci
317 4135 471 4227 positum
489 4132 771 4219 consideremus,
792 4135 923 4226 dequo
942 4144 1059 4222 postea
1074 4132 1131 4199 di·
1181 4135 1278 4226 quod
1292 4131 1541 4204 etAristbteles
1553 4137 1775 4226 probabilius
1790 4161 1862 4207 esse
1879 4137 2059 4219 iudicavit,
2080 4137 2166 4232 quia

147 4263 236 4309 cam.
286 4236 434 4309 Necesse
459 4247 509 4304 est
532 4234 641 4322 igitur
662 4246 696 4304 et
725 4234 844 4305 stellas
867 4256 942 4302 non
974 4244 1131 4302 errantes
1182 4236 1323 4304 videtur
1347 4237 1540 4306 absurdum
1563 4258 1655 4320 esse,
1680 4237 1711 4306 si
1731 4239 1844 4306 scindi
1865 4241 1999 4308 coelum
2014 4239 2169 4322 dicatur,

147 4340 268 4429 aspici.
319 4337 440 4426 Quare
455 4335 619 4407 rudiores
637 4336 751 4405 sciant
767 4333 944 4403 numerari
962 4332 1132 4422 imagines
1181 4348 1222 4406 ut
1236 4357 1327 4427 aqua
1347 4336 1591 4406 innatantibus
1611 4337 1778 4424 piscibus.
1830 4336 1919 4408 Tale
1933 4339 2052 4429 siquid
2065 4339 2168 4410 lieret

149 4452 227 4508 octo
242 4453 276 4508 et
292 4439 533 4531 quadraginta.
589 4434 786 4505 Duodecim
809 4435 907 4523 signa
922 4433 1080 4506 Zodiaci.
1182 4438 1221 4505 in
1238 4436 1347 4515 coelo,
1367 4460 1445 4504 cum
1459 4460 1499 4504 eo
1517 4458 1590 4505 non
1607 4438 1781 4527 pertingat
1793 4444 1864 4524 adr,
1883 4440 2063 4511 videretur
2077 4462 2169 4510 conr

246 4550 386 4624 Deinde
417 4556 563 4625 suntin
588 4566 687 4644 parte
710 4567 845 4624 arctoa:
887 4549 977 4622 Ursa
1002 4553 1133 4636 minor,
1184 4538 1381 4607 cedendum
1396 4557 1644 4609 ²³⁵0V2⁶l¹¹1m⁴

150 4650 241 4724 Ursa
264 4656 396 4739 maior,
428 4653 563 4742 Draco,
596 4652 777 4747 Cepheus,
810 4649 958 4735 Bootes,
990 4649 1131 4723 Corona
1285 4651 1354 4723 Sed
1376 4647 1441 4722 has
1462 4653 1684 4746 quaestiones
1706 4653 1927 4747 relinquam,
1959 4657 2005 4725 de
2028 4654 2170 4728 viribus

149 4755 313 4842 borealis,
337 4752 533 4843 Engonasi,
557 4755 664 4850 Lyra,
688 4750 778 4826 Avis
789 4777 851 4824 seu
867 4750 1025 4838 Gallina,
1045 4751 1133 4824 Cas-
1184 4767 1320 4838 autem,
1355 4776 1417 4823 sen
1444 4753 1690 4824 effectionibus
1719 4755 1900 4826 stellarum
1926 4756 1967 4824 in
1994 4754 2170 4827 inferiore

150 4856 289 4946 siopea‚
323 4854 492 4945 Perseus,
524 4853 750 4935 Heniochus,
784 4847 1016 4943 Ophiuchus,
1048 4854 1133 4925 Ser·
1184 4854 1329 4925 materia
1348 4855 1440 4924 infra
1456 4855 1645 4924 dicendum
1661 4853 1746 4937 erit,
1772 4855 1865 4924 inea
1881 4869 1997 4948 parte,
2020 4854 2171 4928 ubido-

151 4978 237 5046 pens
250 4949 449 5048 Ophiuchi,
473 4954 618 5044 Sagitta,
632 4954 776 5051 Aquila,
799 4950 1012 5046 Delphinus,
1035 4950 1134 5049 Equi
1184 4957 1298 5026 ctrina
1320 4959 1365 5025 de
1387 4955 1501 5024 causis
1520 4956 1691 5025 tradenda
1710 4956 1787 5027 erit.
1838 4954 1896 5026 lbi
1912 4957 2007 5026 enim
2026 4958 2171 5030 necesse

152 5057 276 5142 sectio,
302 5055 473 5148 Pegasus,
499 5055 749 5143 Andromeda,
772 5055 1001 5145 Triangulns.
1184 5069 1236 5126 est
1251 5056 1491 5149 quaestionem
1504 5053 1645 5125 deFato
1659 5057 1837 5148 explicari,
1861 5060 1957 5150 quod
1972 5059 2171 5136 intercan-

254 5171 298 5243 ln
313 5187 411 5264 parte
426 5173 573 5244 australi
596 5197 658 5242 seu
674 5174 886 5245 meridiana:
911 5168 1018 5250 Cetus
1041 5170 1134 5241 inle-
1184 5156 1435 5228 ῦδθθῙῖῑὸῙῖῑθῑ
1449 5166 1648 5231 numerant·
1710 5244 1713 5250 ,

152 5291 225 5348 stus
238 5271 508 5361 Andromedae,
533 5269 671 5354 Orion,
696 5272 887 5359 Eridanus,
911 5270 1040 5364 Lepus,
1064 5270 1133 5343 Ca-
1285 5267 1333 5342 Et
1347 5291 1427 5339 cum
1443 5270 1488 5347 de
1501 5269 1655 5342 Zodiacn
1671 5270 1709 5340 in
1719 5270 1802 5343 Sole
1814 5270 1982 5359 dicemus,
2007 5297 2064 5345 res
2079 5298 2172 5359 conf

152 5381 208 5447 nls
225 5379 356 5463 maior,
377 5373 553 5488 Procypn,
570 5375 685 5464 argo,
708 5371 854 5469 Hydra,
879 5371 1015 5464 Crater,
1039 5370 1131 5447 Cur·
1183 5373 1314 5460 vincet,
1338 5383 1379 5444 ut
1396 5371 1661 5444 concedendum
1675 5372 1732 5460 sit,
1752 5372 1908 5446 diversas
1920 5395 1995 5447 esse
2008 5374 2171 5451 effectio-

187 2394 365 2474 Fulgeutem
377 2393 474 2452 veluti
489 2385 600 2466 Sidus,
626 2388 710 2472 quod
726 2383 799 2449 Sole
813 2391 931 2468 relicto,

186 2495 296 2559 Auteit
310 2506 506 2566 autumnum,
532 2502 756 2573 nnotumosque
770 2493 881 2551 enunat
895 2493 973 2553 iuter

186 2592 276 2678 Ignes
292 2608 383 2678 atque
397 2613 453 2655 suo
470 2595 565 2654 riuoit
579 2592 738 2673 splendore
752 2595 897 2655 tenebras.

187 2697 387 2780 Formosique
403 2708 486 2757 tenet
501 2715 611 2754 nomen
627 2691 717 2755 canu
732 2690 870 2755 Orionis.
980 2698 985 2705 '

190 2798 256 2880 Qui
276 2801 386 2860 febrim
406 2810 436 2858 et
451 2799 571 2857 morbos
586 2798 892 2857 miserismortalibus
908 2793 1013 2857 adfert.

139 2910 310 3007 Hyadum
330 2922 430 2978 ortus
446 2920 480 2976 et
499 2927 641 2975 occasus
665 2905 800 2975 turbidi
824 2919 907 2975 sunt
930 2918 964 2976 et
986 2901 1124 2994 pluvias

139 3015 310 3084 fundunt.
362 3007 466 3080 Unde
480 3022 514 3078 et
534 3028 665 3076 nomen
683 3006 734 3075 eis
753 3007 885 3077 iactum
901 3020 952 3076 est
967 3006 1012 3073 ab
1033 3000 1125 3087 ὕειν,

141 3115 177 3182 id
194 3126 246 3184 est
258 3113 390 3203 pluere,
415 3108 479 3178 etsi
494 3108 604 3198 figura
618 3130 762 3200 quoque
774 3108 908 3198 primae
923 3106 1046 3177 literae
1061 3107 1124 3173 ad-
