4538 5754
46 208 133 329 sss
628 232 1551 328 ··‘-uo1n1rranocrn1naurursrcau·
1999 237 2107 328 ‘eso

46 444 121 497 nes
143 423 343 501 stellarum.
396 419 654 498 venustissime
674 434 795 494 autem
817 421 958 514 scripsit
968 416 1058 492 Ma·
1112 416 1254 486 rietates
1269 426 1419 509 potsunt
1432 433 1506 485 οῦδὲ
1521 434 1661 502 ctum,
1686 440 1838 490 turnon
1853 420 1940 508 bant
1955 440 2020 512 per
2036 415 2104 505 hot

46 524 193 618 uilius,
219 520 311 619 p'e'ne
326 539 365 596 ut
381 526 419 596 in
437 525 581 617 Repub.
600 525 729 614 gradem
746 539 830 595 sunt
855 518 1058 604 hominum,
1110 517 1267 608 eclipses.
1284 547 1291 596 a

45 627 118 698 atii
139 643 231 699 sunt
254 627 419 712 Patricii,
452 628 514 695 atii
540 624 707 718 Equites,
737 625 798 694 atii
826 623 980 708 Plebeii,
1007 625 1056 694 ita
1213 617 1417 689 Ptolomeus
1442 618 1494 688 ait
1511 618 1739 690 vetustiorem
1764 642 1837 694 esse
1860 622 2043 710 ordinem,
2067 638 2102 698 et

48 728 182 799 stellas
203 731 293 799 alias
313 728 393 798 aliis
414 727 572 819 potentia
591 729 810 798 antecedere.
862 724 995 796 Versus
1018 719 1057 794 hi
1109 720 1221 810 magis
1254 716 1461 813 physicum,
1494 720 1557 814 qui
1585 719 1704 813 Solem
1736 723 1774 791 in
1799 724 1917 792 medio
1941 726 2102 798 collocat.

45 844 156 902 ,mm
1109 820 1228 915 thue
1250 833 1527 891 consentaneum
1544 835 1594 891 est
1610 845 1716 915 supra
1735 823 1856 896 Solem
1883 847 1957 895 esse
1976 825 2102 913 Satur-

1109 947 1219 1008 num,
1250 919 1371 991 lovem
1396 937 1431 993 et
1455 921 1628 1009 Martem,
1661 925 1745 1016 quia
1766 925 1920 1016 longiori
1941 941 2100 1019 tempore
2180 985 2184 995 .

1109 1047 1212 1094 suum
1235 1044 1378 1093 cursum
1400 1024 1612 1109 conficiunt,
1636 1026 1832 1116 et'longius
1849 1051 1869 1098 a
1885 1027 1968 1099 Sole
1985 1030 2100 1100 disce·

1109 1126 1217 1211 dunt,
1241 1123 1289 1195 ita
1304 1124 1396 1193 infra
1412 1123 1533 1194 Solem
1548 1147 1621 1195 esse
1641 1127 1799 1222 reliquos
1822 1142 2098 1215 consentaneum

106 1275 149 1340 ln
166 1299 229 1362 que
244 1282 356 1357 vulgus
371 1284 466 1354 iners,
492 1299 599 1359 magna
614 1292 643 1340 et
657 1282 722 1339 sine
738 1281 861 1338 nomine
877 1279 963 1338 turbe
978 1290 1031 1342 est.
1109 1240 1178 1312 ‘st’
1198 1250 1352 1320 q⁰⁰mm
1369 1249 1486 1317 ῬΜ
1503 1228 1547 1295 ad
1563 1251 1705 1298 ‘mum
1731 1231 2012 1318 ⁰⁰nfi⁶¹⁶¹¹d¹¹mr
2036 1245 2099 1303 aut

107 1376 165 1440 sie
181 1393 288 1438 ustura
304 1380 412 1459 gradus
428 1384 580 1440 stellarum
595 1380 749 1455 condidit,
772 1391 807 1440 ut
822 1382 881 1440 sint
1108 1328 1268 1422 aequam
1285 1341 1370 1462 {um
1386 1327 1511 1413 ‘dolari’
1538 1343 1600 1400 ΝΠ
1617 1331 1792 1406 breviora·

106 1478 152 1542 Et
166 1502 328 1563 procerum
347 1482 459 1542 slmiles
475 1485 611 1564 aliquae,
637 1485 809 1564 primosque
827 1493 978 1565 sequntur,
1104 1479 1109 1488 ’
1209 1443 1519 1535 Red¹⁰m⁰⁰i³⁰¹¹⁸
1533 1460 1568 1517 ⁸¹
1581 1444 1671 1518 hanc
1688 1448 1864 1521 Milonem
1880 1451 1990 1521 addid·
2015 1449 2099 1523 Non

107 1578 307 1664 Lngffiffi„
321 1587 406 1643 tenni
420 1584 580 1664 ,plfflgm
594 1582 713 1665 fulgore
727 1596 853 1642 „m
927 1584 930 1590 ¹
1109 1561 1385 1618 consentaneum
1401 1560 1463 1631 est,
1486 1548 1644 1638 spacium
1660 1550 1753 1621 inter
1767 1548 1888 1621 Solem
1907 1565 1941 1622 ct
1957 1549 2098 1622 Lunam

69 958 73 964 ¹
106 950 217 1056 litque
232 995 287 1055 per
302 975 455 1055 ingentem
468 967 606 1053 Populus
623 970 798 1034 describitur
813 970 930 1047 urbem,

106 1074 376 1158 Pnecipuumque
392 1088 489 1156 potres
504 1077 652 1155 retinent,
677 1087 706 1135 et
720 1075 897 1155 proximum
912 1068 1057 1156 Equester

107 1173 204 1240 Ordo
218 1181 342 1254 locum,
368 1189 438 1258 post
451 1198 543 1261 quern
556 1175 719 1238 succedunt
735 1179 854 1257 agmine
872 1177 979 1256 plebia.

110 1680 303 1745 smmum
320 1687 440 1765 peribus
455 1689 481 1745 ,i
497 1697 609 1746 certent
627 1690 728 1747 omnic
745 1687 891 1763 flgmmg,
1109 1650 1185 1718 sine
1199 1650 1310 1719 stellis
1329 1671 1421 1734 esse,
1440 1672 1521 1718 curn
1538 1650 1585 1720 sit
1602 1651 1715 1720 maius
1730 1676 1835 1745 quam
1861 1654 2017 1743 spacium
2041 1654 2101 1724 in-

109 1779 187 1867 lp„
203 1805 272 1847 w
287 1788 373 1866 ignes
387 1786 488 1846 aether
502 1791 628 1848 toternre
647 1791 795 1871 nequiret,
1108 1764 1162 1821 ter
1176 1749 1316 1820 Lunam
1333 1762 1366 1819 et
1381 1762 1523 1823 terram.
1556 1748 1649 1820 Nam
1662 1751 1785 1823 Lunae
1798 1753 1999 1824 distantiae
2016 1778 2100 1825 cen-

1108 1865 1164 1923 tro
1178 1851 1307 1921 mundi
1323 1850 1480 1920 continet
1495 1851 1796 1924 semidiametrum
1812 1868 1925 1925 terrac
1939 1853 1991 1929 64
2011 1857 2101 1927 vici-

1109 1955 1185 2024 bus.
1240 1951 1396 2022 Minima
1414 1975 1497 2019 vero
1505 1951 1601 2022 Solis
1617 1955 1784 2026 distantia
1799 1979 1817 2025 a
1834 1971 1957 2029 centro
1972 1957 2100 2029 mundi

1109 2055 1268 2125 continet
1283 2054 1584 2122 semidiametrum
1601 2057 1829 2130 terrae1070
1844 2059 1994 2131 vicibus.
2035 2057 2100 2129 ln·

195 2136 261 2207 9⁶
288 2133 436 2250 θζὸῑῦίθθ
462 2141 678 2208 “mulium
703 2138 926 2211 Stellarum·
1110 2157 1298 2226 tervallum
1323 2155 1431 2244 igitur
1451 2156 1605 2226 duorum
1633 2156 1811 2227 luminum
1842 2161 2001 2234 continet
2022 2162 2100 2231 dia-

166 2282 248 2356 snb
270 2310 312 2355 eo
335 2288 441 2372 orbe,
466 2287 523 2367 cui
552 2312 625 2357 non
652 2287 845 2358 errantium
874 2284 1055 2355 stellarum
1108 2256 1708 2330 m²¹¹⁰m¹⁰l¹³²1⁰⁰⁶lli⁰ib¹¹⁸·
1759 2257 1837 2330 1¹⁰⁶
1859 2274 1999 2331 lanium
2019 2285 2100 2355 ⁸9³·
2168 2339 2171 2345 r

59 2385 261 2459 muppppudo
280 2388 385 2456 infixa
410 2403 479 2473 ω’
504 2403 588 2459 sun,
605 2403 738 2481 septem
756 2389 878 2472 orbes,
904 2409 1056 2478 qnorum
1109 2358 1202 2428 cium
1219 2358 1295 2427 sine
1311 2358 1422 2428 stellis
1440 2381 1515 2427 esse
1531 2381 1606 2427 nou
1625 2373 1674 2429 est
1690 2375 1980 2437 consentaneum.

61 2488 194 2576 singuli
208 2512 321 2559 unam
338 2485 473 2559 vehunt
491 2514 532 2559 ex
548 2491 679 2576 stellis,
705 2515 795 2583 quae
811 2506 982 2558 vocantur
998 2511 1056 2555 er·
1211 2473 1411 2567 sequamur
1440 2474 1550 2562 igilur
1575 2477 1847 2547 vetustissimam
1875 2493 1910 2551 el
1940 2503 2100 2551 commu·

63 2603 204 2675 rantes,
231 2613 296 2659 seu
311 2588 488 2665 Planetae.
529 2589 744 2683 Quanquam
761 2581 1058 2676 enimle'gesmo-
1109 2575 1430 2656 ncmsententiam,
1456 2577 1718 2669 quaemedium
1737 2578 1855 2649 locum
1871 2578 1947 2650 Soli
1965 2582 2102 2668 tribuit,

64 2703 164 2759 tunm
186 2690 409 2760 certissimae
435 2705 532 2776 sunt,
564 2706 598 2762 et
626 2693 791 2761 mirando
820 2691 968 2760 consilio
989 2686 1057 2757 Dei
1109 2680 1225 2771 ilique
1249 2673 1308 2745 hic
1334 2680 1439 2748 ordo:
1476 2675 1671 2764 Saluium,
1701 2677 1854 2771 iupiter,
1881 2681 1999 2769 Mart,
2024 2682 2102 2770 Sol,

65 2793 273 2878 ordinatae,
300 2803 421 2860 tamen
443 2794 492 2863 sic
514 2795 760 2884 adpellantur,
794 2793 877 2885 quia
898 2791 1058 2879 singulae
1113 2778 1252 2861 Venus,
1279 2776 1637 2861 M⁸r⁶⁰t3⁰³‚·erna.

64 2893 185 2962 stellae
207 2894 250 2962 in
272 2878 330 2961 iris
353 2906 486 2983 septem
511 2896 659 2964 orbibus
682 2896 841 2963 diversos
857 2907 972 2962 motus
994 2885 1057 2959 ha·
1210 2876 1433 2949 Adiltiemus
1455 2890 1572 2948 aulem
1594 2905 1705 2973 pauca
1727 2884 1770 2952 de
1791 2881 2012 2972 singulorum
2035 2909 2101 2956 na·

64 2995 170 3078 bcnt,
195 2993 482 3083 congrediuntur
505 3009 540 3066 et
562 3019 684 3065 morsus
701 2996 888 3064 discedunt
912 3019 952 3064 ex
971 3015 1058 3062 con·
1110 2994 1189 3063 tura
1213 2993 1247 3052 el
1270 2993 1389 3062 ¹¹¹⁰lu2
1423 2980 1484 3049 Sed
1510 2981 1694 3053 Ordiefflut
1723 3009 1743 3053 ἃ
1772 2986 1981 3057 lumlnlbtn·
2033 2986 2098 3058 Sol

65 3096 248 3181 maha,
274 3095 366 3164 aliae
391 3096 468 3165 2155,
500 3097 651 3186 longius,
703 3093 756 3165 Ac
781 3110 916 3165 ceterae
938 3095 1058 3163 stellae
1110 3083 1205 3154 enim
1235 3081 1386 3151 maxime
1418 3080 1704 3169 ostenditnobis
1733 3098 1844 3156 metas
1869 3085 2034 3174 Zodiaci,
2065 3101 2100 3159 et

64 3217 120 3266 sex
141 3219 221 3267 non
248 3194 364 3266 solum
387 3197 425 3264 in
440 3197 725 3286 longitudinem,
751 3199 810 3267 sed
828 3197 932 3268 etiam
949 3197 986 3264 in
1003 3197 1057 3263 la·
1109 3184 1210 3280 quasi
1225 3185 1299 3254 dux
1314 3196 1367 3254 eil
1380 3181 1623 3256 planetarum·

65 3298 260 3369 titudinem
278 3296 391 3368 eSole
408 3299 605 3373 discedunt.
640 3298 823 3369 Vocantur
836 3322 918 3387 ergo
935 3321 1058 3366 erran·
1136 3346 1141 3354 -

63 3412 132 3484 tes,
161 3411 314 3491 propter
334 3399 572 3470 diversitatem
598 3414 633 3487 et
658 3400 861 3472 varietatem
885 3413 1059 3483 motuum,
1510 3404 1573 3475 De
1599 3405 1699 3478 Sole.

66 3497 173 3593 idque
184 3503 235 3571 dc
251 3499 398 3570 nomine
416 3501 543 3572 dixisse
559 3502 643 3575 satis
660 3515 720 3575 est.

109 1882 213 1949 Totus
228 1898 259 1948 et
271 1907 398 1948 accensu
412 1886 543 1950 mundus
559 1891 694 1971 flagraret
712 1885 863 1972 Olympo.

1213 3545 1276 3619 Sol
1302 3560 1353 3618 est
1373 3548 1631 3622 lucidissimum
1648 3552 1686 3621 in
1711 3553 1809 3623 coelo
1833 3576 1977 3648 corpus,
2002 3557 2099 3650 quod

163 3652 227 3723 De
254 3651 383 3721 ordine
405 3653 549 3723 orbium
572 3655 747 3744 discrepat
768 3651 912 3724 Platon
938 3651 1059 3721 Ptole·
1112 3658 1210 3720 motu
1235 3650 1366 3720 diurno
1390 3650 1594 3722 discrimina
1618 3653 1724 3725 efficit
1746 3654 1819 3725 diei
1843 3669 1877 3726 et
1899 3657 2030 3743 noctis,
2063 3671 2099 3728 et

65 3778 142 3825 mco
177 3759 217 3823 et'
253 3755 436 3823 communi
466 3757 664 3831 sententia,
713 3754 787 3824 lma
815 3769 867 3825 est
897 3754 1057 3824 omnium
1111 3752 1257 3842 proprio
1273 3765 1385 3832 motu,
1412 3776 1483 3845 quo
1498 3750 1693 3823 Zodiacum
1710 3756 1818 3825 semel
1834 3771 2006 3848 peragrat,
2031 3783 2099 3829 an-

10 3902 13 3933 ,
66 3855 243 3927 sententia
265 3853 392 3940 Luna,
426 3859 508 3948 quia
532 3871 567 3928 et
589 3856 684 3928 Solis
705 3869 931 3949 conspectum
955 3854 1060 3924 nobis
1082 3902 1085 3913 ·
1110 3876 1198 3923 num
1233 3853 1350 3925 elficit.
1407 3849 1579 3924 Naturam
1611 3855 1685 3924 eius
1718 3879 1792 3927 esse
1823 3859 2028 3947 calefacere,
2065 3873 2110 3953 et,

67 3957 211 4041 adimit,
239 3968 277 4026 et
301 3957 540 4027 diversitatem
564 3972 724 4048 aspectus
744 3960 888 4048 cognitu
907 3957 1058 4026 manile·
1109 3955 1315 4044 languidius
1340 3953 1515 4024 desiccare
1544 3970 1691 4029 constat.
1739 3955 1875 4054 Estque
1902 3961 1998 4031 calor
2022 3985 2097 4030 non

67 4059 210 4129 stiorem
236 4045 356 4133 babet.
415 4056 530 4149 Supra
553 4059 692 4129 Iiunam
721 4065 880 4151 proxime
911 4059 1060 4128 collocat
1110 4069 1150 4127 ut
1173 4054 1301 4126 Martis
1323 4055 1513 4141 exiciosus,
1540 4059 1602 4128 sed
1622 4059 1749 4129 fovens
1774 4063 1893 4132 omnia
1917 4063 2096 4133 nascentia

66 4157 167 4231 l'lato
181 4157 328 4238 Solem,
355 4159 484 4230 deinde
507 4185 613 4251 supra
636 4160 755 4232 Solem
772 4161 931 4252 proxime
948 4160 1059 4231 collo-
1111 4157 1326 4242 alviscutia,
1351 4170 1392 4226 ut
1408 4160 1601 4250 quotannis
1618 4159 1655 4228 in
1669 4162 1912 4233 foecundanda
1927 4176 2031 4246 terra,
2057 4164 2096 4232 in

67 4256 322 4344 ntVenerern,
338 4282 445 4351 snpra
458 4255 552 4331 banc
565 4261 796 4345 Mercurium,
816 4261 943 4332 deinde
958 4258 1059 4330 Mar·
1110 4260 1297 4350 gignendis
1312 4272 1346 4330 et
1363 4262 1582 4330 maturandis
1595 4262 1755 4352 frugibus
1771 4264 1958 4334 cernimus.
1991 4262 2096 4334 lde'o·

67 4375 155 4447 tm,
187 4359 333 4446 lovem,
365 4360 573 4435 Saturnum.
623 4361 671 4434 Et
703 4364 848 4457 quidam
875 4354 1060 4451 adfingunt
1111 4360 1640 4456 quedictumestaPtolemeo,
1665 4364 1785 4434 Solem
1802 4364 2094 4436 esselontemvi-
2184 4360 2188 4373 '

70 4463 265 4546 rationem,
293 4461 379 4554 quia
402 4462 433 4532 si
450 4463 572 4535 Venus
593 4478 627 4537 et
642 4463 845 4536 Mercurius
864 4477 978 4535 essent
1000 4464 1059 4532 in·
1110 4463 1191 4534 talis
1213 4463 1412 4553 potentiae,
1436 4461 1578 4534 Lunam
1599 4487 1684 4534 vero
1708 4464 1843 4535 fontem
1868 4487 1941 4535 esse
1964 4480 2093 4556 poten-

73 4563 120 4631 lra
130 4562 271 4646 Solem,
297 4563 496 4637 adimerent
511 4567 618 4636 etiam
636 4568 741 4636 nobis
755 4580 980 4656 conspectum
991 4563 1059 4637 So-
1109 4565 1179 4636 tiae
1194 4563 1384 4648 naturalis,
1410 4567 1504 4656 quod
1522 4566 1562 4643 in
1579 4566 1685 4635 rebus
1704 4566 1929 4637 nascentibus
1943 4591 1984 4638 ex
2000 4581 2093 4639 terra

72 4663 143 4753 tis,
154 4666 254 4736 sicut
267 4664 396 4750 Luna,
415 4668 555 4759 quoties
572 4669 610 4737 in
634 4669 883 4759 coniunctione
898 4670 1058 4759 interpo-
1109 4664 1473 4757 magisccnspicitur,
1498 4667 1550 4736 ibi
1570 4663 1756 4736 humorem
1772 4667 1820 4736 ali
1839 4691 1859 4737 a
1874 4667 1977 4739 Luna
1991 4668 2093 4739 vide-

71 4782 243 4840 nermtue
257 4768 353 4861 inter
360 4767 480 4839 Solem
498 4783 532 4840 et
549 4783 709 4842 nostrum
725 4769 853 4838 visum.
887 4767 956 4839 Sed
972 4763 1058 4838 baec
1109 4780 1206 4853 mus,
1231 4765 1327 4839 Solis
1342 4780 1460 4838 autem
1473 4767 1609 4838 lumine
1623 4767 1786 4838 calefacta
1804 4766 1951 4856 semina,
1975 4766 2094 4843 effren
2110 4768 2113 4772 ’

71 4868 280 4959 imaginatio
303 4869 407 4939 facile
427 4872 610 4943 refutatur.
663 4869 754 4940 Nam
777 4868 880 4942 Luna
904 4884 956 4939 est
977 4893 1058 4940 cor·
1109 4870 1200 4939 ciam
1233 4870 1418 4960 concipere
1448 4869 1611 4960 rapiendi
1644 4868 1805 4943 alimenti
1835 4884 2014 4958 exterra,
2055 4885 2094 4943 et

69 4993 131 5061 pars
154 4971 326 5056 demine,
352 4985 388 5042 et
406 4995 555 5061 opacum
576 4997 616 5043 ca
637 4985 755 5065 parte,
780 4996 870 5063 quae
889 4993 963 5039 non
990 4972 1057 5040 ob·
1107 4971 1277 5061 gignendi
1291 4970 1418 5059 fruges.
1471 4968 1578 5042 ltain
1594 4970 1830 5044 animantium
1848 4987 1882 5044 et
1903 4969 2092 5045 hominum

68 5094 165 5143 versa
184 5086 244 5143 ess
265 5071 358 5144 Soli.
409 5069 550 5145 Adimit
581 5074 690 5163 igitur
712 5084 936 5165 conspectum
951 5070 1056 5145 Solis.
1109 5072 1318 5162 corporibus
1340 5066 1507 5141 humores
1529 5073 1639 5164 magis
1656 5072 1720 5144 alit
1742 5073 1855 5144 Luna.
1907 5070 1971 5147 Sol
1992 5075 2092 5147 iuvat

71 5170 142 5242 lam
161 5174 192 5244 si
209 5171 340 5243 Venus
362 5176 398 5246 et
412 5172 614 5246 Mercurius
637 5199 714 5245 non
736 5187 820 5245 sunt
841 5173 925 5245 talia
949 5194 1058 5263 opaca
1107 5186 1245 5245 motum
1261 5186 1295 5243 et
1314 5195 1466 5244 sensum.
1967 5168 1975 5177 '

74 5298 241 5367 corpora,
274 5288 316 5347 ut
346 5300 421 5348 non
451 5298 526 5347 esse
551 5300 659 5370 opaca
688 5289 964 5365 consentaneum
994 5288 1058 5359 est,
1210 5272 1305 5346 Sunt
1318 5285 1435 5344 autem
1450 5272 1544 5345 Solis
1557 5286 1675 5366 motus
1691 5276 1775 5351 duo.
1812 5275 2093 5366 Alterdiurnus,

74 5374 428 5472 mnteguntSolcm.
462 5374 513 5452 Et
528 5380 661 5452 multas
674 5378 764 5453 aliae
778 5389 984 5473 aspectuum
997 5397 1059 5449 va-
1110 5374 1359 5471 quo'primum
1381 5376 1515 5447 mobile
1535 5374 1834 5553 qupt⁶idiesecum
1853 5381 1976 5450 orbern
1995 5377 2091 5451 Solis
2151 5468 2160 5482 ¹
