4538 5754
101 239 206 317 1⁰5⁸
697 232 758 307 tx.
809 225 1184 333 COMMENTARll
1204 226 1256 299 IN
1281 220 1526 300 PSALMOS.
1625 222 1627 226 ⁸
1850 275 1855 291 ι
2022 219 2121 300 toas
2213 248 2215 253 ⁴

96 410 245 483 Psalmo
261 409 416 479 secundo
431 404 578 477 dicitur:
606 400 795 495 Tanquam
809 423 871 471 vas
886 400 986 490 liguli
1001 422 1088 470 con·
1113 395 1116 405 “
1141 411 1269 470 stratus
1284 395 1467 487 politicos,
1491 408 1532 466 ut
1549 394 1661 467 sciant
1676 395 1720 465 ad
1738 417 1774 464 se
1788 416 1930 489 quoque
1945 393 2124 486 pertinere

96 512 237 603 l'ringes
255 532 327 582 eos.
374 504 425 580 Et
447 503 521 577 hie:
547 500 717 575 Attollits
737 511 866 600 portas
890 499 1014 598 sapito
1034 521 1091 568 ve·
1141 523 1261 568 curam
1277 497 1424 567 iuvandi
1440 497 1729 587 propagationem
1738 493 1946 586 Evangelii,
1971 508 2005 566 et
2018 511 2124 566 tuen·

96 620 202 698 slro,
235 612 274 683 id
303 624 380 703 est,
404 608 551 699 imperia
583 605 799 698 patefaciatis
834 604 902 673 iter
933 600 1090 671 venienti
1142 600 1179 668 di
1201 625 1298 668 veras
1320 596 1587 671 DeiEcclesias.
1640 597 1721 668 Non
1742 599 1979 667 existimemus
2003 621 2023 667 a
2047 596 2154 686 Deo,

96 710 267 789 Christo:
293 725 329 782 et
341 710 531 781 elevamini
553 722 674 800 portae
689 706 835 789 mundi,
855 705 891 773 id
915 716 984 785 est,¹
1008 726 1092 793 ape·
1141 716 1279 772 tantum
1310 700 1390 769 ideo
1422 700 1602 770 ordinatas
1631 721 1704 768 esse
1730 699 1891 789 politiae,
1925 711 1965 769 ut
1991 700 2125 769 ventris

96 814 252 889 n'amini
272 835 336 883 vos
356 809 514 901 Respub.
537 823 577 881 ut
608 832 669 877 rex
697 807 832 897 gloriae
857 805 1092 894 ingrediatur,
1142 805 1235 873 bona
1252 822 1474 894 quaeramus.
1527 800 1601 870 Nec
1625 800 1848 890 magistratus
1865 813 2023 890 putetse
2045 814 2126 870 tan-

96 929 140 989 nt
156 916 357 989 illuscescat
373 908 735 1000 vobisEvangelium,
759 921 794 978 et
809 906 901 977 adsit
916 907 1090 975 intervos
1144 917 1220 974 tum
1242 926 1316 972 esse
1339 903 1610 986 armentarium,
1643 897 1713 970 hoc
1734 914 1802 987 est,
1829 904 2008 973 custodem
2030 903 2126 992 pacis

96 1011 291 1101 Christus,
314 1031 350 1088 et
369 1015 415 1084 sit
434 1013 572 1097 ellicax,
596 1010 701 1080 faciat
722 1031 785 1078 vos
806 1003 974 1078 haeredes
997 1005 1090 1083 vitae
1142 1018 1325 1090 externae,
1356 1017 1394 1073 ut
1418 1003 1522 1072 multi
1547 1004 1760 1096 loquuntur:
1799 1004 1859 1072 sed
1880 1004 1993 1073 multo
2014 1004 2125 1092 magis

96 1132 282 1191 ιιιιιιιιι.
333 1115 403 1187 Sed
424 1114 455 1184 si
476 1114 610 1183 bellum
637 1114 804 1181 adversus
828 1107 1091 1179 eum'movebi·
1141 1107 1321 1178 custodem
1337 1103 1559 1194 disciplinae,
1586 1100 1832 1195 prohibentem
1848 1105 1966 1173 omnia
1983 1119 2125 1176 externa

96 1216 172 1305 lla,
186 1218 311 1289 scitote
325 1238 387 1286 vos
403 1214 578 1305 perituros
595 1235 677 1286 esse.
706 1210 796 1281 Nam
812 1210 886 1301 ipse
902 1224 954 1280 est
966 1221 1090 1300 potens
1141 1208 1269 1279 scelera
1289 1228 1412 1278 contra
1438 1205 1589 1297 primam
1613 1219 1649 1276 et
1668 1206 1858 1275 secundam
1882 1208 2058 1276 tabulam:
2084 1230 2125 1277 ac
2254 1285 2259 1292 ,

96 1318 142 1391 in
156 1318 316 1412 praelio,
342 1317 453 1386 vincit
472 1327 506 1385 et
524 1316 618 1385 delet
634 1326 820 1407 tyrannos,
846 1311 938 1381 sicut
959 1310 1091 1379 delevit
1142 1311 1296 1401 primum
1318 1310 1405 1379 sciat
1427 1331 1464 1377 se
1490 1309 1618 1377 debere
1634 1307 1784 1395 gloriam
1803 1303 1870 1375 Dei
1892 1330 2037 1392 ornare,
2062 1302 2126 1399 qui

96 1416 355 1502 Pharaonem,
377 1411 618 1502 Sennaherib,
642 1427 677 1484 et
690 1413 780 1483 alios
804 1410 1090 1483 innumerabiles.
1143 1423 1326 1502 propterea
1341 1410 1528 1481 coniunxit
1543 1403 1705 1478 homines
1718 1408 1863 1498 politica
1879 1409 2062 1492 societate,
2084 1422 2126 1480 ut

108 1551 111 1556 ·
207 1515 493 1590 Orditurautem
512 1512 690 1586 Ecclesiae
705 1514 977 1606 descriptionem
995 1535 1016 1582 a
1033 1534 1090 1581 ca·
1141 1513 1202 1581 alii
1226 1511 1313 1580 alios
1334 1513 1379 1579 de
1403 1510 1585 1580 voluntate
1601 1506 1668 1579 Dei
1689 1512 1857 1591 doceant,
1883 1524 1917 1581 et
1940 1509 2127 1602 propagari

96 1620 198 1713 pite,
224 1619 358 1690 scilicet
379 1619 424 1687 ab
447 1617 526 1708 ipso
549 1615 704 1709 Domino
727 1609 888 1699 Christo,
913 1626 946 1684 et
968 1638 987 1682 a
1012 1613 1090 1681 loco
1141 1610 1375 1701 Evangelium
1390 1611 1483 1682 inter
1497 1605 1660 1680 homines
1674 1610 1799 1702 possit.
1849 1607 2057 1681 Execranda
2074 1624 2127 1683 est

96 1720 169 1793 nbi
184 1720 397 1790 collecturus
414 1731 466 1788 est
480 1713 686 1788 Ecclesiam.
737 1713 807 1785 llic
828 1729 946 1784 noster
962 1713 1091 1784 Domi·
1143 1713 1249 1803 igitur
1273 1711 1434 1804 impietas
1458 1712 1661 1802 principum
1678 1725 1720 1791 ⁴et
1745 1711 2030 1800 magistratuum,
2064 1711 2127 1804 qui

96 1844 176 1893 nus
192 1814 343 1902 lehova,
368 1819 504 1912 inquit,
531 1821 593 1911 qui
609 1842 689 1887 vere
706 1830 758 1887 est
780 1817 944 1886 conditor
960 1839 1091 1893 rerum,
1142 1816 1294 1886 tolerant
1309 1814 1534 1883 contusiones
1549 1836 1842 1906 quarumcunque
1857 1827 2047 1894 sectarum,
2063 1825 2127 1883 aut

96 1921 251 2010 colliget
285 1921 353 1991 sibi
387 1918 582 1989 Ecclesiam
617 1919 655 1987 in
688 1931 763 1989 toto
790 1919 877 1987 orbe
904 1930 1091 1988 terrarum.
1142 1917 1351 2007 opprimunt
1391 1910 1645 2003 Evangelium,
1698 1908 1765 1982 hoc
1803 1914 1891 1983 falso
1929 1926 2127 2004 praetextu,

96 2016 237 2113 Qualis
252 2021 319 2094 erit
332 2020 510 2112 populus?
560 2016 655 2089 Num
670 2033 710 2089 ut
727 2042 824 2089 nunc
842 2018 962 2087 colens
974 2013 1090 2086 Deum
1143 2017 1242 2110 quasi
1256 2018 1302 2087 ad
1324 2015 1565 2103 magistratum
1590 2038 1663 2084 non
1688 2015 1863 2105 pertineat
1879 2038 1962 2086 cura
1977 2014 2126 2084 iuvandi
2217 2090 2224 2114 ,

96 2121 263 2195 uternis
277 2121 512 2193 ceremoniis?
556 2118 632 2189 lmo
646 2121 728 2190 talis
744 2121 811 2190 erit
824 2119 995 2211 populus,
1021 2112 1091 2186 In-
1144 2116 1429 2209 propagationem
1460 2113 1657 2205 Evangelii.
1717 2112 1819 2187 Hanc
1847 2117 2064 2208 impietatem
2091 2114 2147 2185 et'
2194 2162 2201 2179 ι

96 2243 241 2295 nocens
260 2220 455 2307 manibus,
477 2229 509 2290 et
529 2215 691 2290 mundus
717 2214 842 2300 corde,
874 2232 908 2289 et
929 2242 1002 2289 non
1027 2220 1091 2286 ad·
1142 2218 1317 2288 secundus
1339 2216 1497 2287 Psalmus
1520 2230 1614 2289 taxat
1641 2240 1721 2287 cum
1743 2218 1808 2287 ait:
1842 2215 1889 2288 Et
1909 2240 2006 2289 nunc
2028 2238 2128 2308 reges

96 2322 245 2417 plicans
269 2324 528 2394 advenitatem
550 2323 705 2392 animam
728 2344 848 2401 suam,
880 2332 916 2390 et
938 2343 1012 2389 non
1034 2316 1093 2387 iu·
1142 2318 1338 2409 intelligite.

96 2445 192 2497 nans
211 2424 353 2510 dolose,
376 2425 414 2494 id
437 2437 507 2506 est,
531 2448 607 2493 non
629 2423 811 2514 adplicans
833 2423 876 2491 ad
900 2442 1031 2491 vanum
1056 2433 1091 2489 et

96 2526 315 2595 mendacem
331 2526 487 2609 cultum,
506 2526 550 2593 ad
573 2525 776 2593 mendacem
799 2523 996 2592 doctrinam
1013 2520 1092 2589 ani·
1283 2514 1616 2616 Argumentum
1641 2542 1693 2592 stc
1718 2517 1987 2613 dispositio

96 2648 204 2697 mm
225 2645 346 2706 suam,
371 2627 431 2695 sed
454 2647 578 2694 verum
591 2621 706 2694 Deum
724 2645 914 2712 agnoscens
934 2636 969 2692 et
989 2623 1093 2691 invo-
1476 2649 1636 2733 psalmi
1657 2651 1790 2735 XXV

96 2748 209 2812 uns,
241 2726 454 2817 amplectens
479 2726 628 2815 verbum
650 2749 670 2794 a
692 2722 767 2794 lieo
797 2724 986 2815 traditum,
1016 2745 1092 2791 non
1425 2798 1434 2814 ·
1790 2713 1802 2735 ⁰
1906 2774 1910 2785 .

96 2827 189 2901 fleta
214 2820 394 2920 hypocrisi
408 2826 528 2897 colens
534 2876 546 2911 ,
573 2827 633 2895 sad
650 2850 732 2895 vere
754 2825 901 2910 timens,
926 2848 1009 2893 vere
1033 2825 1092 2891 in·
1193 2790 1481 2867 astronomiae
1502 2797 1624 2910 livam*
1641 2801 1968 2888 “nlmflmmessms
1995 2805 2068 2869 0¹⁰·

96 2949 255 2998 vocans:
282 2930 438 2998 mundus
453 2929 577 3008 corde,
594 2942 639 2998 >et
654 2926 826 2996 innocens
846 2926 1028 3008 manibus,
1054 2925 1092 2992 id
1246 2922 1362 2996 Totus
1382 2924 1545 3015 Psalmus
1573 2928 1728 3019 precatio
1750 2942 1820 3010 est,
1852 2931 1891 3000 in
1916 2953 1985 3024 qua
2009 2928 2126 2998 mani·

96 3040 182 3109 est,
207 3051 308 3113 vere,
340 3052 415 3098 non
444 3028 524 3099 ficta
546 3022 725 3122 hypocrisi
755 3027 925 3097 obediens
945 3024 1021 3097 Deo
1053 3025 1092 3093 in
1143 3023 1228 3095 lesta
1247 3026 1371 3115 petitio
1393 3040 1446 3099 est
1468 3027 1687 3100 remissionis
1715 3045 1948 3122 peccatorum.
1999 3029 2126 3101 Testa·
2193 3027 2200 3036 ’

96 3129 277 3199 omnihus
291 3128 493 3228 praeceptis.
1144 3138 1202 3195 tur
1222 3149 1304 3216 ergo
1320 3127 1398 3196 dari
1418 3128 1661 3200 remissionem
1676 3145 1916 3221 peccatorum,
1939 3144 1974 3202 et
1990 3144 2043 3202 est
2055 3155 2124 3200 vox

211 3227 313 3318 Quae
328 3231 423 3300 bona
437 3228 584 3320 accipiet
606 3223 665 3296 hic
680 3229 835 3319 populus
855 3226 993 3305 aDeo?
1017 3223 1090 3296 Be·
1143 3222 1329 3316 Evangelii
1344 3230 1473 3298 docens
1487 3242 1597 3301 totam
1613 3228 1805 3301 Ecclesiam
1824 3233 1868 3301 de
1882 3226 1951 3302 huc
1963 3232 2126 3317 articulo,
2231 3268 2233 3293 ι

97 3325 350 3402 mediationem
380 3339 413 3400 st
442 3327 647 3410 iusticiam,
684 3330 813 3413 idest,
853 3326 911 3400 hic
939 3330 1092 3420 populus
1144 3327 1309 3398 videlicet
1331 3330 1376 3399 de
1397 3329 1604 3400 remissione
1625 3346 1848 3422 peccatorum
1870 3346 1964 3404 certa
1988 3345 2021 3402 et
2045 3355 2126 3422 gra-

96 3453 303 3525 ,tgnoscens
317 3427 413 3503 hune
427 3455 551 3501 verum
567 3427 703 3516 Deum,
729 3431 951 3520 colligentem
965 3427 1090 3500 Eccle·
1143 3429 1252 3520 tuita,
1286 3431 1414 3501 donata
1444 3454 1507 3520 per
1529 3433 1828 3518 misericordiam,
1858 3457 1950 3527 quae
1973 3456 2015 3504 ex
2039 3455 2126 3505 voca

96 3534 221 3631 darn,
246 3533 392 3626 accipiet
416 3531 614 3611 iusticiam,
638 3531 766 3616 idest,
796 3531 1093 3623 pronunciabitur
1144 3529 1228 3618 legis
1250 3553 1324 3599 non
1345 3544 1459 3622 potest
1484 3555 1558 3602 esse
1582 3547 1694 3619 certa,
1716 3535 1799 3629 quia
1823 3535 1878 3605 lex
1901 3559 2039 3627 semper
2060 3559 2126 3625 po·

96 3630 388 3803 instns‚p¹cDeo
402 3632 561 3724 placens:
587 3632 733 3722 accipiet
749 3647 783 3702 et
799 3633 1092 3716 benedictionem,
1143 3631 1250 3701 stulat
1265 3633 1504 3703 conditionem
1519 3635 1693 3725 perlectae
1716 3637 1950 3712 obedientiae.
2001 3631 2125 3705 Athis

96 3730 233 3814 idest,
276 3734 696 3823 'berationemapeccato
723 3747 758 3804 et
781 3748 914 3816 morte,
939 3734 1090 3803 donabi-
1142 3731 1275 3821 petitur
1289 3732 1448 3801 remissio
1466 3736 1614 3823 peccati,
1641 3736 1777 3807 etiamsi
1794 3738 1965 3808 sentimus
1982 3759 2124 3807 manere

96 3846 167 3923 tur
182 3833 324 3927 Spiritu
340 3847 460 3905 sancto
486 3847 521 3905 et
533 3835 606 3904 vita
623 3848 776 3904 aeterna.
826 3834 893 3906 Est
907 3858 989 3924 ergo
1005 3828 1091 3905 haec
1143 3833 1181 3900 in
1195 3834 1302 3902 nobis'
1323 3856 1483 3924 magnam
1507 3834 1803 3922 imbecillitatem,
1824 3838 2031 3928 caliginem,
2056 3839 2125 3909 du·

97 3935 273 4019 dffinitio
300 3931 479 4029 Ecclesiae
508 3935 652 4025 proprie
679 3935 810 4005 dictae:
861 3934 1018 4006 Ecclesia
1041 3949 1093 4007 est
1144 3934 1346 4020 bitationes,
1362 3958 1489 4025 pravos
1504 3936 1671 4024 affectus,
1690 3939 1853 4009 etvarias
1869 3940 2027 4011 flammas
2042 3962 2125 4031 pec-

96 4049 231 4139 goems
258 4031 445 4108 hominum
468 4034 636 4108 collectus
661 4035 791 4126 passim
811 4061 853 4106 ex
876 4059 1003 4126 genere
1023 4034 1093 4108 hu·
1143 4047 1317 4108 catorum.
1366 4030 1420 4105 Ac
1441 4038 1652 4108 nominatim
1682 4040 1721 4110 lit
1745 4041 1879 4111 mentio
1902 4041 2034 4134 peccati
2056 4063 2122 4109 no·
2231 4072 2240 4091 ⁸

96 4156 219 4227 nanu
243 4161 330 4208 voce
359 4135 563 4227 Evangelii,
601 4136 816 4226 amplectens
844 4134 1090 4228 Evangelium,
1145 4135 1277 4204 hiscum
1307 4139 1503 4222 nascentis,
1536 4142 1629 4232 quod
1658 4164 1824 4212 vocamus
1852 4154 2032 4232 peccatum
2063 4164 2125 4211 seu

96 4256 139 4317 ct
154 4262 245 4311 vere
259 4259 451 4327 agnoscens
465 4251 498 4307 et
515 4239 684 4306 invocans
699 4235 812 4306 Deum
830 4239 898 4308 fide
914 4238 1093 4309 Mediato·
1143 4237 1481 4326 morbumoriginis.
1534 4238 1574 4310 ld
1592 4241 1686 4312 enirn
1709 4256 1811 4312 vocat
1830 4256 2010 4332 peccatum
2035 4265 2124 4334 pue·

96 4343 155 4429 gis
172 4335 328 4424 Christi,
357 4361 547 4432 perquem
570 4334 726 4408 Ecclesia
749 4340 905 4410 redemta
929 4357 1000 4426 est,
1026 4334 1092 4409 ha·
1143 4337 1243 4407 ritiae
1258 4359 1369 4424 suae,
1383 4340 1420 4409 id
1443 4353 1511 4425 est,
1537 4345 1633 4435 quod
1654 4345 1738 4412 inde
1762 4365 1875 4435 usque
1896 4366 1915 4412 a
1938 4342 2123 4414 nativitate

96 4436 198 4539 ¹bens
231 4438 474 4510 remissionem
504 4452 727 4529 peccatorum
758 4452 794 4509 et
816 4438 989 4532 Spiritum
1009 4465 1093 4511 san·
1143 4439 1329 4511 nobiscum
1349 4440 1645 4529 circumferimus,
1676 4457 1710 4513 et
1735 4444 1913 4534 deponere
1930 4447 2014 4513 'uon
2039 4468 2123 4535 pos·
2175 4448 2189 4460 ’

96 4558 205 4619 uum
221 4536 542 4625 archedienslieo,
566 4540 797 4611 etdonandus
807 4540 944 4633 Spiritu
959 4556 1091 4615 sancto.
1143 4563 1282 4625 sumus,
1307 4541 1440 4613 scilicet
1454 4546 1582 4615 mentis
1593 4544 1845 4629 infirmitatem,
1871 4547 2123 4633 dubitationes,

115 4728 121 4739 Ι
202 4635 638 4735 -Quomodoautemhaec
655 4641 746 4711 dicta
764 4642 993 4732 intelligenda
1011 4644 1092 4729 sint,
1144 4664 1268 4730 pravas
1301 4643 1550 4715 inclinationes
1583 4646 1781 4734 voluntatis⁴
1801 4659 1836 4715 et
1870 4649 1999 4717 cordis.
2056 4645 2123 4722 Est

96 4738 285 4845 ¹isteaccens
305 4743 489 4829 manibus,
510 4745 665 4812 mundus
686 4744 813 4830 corde,
840 4766 881 4812 ex
896 4741 1091 4835 Evangelio
1141 4756 1258 4813 autem
1273 4743 1380 4834 longa
1397 4748 1549 4834 precatio
1564 4761 1597 4818 et
1613 4747 1884 4818 circumstantiis
1899 4749 2121 4839 amplificata,

96 4840 272 4923 sumatur
287 4843 496 4927 declaratio,
522 4845 617 4935 quod
634 4856 796 4943 oporteat
812 4844 851 4912 in
867 4840 932 4914 hac
949 4847 1018 4917 vita
1034 4846 1091 4914 in·
1141 4857 1180 4916 ut
1204 4845 1425 4916 discernatur
1446 4849 1491 4916 ab
1513 4843 1672 4933 ethnica,
1707 4861 1740 4918 et
1763 4872 1809 4919 ne
1832 4851 1879 4921 sit
1903 4850 2036 4942 frigida
2059 4864 2122 4923 aut

96 4947 205 5023 anari
221 4945 415 5016 novitatem
433 4943 670 5034 spiritualem,
697 4959 731 5018 et
745 4948 839 5039 quod
855 4948 986 5036 peccati
1006 4947 1091 5015 reli·
1141 4944 1301 5018 simulata
1317 4940 1562 5045 βαττολογία,
1587 4951 1647 5019 sed
1669 4973 1751 5020 vere
1775 4964 1808 5023 et
1831 4953 2008 5023 exanimo
2033 4976 2120 5044 pro-

96 5051 213 5149 qniae
235 5059 421 5130 maneant,
445 5045 507 5113 sed
528 5057 651 5121 tamen
668 5047 896 5118 remittantur
914 5049 1090 5118 credenti·
1139 5046 1295 5118 ficissens
1312 5049 1446 5139 petitio.

96 5146 227 5227 busin
243 5144 436 5222 Christum.
1151 5174 1153 5178 ’
1241 5147 1531 5221 Circumstantiae
1552 5145 1619 5221 hae
1639 5167 1735 5227 sunt.
1768 5152 1930 5226 Primum
1949 5155 2121 5245 significat

207 5248 352 5329 Deinde
368 5249 527 5341 sequitur
538 5249 661 5319 concio
684 5251 728 5318 ad
743 5275 841 5342 reges
857 5264 889 5322 et
902 5251 1089 5344 principes.
1140 5264 1246 5343 quem
1269 5251 1388 5322 Deum
1412 5253 1629 5347 alloquatur:
1668 5257 1830 5328 nominat
1854 5258 1949 5328 enim
1972 5258 2035 5327 illa
2056 5280 2120 5348 ap·

96 5348 150 5433 Et
165 5347 233 5426 hic
253 5352 353 5423 locus
368 5350 611 5421 observandus
624 5366 694 5436 est,
718 5355 764 5422 ad
782 5354 960 5425 docendos
977 5354 1088 5444 magi·
1139 5353 1349 5445 pellatione,
1382 5377 1472 5447 quae
1500 5356 1644 5449 pmpria
1668 5370 1742 5429 erat
1761 5355 1847 5444 Dei,
1880 5359 1943 5456 qui
1964 5382 2002 5432 se
2021 5372 2139 5452 pate-¹
