4538 5754
59 249 140 322 oss·
367 231 387 291 -’

59 420 336 514 consequentiae
365 418 537 504 sumitur,
571 442 644 488 non
669 415 794 511 positis
817 417 932 525 causis
956 416 1055 490 sulli-

59 522 256 607 cientibus,
287 522 325 590 id
351 533 425 604 est,
454 521 625 592 totalibus
647 534 682 592 et
703 518 832 591 ordine
854 521 1055 593 coniunctis

60 647 133 694 non
147 625 312 718 sequitur
324 624 488 706 effectus,
510 636 551 694 ut
566 648 641 695 non
655 624 748 694 valet
762 623 1029 718 consequentia:
1069 667 1073 671 -

217 724 342 797 Habeo
361 725 564 809 exercitum,

215 823 312 919 Ergo
328 827 482 905 vincam.

162 928 261 1018 Quia
284 931 326 1001 ad
353 930 538 1001 victoriam
559 928 675 1001 multo
691 931 795 1021 plura
809 929 1055 1023 requiruntur,

61 1056 167 1127 quam
189 1055 363 1102 numerus
382 1030 551 1107 militum.
602 1025 759 1122 Oportet
778 1031 874 1102 enirn
890 1034 1055 1103 accedere

61 1135 234 1205 auxilium
266 1133 430 1203 divinum
458 1145 492 1202 et
517 1133 757 1220 occasionem,
798 1147 832 1205 et
860 1132 899 1203 in
926 1133 1055 1206 militi-

61 1238 125 1307 bus
155 1245 299 1326 oportet
322 1257 396 1304 esse
418 1236 587 1306 roboret
610 1234 831 1309 voluntatem
855 1237 1054 1329 pugnandi,

61 1337 195 1408 laboris
212 1337 443 1429 patientiam,
470 1351 505 1408 et
522 1350 666 1411 caetera.
748 1388 749 1392 =

478 1533 640 1603 &coda

162 1641 286 1717 Posito
304 1645 460 1732 effectu,
495 1667 640 1716 neeesse
661 1658 713 1717 est
739 1667 879 1717 causam
903 1666 978 1715 esse
997 1642 1054 1714 vel

62 1746 178 1821 tuisse.

499 1939 625 2010 Tertia.

162 2045 277 2121 Causa
291 2048 421 2120 ordine
436 2060 584 2120 naturae
597 2049 778 2140 praecedit
791 2051 973 2138 effectum,
998 2065 1053 2125 ut:

61 2150 124 2322 {⁰¹
151 2164 301 2224 naturae
326 2152 453 2223 ordine
477 2152 675 2243 priorem,
707 2175 814 2245 quam
837 2153 972 2247 sparsio
995 2178 1054 2227 ra·

85 2277 215 2328 rorum.
746 2296 749 2303 ³

487 2449 624 2531 Quarta.

161 2557 295 2630 Positis
336 2558 452 2629 causis
475 2558 703 2630 naturalibus
731 2559 990 2631 sufficientibus
1019 2574 1052 2632 et

59 2686 134 2731 non
164 2660 363 2752 impeditis,
396 2660 427 2729 si
454 2662 500 2731 sit
527 2663 669 2734 admota
692 2662 859 2747 materia,
892 2663 1053 2755 sequitur

60 2763 203 2834 effectus
226 2764 432 2833 necessitate
453 2757 613 2856 physica.
665 2762 769 2834 Valet
793 2764 902 2854 igitur
925 2788 1051 2835 conse-

58 2865 204 2959 quentia
216 2892 223 2931 :

213 2963 375 3055 Stipulae
390 2964 570 3035 coniectae
586 2965 722 3035 suntin
739 2965 868 3056 ignem,

267 3062 363 3156 Ergo
381 3080 545 3167 urentur.

215 3163 1050 3261 Eparmultoscnidossuccosattrahitinebrio·

266 3271 332 3350 sis,
366 3272 430 3364 qui
455 3294 531 3339 non
555 3284 702 3364 possunt
723 3270 892 3364 percoqui
913 3295 978 3342 nec
998 3272 1049 3340 ef·

268 3372 389 3458 fluere,

213 3473 328 3565 Igitur
342 3476 440 3545 calor
456 3489 489 3546 et
505 3476 620 3547 virtus
632 3476 744 3569 epatis
758 3476 992 3567 languebunt,
1015 3488 1051 3546 et

266 3577 439 3666 paulatim
457 3602 542 3670 epar
560 3591 747 3672 putrescet.

485 3778 617 3869 potira.

159 3883 342 3955 Naturalis
370 3907 473 3955 causa
503 3909 578 3957 uno
609 3898 644 3958 et
672 3886 797 3956 eodem
829 3887 935 3955 modo
967 3885 1050 3976 agit,

64 3987 194 4059 etiamsi
224 3987 263 4056 ἰιι
293 3986 445 4056 diversis
474 3987 641 4056 subiectis
669 3987 839 4058 videntur
861 3987 1049 4057 dissimiles

569 287 572 292 ·
630 280 634 289 ·
694 244 740 371 V:
790 228 1116 321 anomalam
1141 177 1481 324 blainmont.

1691 248 1789 283 =
1938 312 1942 361 ζ
2025 246 2103 332 ιιι

1261 417 1441 493 Densiuit
1459 420 1506 490 ab
1524 430 1680 508 aduno,
1774 493 1784 519 x

1261 519 1359 613 Ergo
1376 524 1533 594 mundus
1545 523 1590 593 ab
1605 536 1749 595 aeterno
1760 520 1843 597 tois.

1211 621 1307 715 Quia
1324 623 1423 697 Deus
1441 638 1494 697 est
1509 625 1711 697 voluntaria
1729 647 1854 710 rausa,
1878 635 1915 697 et
1928 645 2035 716 agens
2049 626 2097 697 li-

1108 727 1324 815 berrimum‚
1349 727 1512 802 condidit
1525 727 1636 820 igitur
1649 729 1825 800 mundum
1838 750 1921 800 eum
1935 727 2062 805 voluit.
2170 740 2177 751 “

1523 925 1689 1013 Septima.

1209 1046 1417 1123 Voluntatis
1444 1045 1610 1137 divinae,
1639 1072 1731 1145 qnae
1752 1060 1805 1122 est
1823 1047 2096 1124 immutabiliter

1106 1151 1220 1237 bona,
1253 1173 1377 1223 omnes
1408 1149 1552 1225 effectus
1582 1151 1672 1225 boui
1699 1165 1793 1230 sunt.
1853 1150 1958 1224 Valet
1986 1150 2094 1243 igitur

1107 1253 1374 1349 consequentia:

1261 1354 1358 1429 Deus
1375 1355 1537 1428 condidit
1552 1353 1707 1446 politias,

1261 1455 1358 1550 Ergo
1381 1459 1528 1551 politiae
1546 1469 1630 1529 sunt
1652 1480 1709 1529 res
1728 1459 1845 1532 bonae
1865 1471 1901 1530 et
1919 1456 1995 1533 Deo
2018 1460 2095 1550 pla-

1315 1573 1444 1633 centes.

1538 1755 1673 1828 Octavo.

1137 1896 1141 1905 ’
1210 1879 1415 1954 Voluntatis
1427 1876 1623 1970 humanae,
1648 1904 1740 1979 qnae
1753 1894 1805 1954 est
1816 1882 2017 1971 mutabilis,
2043 1888 2109 1955 ef:

1105 1986 1217 2058 lectus
1238 1997 1322 2057 sunt
1343 1983 1554 2071 dissimiles,
1586 1998 1642 2057 ut:
1677 1982 1853 2057 Voluntas
1876 1982 1996 2073 Adae,
2028 1987 2095 2058 etsi

1106 2102 1181 2161 erat
1211 2089 1324 2174 bona,
1357 2099 1476 2158 tamen
1504 2086 1650 2181 propria
1672 2085 1838 2159 libertate
1861 2087 1990 2161 avertit
2011 2112 2048 2159 se
2071 2113 2093 2161 a

1105 2188 1196 2264 Deo.
1246 2189 1330 2261 Non
1344 2189 1455 2281 igitur
1471 2189 1566 2262 valet
1580 2189 1849 2363 conseqqentia:

1259 2289 1436 2364 Voluntas
1451 2288 1601 2363 Davidis
1618 2292 1687 2364 suit
1730 2305 1871 2365 actenus
1888 2293 1991 2379 iusta,

1258 2388 1379 2467 Erunt
1394 2394 1505 2486 igitur
1518 2418 1642 2466 omnes
1657 2393 1733 2467 eius
1748 2396 1904 2466 actiones
1917 2395 2039 2468 iustae.

1204 2509 1307 2584 Nihil
1330 2511 1428 2584 enim
1447 2513 1655 2587 mutabilius
1670 2538 1710 2587 ac
1725 2513 1894 2588 incertius
1909 2527 1960 2587 est
1974 2510 2092 2586 homi-

1103 2639 1191 2687 num
1208 2617 1464 2690 voluntatibus.

1546 2812 1655 2879 Nono.

1087 3027 1090 3033 Ι
1163 2925 1165 2929 ’
1205 2935 1249 3008 ln
1276 2940 1390 3009 causis
1418 2937 1653 3008 essentialiter
1673 2935 1848 3008 ordinatis
1870 2940 2092 3030 impossibile

1103 3052 1153 3109 est
1177 3042 1342 3130 progredi
1358 3041 1396 3110 in
1414 3040 1613 3124 inlinitum,
1639 3039 1722 3132 quia
1738 3038 1769 3111 si
1786 3054 1902 3111 essent
1920 3042 2091 3129 infinitae,

1102 3141 1192 3211 ordo
1214 3165 1333 3212 earum
1357 3143 1577 3213 turbaretur:
1605 3142 1716 3233 igitur
1735 3164 1875 3214 necesse
1897 3156 1948 3213 est
1966 3167 2090 3236 perve-
2205 3150 2208 3174 ¹

1103 3243 1175 3313 niri
1196 3246 1241 3313 ad
1263 3268 1372 3314 unam
1394 3245 1567 3337 primam,
1593 3266 1685 3338 quae
1700 3239 1807 3314 habet
1821 3246 2016 3337 potentiam
2033 3246 2091 3314 in-

1102 3345 1249 3418 finitam.
1300 3343 1356 3416 Ex
1380 3342 1445 3416 hac
1471 3346 1593 3436 regula
1618 3341 1762 3439 Physici
1787 3347 1925 3417 erudite
1947 3347 2091 3419 ratioci-

1103 3462 1250 3534 nantur,
1277 3470 1390 3520 unum
1404 3472 1478 3519 esse
1491 3446 1636 3553 Delam,⁸
1651 3460 1807 3517 mentem
1820 3459 1995 3530 aternam,
2021 3451 2090 3521 im-

985 3627 988 3630 ,
1102 3571 1243 3620 mensae
1266 3552 1461 3643 potentiae,
1489 3574 1628 3621 causam
1647 3550 1836 3621 universae
1857 3565 2023 3636 naturae,
2049 3577 2090 3623 ac

1102 3652 1187 3720 boni
1215 3652 1255 3721 in
1284 3669 1428 3740 natura,
1459 3668 1499 3724 ut
1529 3653 1706 3747 sapienter
1733 3665 1766 3722 et
1789 3652 1919 3728 diserte
1942 3655 2121 3730 tradidit.

1055 3842 1059 3850 .
1103 3751 1205 3824 Plato
1221 3755 1466 3841 definitionem
1481 3753 1561 3826 Dei.
1584 3828 1585 3832 ,
1614 3753 1705 3825 Sunt
1722 3765 1838 3824 autem
1854 3758 2089 3828 essentialiter

1102 3855 1305 3938 ordinatae,
1331 3881 1422 3951 quae
1442 3858 1493 3928 sic
1517 3880 1554 3928 se
1579 3851 1728 3942 habent,
1753 3868 1795 3927 ut
1811 3857 2028 3949 impossibile
2044 3859 2089 3929 sit

1101 3959 1244 4029 alteram
1269 3960 1347 4032 sine
1368 3961 1477 4030 altera
1501 3982 1620 4050 agere,
1647 3972 1688 4031 ιιι
1713 3959 1756 4027 ad
1773 3953 1928 4030 hominis
1943 3981 2088 4051 gencra-

65 4091 219 4175 effecm„
243 4100 300 4159 ut:
327 4085 423 4159 301ss
444 4088 541 4159 0310„
562 4087 744 4182 liquefacit
760 4112 877 4158 cmm
894 4102 928 4161 eq
944 4091 1051 4160 dum
1100 4060 1234 4131 tionem
1248 4085 1397 4133 ‘necesse
1422 4077 1492 4147 est,
1520 4085 1731 4133 concurrere
1754 4083 1874 4132 causas
1898 4064 2087 4153 particula-

10 4226 19 4241 ,
64 4190 185 4263 pamm·
234 4187 298 4262 301
321 4189 417 4260 enim
440 4204 622 4283 ,nmque
647 4189 828 4275 dqmlvqt’
853 4193 913 4260 sed
933 4187 1048 4261 qums„
1100 4185 1175 4247 res,
1198 4177 1333 4255 patrem
1359 4178 1393 4236 et
1413 4179 1582 4248 matrem,
1607 4181 1642 4237 et
1661 4163 1896 4249 universales,
1921 4161 2035 4234 Deum
2053 4179 2087 4233 et
2211 4272 2212 4275 Ἴ

66 4293 227 4372 duratur,
259 4304 446 4386 postquam
475 4286 672 4364 humiditas
700 4292 812 4363 radiis
840 4289 935 4363 Solis
963 4316 1048 4362 con-

67 4410 174 4469 sumta
193 4405 257 4467 cst
307 4389 421 4465 Terra
443 4393 540 4464 enim
563 4417 625 4465 sua
649 4409 775 4466 natura
799 4393 887 4465 sicea
908 4406 941 4465 et
957 4396 1046 4465 dura

68 4492 126 4584 est,
155 4509 192 4568 at
215 4518 293 4568 cera
313 4495 496 4591 liquescit,
528 4496 612 4591 quia
634 4510 686 4567 est
708 4511 820 4570 aerea.
883 4496 938 4566 De
961 4496 1047 4567 vino

10 4596 12 4605 '
68 4612 150 4672 extat
166 4619 288 4670 versus
305 4600 401 4690 apud
419 4597 665 4671 Aristotelem:

184 4709 283 4790 Οἴνος
302 4710 439 4798 τρόποις
458 4715 522 4780 τῶν
542 4715 714 4800 χρωμένων
734 4713 928 4799 κεράννυται.

489 4900 612 4969 Sexto.

156 5003 369 5078 Voluntaria
393 4984 497 5079 causa
519 5023 633 5102 potest
655 5032 786 5081 cessare
806 5024 837 5080 et
855 5033 957 5100 agere
973 5010 1045 5080 dis-

1101 4277 1238 4336 motum
1256 4266 1451 4337 coelestem.

1518 4463 1667 4532 Decimo.

1203 4582 1480 4660 Accidentaliter
1489 4591 1671 4659 ordinatas
1682 4610 1755 4657 non
1765 4609 1906 4658 necesse
1916 4599 1967 4657 est
1978 4585 2084 4656 simul

1098 4689 1203 4780 poni,
1228 4703 1268 4763 ut
1284 4717 1363 4764 cum
1378 4693 1450 4764 duo
1468 4691 1551 4785 equi
1565 4689 1671 4762 simul
1687 4684 1834 4763 trahunt
1850 4713 2005 4761 currum.

1499 4887 1683 4960 Undecimo.

1201 5011 1424 5106 Impossibile
1461 5031 1513 5087 est
1550 5039 1689 5087 eausam
1727 5013 1935 5086 efficientem
1971 5022 2082 5081 totam

59 5108 240 5194 similiter,
281 5122 340 5181 ut:
382 5107 501 5182 Faber
534 5111 659 5182 volens
693 5126 755 5183 aut
789 5113 948 5183 aedificat
984 5128 1045 5185 aut
1096 5136 1223 5206 genere
1256 5118 1471 5189 deteriorem
1503 5141 1578 5190 esse
1609 5120 1747 5195 effectu.
1829 5115 1914 5188 ldeo
1943 5135 2085 5183 necesse

59 5233 128 5281 oon
149 5211 328 5297 aedificat,
352 5223 387 5282 et
406 5235 486 5283 cum
507 5213 605 5298 vult,
630 5211 715 5283 facit
737 5214 868 5285 molem
892 5217 1045 5308 quadra·
1096 5231 1166 5304 est,
1192 5219 1343 5309 primam
1367 5244 1506 5292 causam
1531 5245 1671 5303 rerum,
1699 5245 1771 5293 esse
1796 5234 1960 5293 naturam
1977 5215 2083 5287 intel-

57 5327 125 5382 tam
159 5326 221 5385 aut
257 5314 463 5390 rutundam.
530 5314 612 5387 Non
650 5313 760 5414 igitur
797 5317 890 5389 valet
920 5341 1044 5389 conse·
1095 5318 1273 5411 ligentem.

56 5416 218 5515 quentis:
