4538 5754
101 211 205 287 roas
704 203 770 279 ut.
820 197 903 276 co..
931 195 1187 274 mareau
1220 195 1272 269 m
1301 168 1546 273 essenos.
1911 297 1914 303 Ι
2026 179 2126 262 tort

96 383 275 456 niciosum
310 378 505 460 Ecclesiae,
558 392 593 450 et
628 374 925 448 contumeliosum
960 384 1082 444 contra
1136 371 1220 441 bum
1243 366 1333 449 Dei,
1366 378 1588 435 servaturum
1615 382 1709 448 csse,
1740 360 1878 432 eteius
1905 359 2056 452 gemitus
2087 371 2122 432 ct

96 483 226 557 Deum.
290 479 337 553 Et
367 480 623 573 cumprimum
649 478 766 570 perdit
787 476 923 546 animas
946 474 1084 542 avulsas
1134 492 1254 570 preces
1268 466 1529 538 exauditurum·

96 583 234 668 sDeo,
260 597 380 675 postea
401 583 506 654 etiam
529 583 566 650 in
591 575 656 649 hac
670 593 811 651 esterna
827 575 1084 667 gubernatione
1158 600 1160 604 ·
1238 581 1420 654 interserit
1455 594 1572 649 autem
1607 578 1834 650 sententiam:
1871 575 2052 649 Homines
2088 586 2120 649 et
2202 622 2212 637 .

96 683 297 769 Ecclesiae,
323 707 426 755 causa
449 696 500 754 est
523 704 730 770 magnarum
754 678 1026 768 dissipationum
1048 687 1082 744 et
1134 683 1298 754 iumenta
1313 679 1477 753 servabis
1490 676 1666 753 Domine,
1719 678 1762 748 ln
1777 705 1847 774 quo
1863 681 1958 752 dicio
1974 704 2120 770 gensi-i.

96 789 376 859 tsistissimarum
400 783 663 867 calamitatum,
687 795 728 855 ut
743 776 1001 867 Anabaptistici
1024 776 1094 845 lu·'
1133 788 1177 855 lis
1200 809 1318 855 rerum
1341 783 1561 854 conservatio
1582 781 1764 851 confertur
1787 806 1867 850 curn
1892 782 2034 874 speciali
2049 781 2120 853 Ec-

96 913 196 958 rores
220 884 591 978 impuleruntmultos
608 884 652 952 ad
669 881 864 949 movendas
878 877 1081 957 tedilifflttts
1134 887 1258 957 clesiae
1283 884 1568 969 conservatione,
1601 883 1691 952 sicut
1713 880 1843 953 Paulus
1863 883 1982 977 inquit
2004 883 2118 975 prima

95 1013 187 1082 quae
202 991 346 1059 fuerunt
362 985 528 1054 exitiosae
543 983 627 1054 totis
643 981 856 1053 civitatibus·
1134 984 1292 1061 Timoth.
1309 985 1361 1058 4.:
1393 984 1467 1073 Qui
1489 999 1540 1055 est
1560 984 1715 1053 salvator
1734 985 1895 1054 omniurn
1916 979 2119 1069 hominum,

197 1086 321 1156 Tertio
354 1087 487 1156 accedit
516 1083 728 1176 pertinaci&
774 1104 881 1173 (ittam
912 1076 1082 1148 deteribil
1134 1089 1281 1158 maxime
1301 1088 1480 1171 fidelium,
1514 1086 1551 1154 id
1576 1097 1647 1168 est,
1670 1082 1767 1153 Deus
1790 1097 1902 1155 serrat
1926 1099 2035 1157 totam
2059 1110 2116 1156 se-

96 1188 280 1282 inquiens:
306 1179 397 1260 Non
418 1182 494 1259 vall
518 1179 637 1255 doceri
659 1191 698 1253 at
714 1177 947 1278 benefaciat·
998 1178 1079 1249 Mt·
1133 1214 1210 1270 rum
1226 1189 1512 1270 universitatem,
1537 1186 1692 1270 coelum,
1716 1199 1866 1269 terram,
1890 1189 2058 1276 pecudes,
2083 1203 2117 1260 et

96 1312 206 1380 gnum
228 1289 335 1358 decus
358 1301 409 1358 est
427 1287 634 1357 antecellere
653 1282 824 1375 opinione
839 1280 1032 1372 sapientiae
1047 1293 1080 1348 et
1132 1293 1336 1360 universum
1357 1311 1467 1376 genu,
1491 1282 1709 1370 humanum,
1743 1289 1804 1356 sed
1828 1299 1972 1377 propter
1991 1284 2117 1358 Eccie.

96 1389 299 1460 sanctitatis.
346 1386 387 1458 ld
403 1389 508 1458 decus
523 1412 603 1457 cum
618 1382 781 1454 homines
797 1398 916 1454 ament
932 1395 966 1451 et
979 1401 1081 1468 aegre
1133 1392 1245 1476 sium,
1276 1392 1409 1459 scilicet
1435 1403 1475 1460 ut
1496 1386 1688 1456 Ecclesiam
1717 1387 1785 1456 sibi
1815 1388 1956 1477 colligat
1982 1410 2028 1458 ex
2046 1385 2116 1458 hu.

95 1490 276 1581 patiantur
292 1489 360 1558 Sibi
378 1489 488 1579 eripi,
513 1487 716 1557 uldiciiur:
743 1483 817 1572 Qui
833 1484 919 1552 velit
935 1482 1079 1570 ingenio
1132 1515 1237 1560 mano
1259 1514 1397 1580 genere,
1456 1488 1559 1558 Hanc
1582 1511 1666 1556 vero
1686 1486 1880 1557 Ecclesiam
1903 1513 1978 1558 non
2000 1490 2115 1559 solum

96 1591 217 1663 cedere
239 1612 341 1660 rarus
362 1589 445 1660 erit:
472 1590 598 1659 acriter
618 1599 652 1656 et
671 1585 897 1677 pertinaciter
909 1583 1081 1652 dimicant
1134 1593 1170 1659 in
1192 1587 1257 1661 hac
1281 1594 1351 1662 vita
1372 1594 1505 1671 sii-vat,
1530 1591 1590 1657 sed
1609 1589 1713 1656 etiam
1726 1590 1893 1679 adiunget
1908 1591 1976 1658 sihi
1990 1591 2027 1658 in
2044 1593 2114 1661 viti

95 1694 140 1761 de
164 1692 397 1782 opinionibus
420 1691 513 1775 suis,
544 1701 584 1759 ut
607 1687 755 1777 gloriam
779 1709 880 1755 suam
904 1694 1080 1752 tueantur·
1135 1706 1295 1773 aeterna,
1321 1706 1354 1761 et
1377 1692 1519 1761 ornabit
1535 1689 1686 1758 aeternis
1702 1690 1816 1760 bouis.
1869 1688 1951 1762 ldeo
1966 1715 2117 1786 sequen-

96 1791 142 1863 Et
163 1787 327 1862 homines
349 1807 475 1861 natura
500 1802 583 1860 suut
604 1785 765 1877 superbi,
792 1798 826 1856 et
846 1783 969 1853 dolent
985 1781 1081 1859 vinci
1134 1810 1183 1860 tes
1206 1793 1369 1863 versiculi
1395 1794 1432 1861 in
1455 1790 1596 1862 Psalmo
1619 1791 1762 1881 proprie
1782 1792 1826 1859 de
1848 1787 2004 1861 Ecclesia
2027 1815 2120 1862 cone

96 1908 130 1966 et
152 1894 481 1985 exuigloriaquam
497 1886 715 1961 babuerunt·
764 1883 1080 1954 Haesuntcansae
1133 1894 1337 1976 cionantor,
1376 1916 1523 1985 eamque
1552 1875 1755 1961 nominant:
1795 1885 1898 1961 er'i
1924 1888 2047 1962 Adam
2076 1893 2117 1962 in

95 1995 327 2087 pertinaciae,
353 2017 444 2084 quae
469 1992 553 2061 iacit
576 2002 618 2059 nt
632 1988 767 2078 priores
785 1984 922 2066 morbi,
947 1983 1081 2052 scilicet
1134 1991 1265 2061 umbra
1295 1990 1448 2062 alarum
1475 1986 1667 2084 confident.
1720 1988 2003 2063 Salutabantar
2031 1991 2118 2090 pin·

96 2117 197 2165 error
223 2107 258 2163 et
280 2092 458 2163 temeritas
478 2092 565 2160 fiant
587 2089 678 2158 mala
701 2086 925 2156 incurabilia.
994 2083 1079 2153 ldeo
1129 2088 1287 2188 guadias
1321 2089 1449 2164 domui
1472 2102 1580 2173 tuae,
1613 2094 1650 2162 id
1675 2106 1741 2163 est:
1778 2093 1889 2163 Nobis
1911 2095 1972 2186 qui
1995 2118 2117 2166 sumus

96 2194 227 2267 Paulus
256 2194 355 2264 iubet
382 2188 577 2262 haereticos
601 2203 786 2282 postquam
808 2184 995 2278 aliquoties
1017 2185 1080 2253 ad·
1134 2198 1171 2264 in
1194 2198 1301 2265 domo
1321 2208 1402 2279 tua,
1427 2197 1463 2263 id
1486 2207 1557 2277 est,
1580 2194 1619 2261 in
1634 2192 1789 2262 Ecclesia
1811 2195 1991 2265 aedificata
2007 2197 2116 2266 verbo

96 2295 224 2414 moniti
254 2308 354 2379 ³⁰⁰1,
384 2295 517 2378 vitm,
549 2290 633 2409 quii
655 2312 730 2405 ΜΡ
752 2287 946 2410 ild-millu&
966 2285 1080 2405 med}-
1133 2310 1215 2380 tuo,
1244 2299 1333 2367 facta
1356 2310 1408 2366 est
1429 2295 1614 2386 promissio
1637 2293 1872 2374 defensionis,
1898 2308 1933 2364 et
1955 2308 2116 2366 aeternae

96 2409 289 2481 cainonem,
328 2408 364 2466 ct
390 2408 491 2475 sunt,
530 2407 570 2463 nt
598 2413 673 2482 rpse
701 2401 837 2481 rnqtttt‚
873 2409 1080 2458 αυῖθκατᾱ·
1133 2397 1265 2467 salutis.
1333 2396 1407 2466 Nos
1441 2396 1567 2464 umbra
1605 2393 1747 2487 alarum„
1779 2407 1920 2464 tuarum
1956 2396 2117 2485 tegimur,

96 2521 224 2594 κριτοι.
507 2593 516 2610 ·
545 2592 554 2609 ·
757 2498 760 2502 ’
967 2586 990 2604 ..
1133 2497 1205 2567 Nos
1221 2498 1257 2564 in
1276 2497 1413 2565 lumine
1426 2509 1507 2580 tuo,
1533 2495 1568 2561 id
1585 2508 1654 2577 est,
1681 2495 1905 2583 praelucente
1921 2498 2028 2566 verbo
2045 2512 2118 2584 tao,

197 2596 355 2686 Q⁰³fl⁰2
380 2592 462 2663 N⁰¹¹
489 2590 556 2662 ⁸¹¹„
578 2603 716 2661 linium
739 2586 1081 2678 110θθῐῑῑῖῐῐὶῐῃῑᾶθ·
1134 2597 1334 2667 vidcbimus
1366 2596 1508 2680 lumen,
1541 2595 1582 2665 id·
1609 2606 1678 2674 est,
1712 2597 1934 2685 experiemur
1956 2600 2118 2668 consola*

96 2712 229 2776 atores,
261 2697 351 2765 sicut
379 2695 541 2785 plerique
570 2691 632 2760 alii
661 2690 817 2759 furentes
845 2711 909 2758 suo
939 2685 1081 2779 corpori
1133 2699 1276 2774 [ionem.
1342 2694 1446 2766 Hanc
1474 2696 1714 2765 dulcissimam
1747 2699 2119 2770 commemorationem

95 2810 242 2869 nocent:
282 2799 341 2866 sed
373 2797 419 2865 ad
441 2816 499 2864 eas
521 2805 653 2884 pestes,
684 2812 772 2882 quas
796 2788 866 2857 iam
891 2785 1082 2868 recensuit,
1134 2797 1409 2887 promissionum
1431 2797 1546 2865 adfert
1566 2797 1609 2863 ad
1625 2791 1759 2878 Deum,
1786 2810 1821 2866 ei
1840 2800 2120 2885 petiidefengio.

96 2900 230 2971 accedit
249 2912 283 2967 et
305 2893 411 2980 haec,
436 2896 533 2988 quod
549 2895 675 2962 ardent
691 2890 882 2981 cupiditate
897 2889 966 2955 late
982 2906 1081 2976 spar·
1134 2922 1215 2966 nem
1247 2912 1282 2968 ei
1319 2896 1611 2985 gubernationem
1642 2896 1811 2964 adversus
1840 2898 1969 2988 impio,
1996 2901 2121 2972 docio.

96 3000 201 3092 pendi
219 2999 366 3082 veneni,
400 3010 434 3067 et
455 2991 523 3064 hoc
548 3005 590 3061 ut
611 2989 815 3082 perficiant,
841 2988 924 3057 dolo
947 3000 983 3056 et
1005 3009 1080 3054 sae·
1134 3022 1188 3069 ie,
1203 3010 1238 3068 et
1254 3012 1436 3091 iyrannos,
2043 3003 2046 3009 ’

94 3113 180 3174 vrtra
196 3109 367 3215 pugnant·
811 3188 821 3205 ο
1234 3113 1314 3183 Fiet
1339 3127 1454 3182 antem
1480 3110 1583 3181 nobis
1606 3109 1717 3198 magis
1742 3112 1924 3201 perspicua
1949 3117 2121 3187 sententia

110 3301 121 3321 ·
197 3189 1082 3313 5ὓῐ1ῑῑὲῑῑῦξΠοῖ]θθῙΨῃΝῙΠΠΜῙΟΜΘῙΡΘῈῙ
1135 3215 1285 3297 Psalmi,
1321 3216 1349 3284 si
1384 3239 1464 3283 cum
1495 3210 1672 3282 similibus
1702 3212 1868 3302 periculis
1891 3237 1956 3283 nos
1978 3239 2120 3310 quoque

96 3317 249 3385 immi,
275 3300 465 3417 sedebam
489 3316 712 3410 κακθυθῖθιν
738 3304 778 3359 ¹¹¹
797 3287 1081 3405 ⁰¹¹⁰⁰Pfl¹¹l¹fi⁰¹¹
1135 3316 1398 3398 conilictemur,
1430 3311 1492 3383 h'as
1522 3336 1643 3404 preces
1671 3336 1752 3399 vera
1781 3312 1850 3382 fide
1876 3315 2052 3402 dicemus,
2087 3331 2122 3389 et

96 3418 129 3474 et
152 3396 321 3472 monacht
337 3397 541 3516 ‘defendunt
561 3418 622 3511 ⁸11}t
640 3390 753 3473 ¹d⁰l³2
779 3405 813 3461 θῑ
828 3411 998 3505 ”iflfflmf
1014 3411 1082 3477 1¹¹¹·
1135 3414 1197 3486 bas
1221 3417 1312 3507 ipsas
1338 3415 1588 3507 promissiones
1610 3417 1867 3491 statuemusad
1891 3439 1957 3484 nos
1978 3442 2121 3513 quoquc

96 3516 207 3597 8⁰⁸¹st
229 3500 414 3572 ff³⁰d¹b¹¹⁸
431 3512 464 3567 0¹
480 3495 706 3582 “Udihlilea
731 3499 1082 3605 ⁰¹‘²⁶1f?‘⁰i¹⁰⁰¹‘{⁸
1137 3519 1330 3609 pertinere,
1356 3517 1445 3585 sicut
1468 3540 1541 3585 non
1562 3516 1713 3584 dubium
1738 3527 1789 3585 est
1812 3517 1988 3607 pertinere
2004 3542 2061 3588 eas
2076 3522 2121 3589 ad

95 3605 247 3674 deleant.
299 3599 384 3670 ideo
404 3599 521 3691 inquit
543 3594 722 3665 Psalmus:
749 3583 949 3659 Pcrntctcm
972 3593 1081 3656 straet
1138 3643 1253 3687 ,mm
1283 3618 1444 3685 omnium
1474 3630 1673 3705 temporum
1703 3612 1915 3702 Ecclesiam,
1958 3619 2123 3693 videficet

96 3704 136 3776 in
158 3701 248 3775 ltili!
263 3725 348 3787 ⁸1¹⁰,
372 3706 448 3769 ³1⁰¹
464 3695 573 3766 ''uxi‘'
589 3692 687 3811 ⁹5⁰¹?
704 3715 775 3762 ''⁰''
789 3688 945 3773 b‘mam’
968 3688 1004 3758 id
1020 3702 1082 3772 ²⁸¹³
1136 3743 1209 3787 eam
1235 3741 1326 3809 quae
1344 3717 1567 3807 amplectitur
1582 3714 1815 3805 Evangelium
1862 3732 1896 3788 et
1910 3743 1984 3789 non
2000 3723 2122 3791 delen·

95 3807 172 3876 dies
187 3818 377 3895 noctesque
395 3801 533 3893 quaerit
550 3796 696 3866 consilia
714 3794 885 3862 delendae
900 3814 1001 3858 verae
1017 3790 1080 3857 do-
1136 3821 1188 3890 dit
1205 3819 1300 3889 idola
1317 3831 1351 3887 ,t
1367 3819 1495 3908 impios
1512 3840 1658 3891 mores·
1825 3771 1835 3803 ’

96 3907 231 3979 ctrinae
253 3918 287 3974 et
309 3899 535 3993 opprimendi
556 3909 649 3965 recte
666 3895 876 3976 sentientes,
901 3914 967 3963 nec
984 3913 1081 3958 vere-

96 4023 156 4079 tur
173 4007 262 4076 falso
281 4015 458 4094 praetextu
473 4021 596 4088 rapere
613 3997 821 4064 innocentes
835 3996 878 4062 ad
897 3991 1081 4083 supplicia,

96 4122 157 4182 aut
170 4107 279 4196 impia
296 4105 389 4173 bella
406 4123 558 4170 movere.

198 4205 379 4277 Hactenus
401 4199 586 4289 descripsit
609 4197 738 4295 impios
756 4197 918 4263 doctores
935 4213 1082 4260 narrans
1106 4186 1109 4225 ³
1410 4170 1570 4253 Psalmi
1605 4170 1838 4253 XXXVII.

96 4332 156 4381 eos
173 4331 247 4377 esse
262 4319 497 4376 contemtores
509 4300 576 4372 Dei
592 4315 626 4370 ct
643 4298 739 4367 verbi
755 4297 849 4384 eius,
873 4307 907 4364 et
921 4314 1082 4361 erromm

95 4425 239 4481 autores
266 4422 299 4479 et
332 4407 551 4488 defensores,
588 4396 814 4498 sophisticos,
848 4392 1082 4470 calumniato-

96 4534 171 4592 res,
197 4510 413 4602 pertinaces,
439 4519 472 4574 et
498 4525 617 4573 saevas
640 4514 752 4591 pestes
774 4497 904 4568 iniusta
928 4494 1082 4564 crudeli-

96 4624 167 4684 tate
179 4623 374 4700 grassantes
389 4608 428 4675 in
443 4604 611 4676 Ecclesia.
1235 4589 1405 4661 Doctrina
1436 4600 1487 4657 est
1511 4599 1546 4656 et
1568 4583 1763 4653 consolatio
1783 4587 1994 4674 opponenda
2017 4611 2118 4658 scan.

198 4709 338 4780 Deinde
367 4709 528 4801 sequitur
555 4703 710 4795 precatio
738 4702 783 4770 ad
807 4723 930 4769 verum
955 4695 1082 4781 Deum,
1134 4695 1215 4764 dalo
1243 4693 1375 4774 crucis,
1406 4691 1450 4759 de
1478 4713 1550 4780 quo
1576 4681 1734 4783 bumana
1753 4685 1843 4754 ratio
1865 4686 2033 4776 ignorans
2055 4715 2120 4760 cur

96 4813 160 4907 qui
188 4833 226 4881 se
254 4811 292 4879 in
322 4805 390 4879 boc
411 4808 543 4899 populo
568 4804 748 4895 patefecit,
779 4804 862 4872 dato
887 4801 995 4870 verbo
1017 4822 1080 4868 suo
1132 4796 1287 4867 Ecclesia
1309 4792 1466 4864 subiecta
1490 4789 1534 4858 sit
1550 4786 1647 4890 cruci
1664 4799 1696 4856 et
1712 4788 1911 4868 aerumnis,
1937 4813 2011 4858 non
2026 4806 2118 4865 recte

96 4911 201 4985 certis
223 4911 444 4983 testimoniis.
501 4906 634 4978 Causas
657 4919 792 4989 autem,
825 4914 970 4992 propter
995 4923 1082 4993 quas
1134 4899 1277 4970 iudicat.
1327 4893 1436 4962 videt
1456 4890 1551 4959 enim
1569 4911 1773 4959 communes
1789 4911 1863 4957 esse
1879 4889 2036 4961 miserias
2052 4895 2119 4963 bo-

96 5036 133 5086 se
156 5013 318 5083 exaudiri
341 5025 476 5105 sperat,
510 5020 781 5085 commemorat,
802 5003 1080 5073 misericordiam
1135 5023 1262 5069 norum
1279 4996 1518 5076 etmalorum,
1544 4991 1717 5059 iustorum
1733 5002 1768 5060 et
1784 4990 2018 5078 iniustorum,
2043 4995 2116 5066 imo

96 5110 164 5189 liei
181 5115 428 5196 macritatem,
454 5114 491 5181 id
506 5125 575 5195 est,
597 5108 865 5199 promissiones,
891 5102 1082 5197 quasDeus
1133 5103 1311 5171 fortunam
1337 5120 1437 5185 saepe
1461 5093 1571 5182 magis
1592 5092 1727 5161 saevire
1749 5091 1787 5159 in
1812 5087 1974 5161 homines
1994 5095 2117 5178 iustos,

96 5218 211 5290 iusurs
234 5229 268 5285 et
286 5239 392 5285 verax
415 5213 606 5283 certissime
628 5222 790 5302 praestat.
852 5205 893 5276 ln
917 5202 974 5274 bis
996 5227 1080 5296 pro-
1133 5212 1241 5293 quam'
1270 5199 1439 5280 iniustos,
1473 5210 1513 5265 ut
1542 5192 1725 5274 ieremias,
1759 5191 1917 5284 Baptista
1948 5207 1980 5263 et
2012 5198 2115 5269 multi

96 5316 191 5390 misit
216 5341 253 5387 se
273 5317 372 5386 illam
397 5311 609 5393 Ecclesiam,
642 5333 732 5401 quae
755 5309 978 5400 amplectitur
1000 5326 1080 5376 vcc-
1131 5301 1264 5375 similes
1278 5296 1519 5371 crudelissime
1534 5293 1707 5364 interiecti
1725 5307 1819 5368 sunt.
1871 5293 2007 5365 Interea
2023 5297 2114 5367 Dio.

145 5423 326 5513 Mensura.
356 5421 460 5486 Orsa.
488 5410 686 5480 von'xlll.
1593 5394 1641 5464 68

1267 4042 1605 4136 Arpamentam
1641 4058 1696 4107 ao
1730 4035 1986 4128 dispositio

1184 4340 1273 4410 Noli
1296 4338 1485 4407 aenaslari
1509 4339 1549 4404 ia
1568 4328 1882 4427 malignantibus,
1916 4354 2037 4428 nepae
2058 4359 2118 4408 ze-

1184 4444 1326 4514 laveris
1341 4433 1533 4530 facientes
1548 4438 1802 4527 iniquitatem.
