4538 5754
116 241 192 319 588

386 176 840 309 somnolentum
866 231 935 309 au
960 232 1089 312 utsr.
1115 230 1352 314 monnau
1378 231 1571 311 varnos.
1592 231 1922 313 senesanna·
2070 234 2149 312 oss

115 412 224 486 Deus.
276 401 408 477 Ethoc
424 405 541 498 ipsum
559 398 707 493 agitbic
727 406 897 497 scriptor,
922 420 963 479 ut
983 407 1132 476 doccat'
1205 406 1461 508 significatus
1481 411 1616 502 copula
1639 432 1792 504 semper
1807 408 1941 483 eodem
1957 409 2095 484 modo?

118 513 198 609 quis
217 510 265 579 sit
285 500 403 606 λόγος.
454 501 552 575 Haec
577 518 660 575 sunt
685 504 946 588 Grammatica,
980 510 1039 578 sed
1067 507 1105 575 in

118 610 346 685 enarratione
358 608 411 678 rei
423 607 651 698 gravissimae
668 609 876 679 necessaria.
916 608 1007 679 Nam
1024 611 1106 703 qui-

120 719 201 786 dam
227 715 267 783 in
290 735 331 780 eo
354 711 433 780 loco
458 710 682 780 tradiderunt
706 710 957 801 explicationes
979 713 1105 780 incon-

121 817 257 886 cinnas.
309 809 364 881 De
380 811 531 881 articulo
549 810 683 904 ubique
706 826 790 882 sunt
810 813 913 881 obvia
936 813 1106 904 exempla,

118 931 160 989 ut
181 920 235 1011 τῷ
256 908 332 1012 yolp
359 910 467 1009 ἔρωτι
496 906 543 982 τὰ
572 907 626 1004 μὴ
649 907 763 998 καλὰ,
790 909 886 984 καλὰ
908 909 1106 1009 πέφανται,

118 1018 317 1098 subiectum
342 1029 411 1095 est,
444 1009 491 1085 coi
511 1008 564 1107 μὴ
586 1012 695 1087 καλά.
748 1013 819 1085 Sed
843 1016 1106 1085 consideremus

121 1115 190 1189 boc
210 1113 354 1206 vulgare
371 1116 520 1186 dictum:
548 1109 599 1195 εἷς
614 1111 690 1188 ἐστὶ
706 1110 841 1196 δοῦλος
864 1112 981 1197 οἰκίας
1002 1113 1022 1188 ὁ
1045 1111 1104 1188 δε-

118 1212 265 1312 σπότης.
318 1216 386 1287 Hic
402 1219 473 1286 nisi
483 1216 653 1286 articulus
667 1232 881 1289 monstraret
894 1221 1106 1296 subiectum,

119 1320 333 1410 ambiguitas
361 1331 452 1389 esset
480 1330 600 1387 utrum
634 1320 784 1404 diceret,
823 1321 869 1388 ab
900 1345 973 1389 uno
1002 1344 1104 1388 servo

119 1445 242 1493 omnes
263 1422 354 1510 regi,
389 1444 434 1489 an
462 1444 546 1488 vero
577 1419 692 1489 solum
720 1421 906 1491 domiuum
938 1423 1106 1489 ominibus

119 1525 261 1594 servire.
313 1518 496 1591 Articulus
512 1521 622 1610 igitur
638 1523 792 1592 ostendit
812 1524 1009 1595 subiectum
1032 1546 1106 1591 esse
1127 1492 1131 1644 Ι

118 1618 308 1717 δεσπότης.
359 1621 466 1694 Solus
482 1624 651 1693 dominus
667 1623 706 1690 in
723 1624 873 1709 familia,
898 1624 1104 1716 praesertim

119 1726 150 1794 si
167 1741 218 1796 est
232 1726 390 1817 sapiens,
414 1725 494 1815 plus
510 1724 660 1794 sustinet
677 1748 861 1811 curarum,
887 1727 1006 1817 plures
1027 1751 1106 1794 mo-

118 1828 237 1898 lestias
263 1827 405 1908 tolerat,
445 1826 549 1916 plura
577 1824 742 1917 inspicit,
775 1850 883 1920 quam
914 1829 1105 1923 quisquam

118 1952 319 1999 servorum.
371 1927 411 1998 Si
429 1941 480 1998 εει
494 1927 622 1997 stultus
637 1928 824 2011 dominus,
849 1930 976 2001 misere
998 1930 1106 1999 servit

118 2030 157 2098 in
174 2025 349 2126 ἀναρχίᾳ.

117 2205 288 2296 Spiritus
320 2208 378 2272 est
406 2203 530 2290 Deus,
567 2195 700 2372 10ὴῖηᾷ
719 2199 756 2272 4.
808 2205 938 2289 Quae,
971 2203 1105 2295 qualis,

527 2323 628 2396 quau
648 2324 672 2371 u

219 2436 443 2525 categorica,
469 2436 698 2515 affirmativa,
724 2437 971 2526 etsingularis.
1012 2437 1103 2508 Nam

119 2539 315 2610 subiectum
332 2551 382 2607 est
390 2535 499 2621 Deus,
524 2539 619 2629 quod
636 2536 807 2608 articulus
825 2539 980 2609 ostendit
993 2533 1104 2612 πνεύ-

117 2665 173 2733 μα
187 2636 207 2710 ὃ
225 2631 324 2719 θεός.
374 2633 422 2709 Et
438 2632 505 2707 hoc
522 2639 656 2708 dictum
672 2638 710 2707 in
727 2635 815 2731 ipss'-
826 2641 1031 2711 narratione
1046 2639 1105 2711 lo-

118 2737 248 2811 bannis
266 2742 345 2810 ideo
362 2740 548 2824 recitatur,
574 2742 769 2826 utdoceat,
795 2738 910 2812 Deum
933 2764 1007 2813 esse
1031 2745 1105 2834 spi·
1195 2756 1200 2763 '

118 2843 283 2914 ritualem
301 2842 509 2928 essentiam,
535 2866 608 2912 non
626 2843 755 2913 molem
772 2868 814 2913 ex
838 2845 927 2913 coeli
948 2860 1010 2917 aut
1032 2846 1106 2915 ele-

118 2960 320 3017 mentorum
336 2944 483 3014 materia
502 2942 703 3015 conflatam.

122 3123 285 3191 Tantum
310 3126 392 3189 octo
418 3113 587 3189 tomsaes
610 3112 774 3209 fuerunt
796 3121 838 3189 iu
853 3140 944 3191 arca
959 3116 1104 3194 Nolae.

375 3223 499 3307 Quae,
527 3221 667 3313 qualis,
693 3216 866 3313 quantu?

220 3350 445 3440 Cetegorica,
472 3352 700 3436 affirmativa,
728 3363 762 3421 ει
776 3353 998 3427 universalis.
1032 3351 1105 3424 Ex-

120 3454 274 3524 clusivae
291 3453 385 3521 enim
412 3453 483 3519 vim
508 3446 641 3522 babent
662 3453 940 3524 universalium:
968 3453 1105 3527 Omnes

120 3553 283 3624 homines
297 3557 361 3646 qui
374 3552 517 3623 luerunt
533 3553 571 3621 in
585 3577 677 3639 arca,
700 3554 846 3627 fuerunt
863 3569 952 3629 octo.
987 3560 1106 3654 Syllo-

121 3657 224 3747 gismi
246 3657 418 3725 secundae
444 3656 575 3746 figurae
602 3658 796 3728 ostendunt
821 3659 1015 3730 exclusivas
1039 3658 1106 3733 hoc

3 3803 10 3812 ·
121 3759 229 3827 modo
246 3759 470 3846 exponendas
488 3782 574 3831 esse.

275 3858 353 3930 Soli
373 3862 553 3930 credentes
566 3857 764 3949 Evangelio
779 3862 972 3947 salvantur,

275 3960 454 4029 Traianus
469 3984 542 4031 non
563 3964 674 4032 credit
690 3959 904 4053 Evangelio,

272 4058 371 4151 Ergo
386 4084 459 4130 non
477 4063 643 4134 salvatur.

223 4161 344 4233 Maior
359 4162 527 4259 explicata
550 4164 601 4232 sic
615 4165 849 4252 convertitur:
874 4160 1012 4235 Omnes
1036 4169 1106 4237 sal-

123 4268 259 4338 vandos
273 4289 411 4336 necesse
431 4279 483 4334 est
496 4267 650 4337 credere.
683 4262 734 4335 lta
752 4268 934 4337 conversio
950 4268 1108 4341 illustrat

124 4370 328 4441 exclusivas.
380 4365 429 4439 Et
441 4366 531 4437 ratio
545 4363 654 4438 huius
666 4371 908 4453 conversionis
924 4375 1108 4462 apparebit

125 4494 166 4540 ex
183 4466 268 4550 his‚-
284 4495 375 4563 quae
389 4470 483 4540 infra
498 4471 542 4540 de
557 4469 788 4540 conversione
803 4472 977 4548 dicentur.

201 4645 269 4713 liei
292 4664 367 4714 uou
390 4639 505 4717 ὀοεεαε
524 4639 752 4716 consuetudo
768 4646 935 4735 pessima
956 4654 1025 4719 est.

372 4748 499 4835 Quae,
525 4748 666 4840 quadis,
693 4741 863 4840 wasta?

128 5412 210 5460 vere
225 5391 433 5462 nominatur
444 5390 695 5484 praedicatum.

1257 561 1408 632 Videtur
1424 563 1610 633 diversitas
1623 587 1713 649 esse,
1740 589 1821 634 cum
1837 565 2006 634 dicimus:
2040 562 2145 636 Plato

1155 676 1207 734 est
1224 679 1404 749 mortuus,
1429 662 1509 736 Rex
1524 678 1576 735 est
1599 678 1743 758 potens,
1768 661 1946 736 lohannes
1968 678 2020 736 est
2033 660 2144 737 Elias·

1154 761 1232 835 Etsi
1255 781 1372 836 autem
1396 779 1518 856 argute
1544 765 1616 836 dici
1646 780 1779 857 potest,
1811 768 1974 860 copulam
2004 790 2145 860 semper

1154 890 1284 936 nexum
1309 890 1401 952 esse,
1424 867 1546 948 idest,
1573 868 1717 957 alligare
1732 870 1979 963 qualecunque
1999 870 2143 969 praedi-

1154 981 1271 1037 catum
1285 969 1460 1051 subiecto,
1487 981 1607 1060 postea
1624 969 1662 1037 in
1678 970 1887 1061 praedicatis
1902 971 2143 1043 diversitatem

1154 1093 1248 1154 esse,
1273 1070 1361 1139 alias
1376 1069 1520 1139 additur
1541 1070 1759 1160 privativum
1783 1094 1932 1154 nomen,
1959 1072 2046 1141 alias
2069 1096 2142 1142 rem

1153 1172 1340 1263 positivam
1363 1171 1584 1260 significans,
1617 1171 1705 1240 alias
1726 1172 1862 1255 simile,
1886 1186 2006 1241 tamen
2028 1176 2142 1262 lugia-

1154 1296 1233 1342 mus
1249 1272 1355 1341 nimis
1371 1272 1477 1341 exiles
1494 1272 1761 1361 explicationes,
1788 1274 1947 1342 dicamus
1970 1286 2011 1342 ut
2034 1277 2141 1364 vulgo

1154 1374 1296 1445 dicunt:
1331 1371 1432 1443 Alias
1454 1374 1601 1464 ponitur
1622 1375 1748 1466 copula
1774 1367 2028 1468 ὑπαρκτικῶς,
2056 1376 2143 1444 alias

1153 1488 1195 1545 ut
1216 1498 1345 1560 nexus,
1370 1475 1571 1570 significans
1596 1475 1667 1544 dici
1691 1477 1933 1566 praedicatum
1957 1477 2001 1544 de
2021 1477 2141 1547 subie-

1153 1590 1230 1657 cto,
1264 1577 1339 1646 sive
1372 1576 1543 1646 vocabula
1573 1577 1646 1646 sint
1677 1578 1871 1668 privativa,
1907 1577 1981 1644 sive
2012 1579 2141 1672 typica.

1155 1675 1270 1747 Vinea
1291 1691 1341 1747 εει
1366 1674 1537 1747 Ecclesia.
1589 1675 1659 1746 Hic
1679 1678 1800 1748 aiunt:
1822 1673 1887 1746 Est
1911 1678 2060 1768 ponitur
2077 1704 2142 1771 pro

1154 1779 1336 1870 significat.
1397 1775 1605 1871 Expeditius
1638 1791 1691 1849 est
1720 1781 1907 1849 decurrere
1934 1781 1977 1847 ad
2016 1783 2141 1851 modos

1154 1881 1447 1971 praedicationis,
1473 1904 1561 1974 quos
1575 1903 1681 1972 supra
1697 1881 1867 1949 recensui.
1912 1878 1965 1948 De
1982 1882 2141 1972 figuratis

1154 1983 1263 2072 igitur
1283 1983 1438 2052 breviter
1458 1974 1666 2074 responderi
1682 1996 1814 2073 potest,
1839 1982 2141 2073 praedicationem

1155 2086 1337 2173 figuratam
1361 2108 1446 2158 esse.
1497 2081 1624 2153 Postea
1654 2107 1734 2152 cum
1764 2108 1853 2173 opus
1877 2096 1944 2166 est,
1986 2088 2140 2156 addatur

1154 2188 1351 2272 enarratio,
1386 2184 1502 2280 qualis
1523 2180 1634 2275 ligura
1658 2185 1716 2292 sit.
1774 2181 1825 2256 Et
1855 2186 1999 2277 quaudo
2023 2188 2140 2256 valeat

1155 2289 1420 2379 consequentia:
1447 2284 1525 2358 Rex
1541 2300 1591 2356 est
1605 2298 1752 2376 potens,
1778 2287 1887 2376 igitur
1903 2310 1966 2354 rex
1984 2302 2056 2374 est,
2081 2288 2138 2357 in·

1154 2389 1207 2459 fra
1227 2392 1376 2464 dicetur.

1224 2630 1292 2712 De
1318 2627 1593 2737 Oppositione
1617 2636 1659 2712 ει
1681 2628 1733 2711 (ιε
1757 2625 2066 2713 Corrversione.

1255 2791 1434 2875 Accidunt
1464 2795 1769 2885 propositionibus
1798 2797 1888 2864 duae
1920 2794 2139 2878 collationes,

1155 2897 1263 2967 altera
1293 2921 1373 2966 cum
1406 2896 1596 2986 oppositis,
1630 2899 1741 2966 altera
1771 2921 1851 2966 cum
1882 2896 2138 2989 aequivalente,

1156 3023 1243 3090 quae
1258 2997 1297 3067 lit
1312 2998 1571 3090 permutatione
1596 3012 1843 3068 extremorum.
1897 2997 2003 3067 Nunc
2029 2996 2137 3086 igitur

1155 3102 1199 3169 de
1219 3100 1443 3191 oppositione
1466 3101 1656 3171 dicendum
1678 3114 1746 3185 est,
1781 3102 1845 3167 ubi
1873 3101 2029 3192 primum
2060 3121 2137 3166 mo-

1155 3202 1266 3271 nendi
1288 3215 1370 3271 sunt
1392 3201 1585 3287 discentes,
1615 3203 1721 3270 aliam
1745 3225 1818 3270 esse
1837 3202 2053 3291 simplicium
2077 3222 2137 3268 seu

1156 3329 1273 3374 rerum
1292 3301 1571 3395 oppositionem,
1592 3317 1651 3387 ut,
1674 3301 1802 3372 caloris
1817 3319 1850 3372 et
1865 3303 2026 3391 frigoris,
2049 3301 2136 3370 lucis

1156 3420 1189 3476 et
1205 3407 1448 3488 tenebrarum,
1473 3405 1516 3473 de
1531 3430 1599 3496 qua
1624 3405 1848 3496 oppositione
1867 3399 1927 3472 hic
1948 3429 2023 3472 non
2049 3402 2136 3472 dici·

1157 3521 1234 3593 tur,
1258 3510 1318 3577 sed
1343 3508 1379 3576 in
1403 3505 1489 3575 locis
1505 3522 1687 3598 praecepta
1706 3507 1750 3574 de
1767 3530 1805 3574 ea
1820 3508 2028 3576 traduntur:
2057 3504 2137 3574 Alia

1156 3624 1206 3680 est
1225 3609 1507 3702 propositionum
1526 3609 1715 3698 oppositio,
1741 3632 1831 3698 quae
1850 3622 1901 3677 εει
1918 3605 2138 3675 dissonantia

1128 3722 1132 3831 q
1155 3714 1306 3781 duarum
1329 3710 1629 3800 propositionum,
1658 3733 1807 3803 quarum
1832 3711 1941 3778 altera
1966 3721 2019 3779 est
2042 3709 2138 3778 affir-

1128 3814 1308 3924 qmativa,
1333 3812 1442 3880 altera
1466 3809 1646 3898 negativa,
1678 3812 1872 3878 eorundem
1899 3824 2136 3881 extremorum

1155 3939 1232 3984 sme
1247 3915 1321 3984 ulla
1337 3910 1565 4000 ambiguitate
1581 3912 1862 3994 intellectorum,
1885 3926 1940 3980 ut:
1965 3909 2069 3982 Paris
2081 3935 2137 3980 ra·

1157 4017 1234 4110 puit
1246 4012 1440 4110 Helenam,
1461 4012 1563 4083 Paris
1578 4036 1652 4082 non
1669 4013 1789 4105 rapuit
1803 4012 1991 4086 Helenam.

1182 4222 1276 4306 Quot
1290 4224 1377 4288 sunt
1390 4222 1531 4309 species
1543 4220 1786 4310 oppositionis
1797 4210 2120 4309 propositionum?

1233 4370 1323 4441 'l'res
1336 4386 1431 4440 sunt:
1452 4371 1670 4456 suntrariae,
1685 4368 1971 4454 Subcontrariae,
1988 4383 2025 4439 et
2041 4366 2138 4441 Con·

1157 4474 1391 4546 tradictoriae.
1443 4471 1653 4544 Contrarias
1677 4487 1760 4542 sunt
1789 4475 1879 4542 duae
1910 4471 2139 4552 universales,

1158 4601 1309 4671 quarum
1343 4573 1451 4644 altera
1482 4588 1533 4644 est
1562 4575 1788 4658 affirmativa,
1829 4574 1937 4643 altera
1967 4573 2140 4661 negativa,

1159 4682 1353 4749 eorundem
1388 4690 1624 4747 extremorum
1648 4677 1725 4746 sine
1748 4676 1979 4765 ambiguitate
1998 4673 2140 4744 intelle·

971 4863 975 4873 Ι
1045 4779 1047 4783 ’
1159 4795 1307 4862 ctorum,
1331 4791 1386 4850 ut:
1413 4774 1551 4848 Omnes
1565 4778 1640 4846 dies
1655 4778 1855 4847 artificiales
1871 4791 1952 4848 sunt
1967 4776 2141 4868 aequales,

227 4876 446 4967 categorica,
460 4880 688 4968 affirmativa,
703 4881 900 4952 indefinita.
924 4877 1002 4952 Eat
1014 4881 1109 4950 enim

127 4982 266 5068 negatio
284 4981 417 5051 inserta
440 4997 509 5066 est,
533 4995 650 5053 tamen
676 4986 720 5053 ad
737 4982 1010 5074 descriptionem
1024 4983 1111 5053 sub-

127 5082 208 5152 iecti
231 5083 403 5173 pertinet,
428 5076 503 5152 non
526 5085 693 5156 adiuncta
717 5100 769 5157 est
793 5086 954 5176 copulae.
1006 5082 1119 5167 Tunc,

127 5197 246 5254 autem
261 5185 458 5277 propositio
474 5185 605 5255 dicitur
624 5188 970 5282 negativa·,.quando
988 5211 1008 5258 a
1025 5187 1111 5257 sub·

128 5286 218 5357 iccto
235 5300 392 5357 removet
407 5288 558 5357 alterurn
572 5289 769 5383 principale
786 5291 997 5381 membrum,
1014 5291 1109 5386 quod

1158 4881 1257 4951 Nulli
1274 4884 1349 4951 dies
1372 4881 1569 4949 artificiales
1593 4893 1674 4950 sunt
1696 4882 1870 4970 aequales.
1921 4878 2141 4948 subcontra-

1159 4985 1232 5052 riae
1249 4998 1331 5054 sunt
1346 4986 1435 5052 duae
1450 4982 1697 5072 particulares,
1723 5007 1871 5073 quarum
1886 4981 1995 5049 altera
2015 4993 2067 5049 est
2088 4978 2141 5049 al·

1160 5086 1354 5170 firmativa,
1381 5083 1489 5152 altera
1516 5084 1695 5170 negativa,
1722 5097 1776 5152 ut:
1804 5083 1958 5172 Quidam
1986 5083 2063 5150 dies
2085 5106 2141 5152 ar-

1161 5187 1318 5257 tificiales
1341 5199 1423 5254 sunt
1444 5186 1627 5276 aequales,
1661 5185 1816 5274 Quidam
1843 5186 1919 5252 dics
1943 5185 2141 5253 artificiales

1143 5291 1146 5299 ’
1161 5312 1235 5358 non
1252 5301 1335 5358 sunt
1350 5287 1525 5380 aequales.
1577 5284 1880 5358 Contradictoriae
1895 5286 2143 5375 sunt‘univer-

1161 5391 1263 5477 salis,
1293 5388 1521 5477 affirmativa,
1551 5402 1587 5461 et
1613 5389 1836 5482 particularis
1869 5389 2052 5479 negativa,
2084 5402 2142 5460 ut:
