4538 5754
122 240 226 314 1097

119 540 218 591 rtem.

227 635 471 710 concionatur
485 662 569 730 ergo
586 639 750 714 Psalmus
772 646 810 715 in
835 669 963 738 genere
978 650 1022 719 de
1041 647 1109 721 Ec-

119 737 248 807 clesia:
284 734 366 810 lruic
389 741 546 812 defensio
578 747 800 834 promittitur
822 751 1027 845 ubicunque
1046 768 1109 824 est.

119 836 170 909 Et
191 852 311 909 tamen
326 842 481 934 aliquam
506 846 623 915 sedem
648 849 829 921 doctrinae
860 867 893 923 et
921 854 1109 927 ministerii

117 937 221 1011 Deus
246 942 352 1012 etiam
377 958 512 1030 servat,
548 961 581 1018 et
612 950 769 1023 defendit
800 956 989 1046 tantisper,
1023 959 1109 1027 dum

118 1040 171 1108 ibi
213 1044 466 1132 gubernatores
508 1063 600 1118 recte
647 1053 847 1143 funguntur
896 1058 1108 1129 ministerio.

117 1139 226 1213 Hanc
249 1147 528 1218 consolationem
552 1163 752 1242 teneamus,
786 1172 826 1228 ut
850 1182 934 1230 cura
958 1162 1109 1230 docendi

117 1256 156 1314 et
169 1245 329 1315 discendi
344 1248 384 1317 in
400 1249 506 1319 nobis
521 1268 677 1327 acuatur.

223 1360 449 1437 Penultimus
464 1393 585 1443 versus
603 1387 656 1445 est
670 1376 871 1467 obiurgatio
895 1394 1017 1451 taxans
1038 1381 1108 1450 dif-

116 1462 324 1551 tidentiam,
374 1471 627 1561 trepidationes
667 1489 702 1546 et
741 1475 1110 1580 πολυπραγμοσύνην

115 1558 333 1654 humanam,
359 1583 399 1640 ut
408 1566 525 1642 Achae
541 1590 678 1648 taxatur
691 1576 869 1663 abEsaia·‚
894 1587 990 1676 qssod
1007 1584 1108 1655 auxi·

116 1664 210 1736 lium
226 1663 452 1765 Assyriorum
469 1690 632 1767 quaerat,
657 1705 737 1749 cum
753 1682 900 1780 quidem
912 1683 1008 1755 Deus
1023 1709 1107 1778 pro-

116 1761 261 1842 hiberet
276 1785 417 1871 externa
434 1776 564 1847 auxilia
579 1777 722 1855 attrahi,
773 1781 850 1853 Etsi
869 1785 1109 1874 igiturludaei

117 1870 219 1940 varie
233 1890 415 1963 exponunt
437 1871 532 1948 hunc
556 1896 776 1972 postremum
793 1887 1029 1975 versiculum,
1051 1901 1105 1959 ta-

116 1994 205 2040 rncn
232 1974 386 2044 sciamus
412 1995 638 2071 praeceptum
667 2007 756 2066 esse,
799 1990 1003 2081 oppositum
1036 1991 1108 2061 illis

116 2072 419 2164 trepidationibus
445 2094 479 2150 et
509 2082 667 2153 consiliis
696 2081 872 2158 humanae
904 2092 1108 2184 sapientiae,

116 2177 324 2267 quaerentis
348 2179 444 2249 varia
466 2183 617 2275 auxilia,
652 2202 836 2277 propterea
861 2192 945 2284 quia
970 2193 1109 2283 ignorat

116 2273 237 2346 Deum
261 2292 323 2350 aut
342 2280 472 2352 diffidit
486 2282 574 2375 Deo.
630 2283 674 2357 V
669 2298 790 2371 acute,
817 2292 945 2379 idest,
970 2318 1017 2364 ne
1038 2310 1108 2365 tre-

116 2379 259 2469 pidate,
284 2405 329 2450 ne
353 2383 539 2455 discurrite
565 2390 608 2456 ad
630 2391 728 2459 varia
746 2395 919 2482 praesidia
936 2420 1110 2489 quaeren-

116 2480 186 2565 da,
211 2503 272 2551 seu
290 2507 471 2572 concessa,
498 2510 560 2557 seu
576 2490 790 2578 inconcessa,
816 2498 877 2564 sed
894 2499 1107 2589 acquiescite

116 2578 270 2669 in'Deo,
296 2608 401 2676 quem
419 2587 483 2657 etsi
502 2613 576 2659 nou
594 2594 756 2675 cernitis,
783 2608 902 2683 tamen
918 2600 1015 2669 scitis
1036 2615 1107 2670 tra-

116 2682 252 2753 didisse
282 2687 553 2777 promissiones,
585 2707 619 2764 et
644 2695 734 2764 velle
763 2710 803 2767 ut
832 2701 882 2767 sic
913 2701 1109 2786 invocetur,

116 2785 231 2877 petitu
255 2789 388 2859 auxilio
413 2791 511 2863 iusta
542 2796 832 2886 promissionem,
863 2801 1000 2870 etiamsi
1032 2803 1108 2895 ipse

116 2909 195 2958 non
211 2888 381 2965 cernitur.

222 3021 319 3096 Haec
340 3029 502 3099 doctrina
524 3033 570 3101 de
592 3034 674 3105 fidei
696 3038 870 3108 exercitiis
887 3060 990 3130 saepe
1006 3064 1108 3138 repe-

117 3112 274 3212 titassst,
298 3141 339 3197 ut
353 3125 479 3200 Esaiae
495 3135 574 3206 30.:
603 3134 645 3205 In
662 3138 804 3209 silentio
822 3155 854 3212 et
873 3164 934 3232 spe
949 3142 1018 3212 erit
1033 3143 1108 3211 for-

118 3227 236 3298 titudo
258 3242 385 3304 vestra.
445 3231 514 3303 Hic
538 3261 680 3331 quoque
700 3241 882 3313 silentium
910 3244 1109 3334 opponitur

118 3328 192 3399 illis
207 3331 520 3420 trepidationibus,
548 3352 582 3409 et
598 3340 652 3408 illi
669 3337 1035 3442 πολυπραγμοσύνῃ,
1063 3344 1107 3415 d'e

118 3454 189 3524 qua
204 3431 299 3514 dixi,
325 3449 360 3503 et
379 3437 552 3524 significat
568 3443 811 3532 reprimendas
825 3468 897 3514 esse
915 3440 977 3515 has
998 3450 1107 3540 trepi-

118 3532 299 3618 dationes,
328 3547 361 3617 et
378 3540 671 3631 acquiescendum
689 3569 761 3615 esse
775 3547 812 3615 in
828 3545 916 3620 Deo.

219 3664 415 3761 Postquam
435 3687 551 3744 autem
575 3675 676 3750 iussit
701 3703 765 3750 nos
789 3680 927 3753 frenare
948 3693 1105 3751 nostram

712 251 777 324 rx.
834 246 1200 363 connumera
1233 252 1557 332 inassuetus.

118 414 321 506 perstitiose
347 419 392 487 ad
421 420 538 490 locum
568 422 782 512 alligandam
806 446 878 495 esse
901 428 1108 518 promissio·
1134 443 1138 475 ¹

2008 249 2011 253 ’
2054 262 2152 340 sose

1161 453 1237 499 ram
1257 425 1429 504 hostibus.
1483 428 1567 499 ldeo
1584 430 1683 500 dicit:
1711 425 1905 500 Exaltabor
1920 431 1958 500 in
1976 435 2150 521 gentibus,

1162 545 1197 603 et
1222 533 1401 602 exaltabor
1426 535 1463 602 in
1490 546 1595 602 terra.
1654 531 1735 601 Non
1758 534 1840 602 volo
1864 547 2001 605 tantum
2026 535 2065 604 in
2087 534 2150 607 illa

1161 658 1238 703 mea
1261 635 1340 704 luce
1355 634 1475 724 ignota
1492 633 1661 704 creaturis
1677 635 1802 716 latere,
1819 637 1879 705 sed
1896 636 2051 727 prodeo,
2067 638 2149 709 volo

1161 736 1322 826 agnosci,
1357 737 1533 828 conspici,
1565 736 1688 829 diligi,
1722 737 1898 822 invocari,
1924 737 2006 807 volo
2034 742 2149 830 petia

1160 863 1218 908 me
1241 852 1274 908 et
1298 839 1471 928 expectari
1493 838 1684 921 auritum,
1709 839 1793 908 volo
1815 839 1986 909 celebrari
2011 864 2030 910 a
2050 844 2149 928 meis,

1161 955 1195 1012 et
1210 941 1396 1011 formidari
1410 943 1454 1012 ab
1471 942 1515 1011 iis
1533 941 1593 1035 qui
1611 941 1759 1010 verbum
1783 964 1901 1010 meum
1918 942 2049 1014 nolunt
2072 968 2149 1014 am·

1162 1043 1279 1134 plecti.

1261 1142 1385 1215 Dulcis
1406 1145 1601 1215 consolatio
1633 1144 1672 1213 in
1694 1140 1751 1215 his
1775 1143 1891 1213 verbis
1913 1147 2147 1238 proponitur:
2213 1241 2220 1250 .

1160 1243 1353 1316 Exaltabor
1374 1249 1411 1315 in
1437 1249 1619 1338 gentibus,
1643 1247 1823 1316 exaltabor
1846 1247 2004 1319 interra.
2059 1247 2147 1318 Pro-

1159 1348 1269 1419 mittit
1285 1349 1379 1417 enim
1396 1348 1494 1419 Deus
1508 1374 1544 1419 se
1559 1349 1737 1420 editurum
1752 1350 1798 1417 de
1814 1371 1850 1417 se
1866 1349 2086 1434 testimonia,
2109 1365 2149 1421 ut

1161 1450 1363 1536 invocetur,
1391 1464 1424 1520 et
1445 1465 1485 1522 ut
1510 1453 1585 1521 eius
1609 1451 1774 1520 beneficia
1797 1450 1834 1519 in
1858 1464 1950 1520 terra
1967 1452 2060 1522 inter
2083 1475 2148 1521 nos

1160 1553 1305 1623 miseros
1320 1548 1484 1623 homines
1501 1553 1737 1624 celebrentur.

1299 1758 1636 1854 Argumentum
1663 1780 1720 1830 uc
1747 1757 2007 1852 dispositio
2081 1802 2087 1813 ·

1472 1877 1633 1961 Psalmi
1661 1872 1847 1963 xhvtl.

1211 2024 1343 2094 Omnes
1355 2025 1487 2116 populi
1500 2024 1671 2118 plaudite
1683 2021 1873 2116 munibus,
1899 2022 2053 2098 iubilate
2063 2023 2145 2096 Deo

1211 2127 1252 2194 iu
1268 2146 1356 2196 voce
1372 2129 1636 2200 exultationis.

1261 2255 1467 2330 Gratiarum
1488 2263 1579 2332 aetio
1599 2274 1651 2330 est
1665 2254 1881 2351 triumphale
1897 2281 2058 2343 carmen,
2084 2280 2146 2328 seu

1161 2353 1357 2446 ἐπινίκιον,
1383 2363 1521 2451 generis
1537 2363 1826 2448 demonstrativi,
1852 2361 2052 2433 testificans·
2065 2383 2147 2449 per-

1161 2473 1264 2552 petua
1288 2464 1516 2550 narratione,
1542 2463 1656 2534 Deum
1683 2465 1897 2534 constituere
1925 2464 1964 2532 id
1983 2484 2146 2552 regnum,

1160 2563 1256 2654 quod
1273 2561 1425 2635 Messias
1446 2564 1630 2655 premisit,
1655 2565 1694 2634 id
1718 2579 1786 2649 est,
1813 2578 1908 2636 certo
1933 2563 2028 2634 mitti
2049 2561 2146 2633 Mes·

1160 2665 1265 2743 siam,
1292 2680 1326 2736 et
1342 2691 1404 2756 per
1419 2691 1500 2737 eum
1520 2667 1637 2757 colligi
1655 2664 1852 2737 Ecclesiam
1876 2680 2075 2751 aeternam,
2101 2665 2146 2732 li-

1160 2765 1352 2837 berandam
1387 2793 1406 2836 a
1429 2782 1593 2860 peccato,
1620 2782 1752 2852 morte,
1783 2770 1973 2861 tyrannide
1997 2767 2145 2850 diaboli,

1162 2879 1194 2935 et
1215 2868 1260 2935 ab
1282 2868 1449 2940 omnibus
1474 2868 1742 2942 calamitatibus.
1793 2863 1842 2940 llt
1856 2869 2029 2958 significat
2048 2865 2143 2938 hunc

1160 2964 1328 3037 Messiam
1338 2970 1545 3057 esseDeum,
1559 2994 1710 3063 eumque
1719 2971 1818 3040 iubet
1827 2970 1979 3059 agnosci,
1989 2984 2023 3040 et
2032 2970 2145 3061 excipi

1160 3091 1179 3138 a
1206 3069 1428 3163 principibus
1451 3085 1484 3143 et
1505 3072 1688 3163 gentibus,
1715 3084 1750 3142 et
1795 3073 1913 3141 uidem
1937 3085 2058 3140 monet
2081 3071 2143 3164 qui

1160 3171 1276 3241 cultus
1291 3173 1337 3245 sit
1356 3176 1563 3266 praecipuus
1578 3198 1657 3243 cum
1674 3175 1741 3244 ait:
1767 3099 1929 3242 limitas
1947 3171 2143 3260 supienter.

1262 3270 1377 3345 Totus
1403 3277 1510 3367 igitur
1525 3275 1687 3346 Psalmus
1706 3275 1915 3346 vaticinium
1938 3288 2007 3359 est,
2034 3272 2144 3344 adfir-

1158 3398 1278 3460 mans,
1322 3391 1418 3448 certo
1452 3377 1621 3449 constitui
1654 3399 1802 3466 regnum
1836 3375 2007 3460 Messiae,
2048 3378 2142 3468 qrrod

1160 3477 1263 3568 quale
1277 3478 1341 3564 sit,
1366 3494 1399 3548 et
1414 3504 1503 3573 quae
1519 3481 1614 3551 bona
1639 3479 1792 3559 adferat,
1819 3491 1891 3548 eta
1914 3479 2044 3571 quibus
2068 3502 2143 3547 ma-

1159 3579 1203 3646 lis
1219 3579 1365 3664 liberet,
1390 3606 1431 3651 ex
1449 3579 1747 3674 promissionibus
1765 3594 1797 3651 et
1813 3581 1935 3650 multis
1958 3580 2143 3650 concioni-

1158 3681 1226 3749 bus
1246 3678 1506 3772 Prophetarum
1531 3683 1740 3753 discendum
1763 3695 1825 3756 est.
1878 3680 1946 3751 Hic
1966 3682 2142 3770 generali-

118 3767 381 3855 curiositatem,
407 3777 556 3866 opponit
575 3795 716 3849 econtra
740 3783 911 3853 auxilium
933 3784 1107 3868 divinum,
1158 3783 1226 3852 bus
1242 3784 1361 3854 verbis
1374 3785 1757 3875 victoriacelebratur,
1784 3785 2000 3874 praecipitur
2016 3785 2142 3867 cultus,

118 3880 294 3941 monstrat
315 3872 492 3946 obiectum
518 3879 620 3964 fidei,
646 3896 682 3953 et
709 3883 808 3955 iubet
827 3909 893 3955 nos
916 3909 997 3955 vera
1014 3888 1107 3956 fidu·
1158 3896 1192 3954 et
1208 3885 1420 3958 nominatim
1437 3886 1654 3979 praedicitur
1679 3885 1912 3976 colligendam
1937 3909 2010 3955 esse
2036 3886 2141 3954 etiam

119 3970 173 4042 eia
196 3976 494 4064 praesentiaeDei
517 3981 624 4070 erigi,
651 3999 684 4054 et
708 3985 851 4077 quidem
876 3987 1047 4080 praecipit
1066 4003 1105 4058 ut
1158 3989 1403 4077 exgentibus,
1427 4004 1463 4061 et
1481 3992 1519 4060 lit
1539 3989 1673 4059 mentio
1695 3987 1917 4082 principum,
1942 3987 2024 4082 quia
2042 3984 2142 4104 lleus

116 4088 244 4144 verum
266 4070 380 4145 Derim
411 4091 639 4169 agnoscamus
664 4098 697 4155 et
723 4087 944 4175 invocemus,
980 4089 1105 4184 quise
1156 4090 1380 4164 exomnibus
1406 4091 1652 4164 vocationibus
1680 4110 1768 4186 etse
1798 4091 1970 4161 ordinatis
2003 4089 2142 4180 aliquos

115 4175 284 4267 patefecit
298 4175 336 4245 in
351 4176 462 4251 lsraiil
484 4185 565 4254 dato
586 4210 648 4259 suo
666 4189 790 4274 verbo,
818 4215 882 4261 nec
898 4191 1106 4261 delabamur
1157 4190 1303 4280 colligit.
2053 4276 2057 4289 Ι

115 4278 420 4353 adcommentitia
442 4286 601 4361 numina.
651 4291 735 4360 ldeu
759 4291 862 4362 dicit:
886 4280 1105 4387 Cognoscitc
1258 4289 1418 4364 Victoria
1454 4294 1654 4366 celebratur
1684 4288 1741 4362 bis
1768 4292 1902 4363 verbis:
1953 4285 2139 4407 Excelsus

116 4372 224 4477 quod
241 4400 305 4474 ego
330 4381 402 4451 sim
422 4381 547 4474 Deus,
573 4387 773 4463 exaltabor
794 4392 833 4463 s‘n
853 4392 1047 4489 gentibus,
1073 4405 1104 4465 ct
1155 4388 1346 4466 Dominus
1359 4389 1526 4467 subiiciet
1551 4394 1656 4466 nobis
1675 4397 1830 4492 populos
1857 4401 1889 4462 et
1912 4415 2045 4487 regnu,
2072 4387 2140 4507 als·-

117 4477 320 4555 multator
343 4482 382 4553 in
404 4495 522 4580 terra,
549 4492 584 4559 id
611 4509 679 4578 est,
707 4521 787 4567 cum
806 4499 888 4568 estis
904 4499 942 4567 in
966 4499 1105 4589 pericu·
1152 4504 1214 4591 get
1239 4520 1306 4566 nos
1329 4504 1367 4565 ut
1389 4492 1506 4567 simus
1530 4492 1915 4569 baereditasucterno.
1967 4487 2139 4565 Ascendet

115 4585 280 4679 lis„non
299 4589 490 4676 trepidate,
516 4592 764 4689 nonquaerite
784 4598 983 4671 inconcessa
1002 4624 1105 4691 prae·
1155 4595 1280 4681 Deus,
1316 4599 1351 4669 id
1380 4613 1450 4685 est,
1482 4600 1633 4689 gloriose
1657 4623 1694 4669 se
1715 4599 1896 4690 patefecit,
1931 4613 1971 4666 ut
1994 4597 2138 4690 qnando

116 4686 231 4766 sidia,
264 4690 366 4780 quasi
391 4686 486 4761 nibil
516 4695 563 4765 sit
582 4695 697 4783 Deus,
728 4713 884 4771 autnon
910 4716 1006 4785 curet
1029 4725 1103 4777 vos.
1155 4702 1340 4773 nobiscum
1360 4701 1398 4770 in
1414 4704 1552 4773 deserto
1574 4701 1750 4787 ascendit,
1772 4701 1909 4793 prodiit
1921 4701 2089 4819 utyictor
2105 4712 2139 4767 et

114 4787 187 4860 Sed
206 4790 362 4879 primum
394 4796 555 4866 omnium
585 4816 719 4872 mentes
751 4815 886 4872 vestrae
906 4806 1024 4876 Deum
1047 4804 1105 4873 in·
1155 4798 1405 4895 triumphator.
1455 4801 1526 4873 llic
1547 4825 1725 4897 sumamus
1748 4826 1790 4872 ex
1811 4803 1890 4873 aliis
1912 4804 1998 4872 locis
2017 4801 2139 4895 quales

112 4904 305 4978 tueantur,
340 4895 463 4985 quise
488 4899 524 4966 in
550 4896 617 4971 lroe
639 4904 771 4994 populo
797 4900 908 4977 lsraiil
931 4906 1103 4997 patefecit,
1154 4902 1570 4978 sintvictoriaeMessiae.
1595 4903 1737 4977 Delevit
1746 4917 1966 4997 peccatumet
1976 4915 2138 5022 mortem,

113 5005 148 5063 et
161 4993 209 5062 ab
222 5016 264 5062 eo
278 4995 448 5065 auxilium
466 5001 574 5089 petite
591 5016 623 5072 et
641 5019 817 5097 expectate
841 5007 935 5077 iuxta
952 5008 1104 5099 promis·
1155 5023 1189 5081 et
1213 5007 1379 5078 liberavit
1401 5031 1467 5078 nos
1488 5033 1507 5077 a
1532 5008 1720 5104 tyrannide
1743 5008 1889 5082 diaboli.
1940 5005 2026 5076 Plus
2040 5028 2136 5073 enim

113 5094 245 5168 sioues.
282 5091 331 5167 lit
345 5099 469 5170 scitote
487 5099 583 5173 hunc
598 5107 732 5176 cultum
749 5109 780 5178 ei
797 5109 934 5200 placere
950 5124 983 5181 et
1002 5134 1104 5201 prae·
1155 5123 1305 5199 praestat
1322 5104 1381 5179 hic
1392 5107 1542 5181 Messias
1557 5135 1663 5204 quam
1680 5110 1741 5179 alii
1757 5132 1855 5200 reges
1872 5124 1905 5180 et
1920 5109 2137 5225 liberatores.

111 5197 261 5289 cipuum
281 5220 371 5281 esse,
396 5203 479 5293 quia
504 5229 578 5274 non
601 5208 733 5280 frustra
756 5235 792 5281 se
817 5212 999 5301 patefecit,
1028 5236 1103 5282 non
1154 5209 1286 5307 Cyrus,
1313 5209 1517 5283 Alexander
1532 5214 1637 5284 etiam
1654 5225 1738 5283 sunt
1749 5211 1895 5302 gloriosi
1910 5233 2026 5327 reges,
2048 5209 2138 5326 libe-

107 5300 244 5371 frustra
269 5300 416 5371 tradidit
448 5308 720 5396 promissiones,
754 5315 813 5381 sed
843 5314 918 5384 vult
949 5316 1104 5406 agnosci,
1153 5314 1513 5386 rant'suosamieosa
1536 5315 1721 5408 perieulis,
1749 5317 1836 5385 dant
1862 5313 1910 5383 eis
1927 5330 2139 5404 provincias,

107 5402 186 5474 vult
213 5402 416 5474 testimonia
441 5409 485 5478 de
506 5433 542 5480 se
559 5412 714 5503 conspici
732 5413 770 5482 in
786 5409 964 5500 Ecclesia,
989 5431 1022 5489 et
1042 5441 1103 5488 co·
1125 5386 1131 5505 l
1153 5417 1213 5487 sed
1231 5441 1338 5511 quam
1355 5416 1474 5489 brevis
1488 5432 1540 5490 cst
1556 5412 1684 5489 horum
1700 5415 1854 5517 potentia
1870 5427 1907 5484 et
1921 5410 2059 5501 glaciat
