4538 5754
10 108 20 181 μ
65 117 145 196 g„
314 176 333 183 ,,
391 128 423 187 ;
536 150 540 155 -
604 205 606 208 4
687 64 734 192 i.
792 90 1117 190 aroannam
1148 100 1520 209 clarmanum.⁸
1855 191 1858 198 ,
2013 108 2090 187 ms

66 273 182 366 ctrina
210 291 312 363 etad
335 311 569 383 personarum
590 290 819 377 collationes,
854 272 900 360 de
914 285 976 361 'his
1000 291 1056 360 lo·
1104 254 1224 363 cendit
1255 293 1399 386 aliquod
1431 289 1611 384 gaudium.
1669 289 1721 362 Hi
1750 288 1896 362 affectus
1927 288 2021 360 inter
2050 309 2087 358 se

10 1308 19 1475 l

121 2008 124 2012 Ι
169 2061 368 2155 Pugnantia
410 2077 496 2135 sunt
535 2062 801 2158 quadruplicia:
853 2063 1055 2150 Contraria,

19 2200 24 2215 s

20 2236 24 2259 ¹.

10 2906 17 2997 t

10 3026 13 3045 ι
61 2995 185 3080 nitur,
217 3008 257 3066 nt
278 2995 376 3065 calor
398 2993 528 3082 frigus,
553 2987 747 3061 humiditas
769 2992 922 3076 siccitas,
947 2992 1050 3062 iusti·
1123 3051 1125 3056 ,

65 408 230 490 quuntur
251 394 414 484 vulgares
437 393 552 463 libelli
576 392 765 477 dialectici,
817 390 918 477 Sicut
939 415 975 462 se
991 386 1055 460 ha·
1103 392 1304 480 luctantur,
1339 397 1452 465 donec
1474 396 1618 466 tandem
1641 394 1754 474 vincit
1774 395 1879 479 fides,
1907 405 1945 464 et
1965 389 2087 481 gaudii
2126 407 2128 411 ’

10 503 17 516 ”
64 498 127 592 bet
149 498 368 587 gubernator
383 495 485 564 navis
501 497 546 564 ad
562 496 701 578 navim,
725 495 775 563 sic
790 518 827 564 se
843 488 950 565 habet
965 488 1054 584 Epi·
1103 510 1391 589 sensussuperat.
1441 491 1523 567 Non
1538 497 1648 586 igitur
1662 497 1754 567 valet
1768 493 2037 588 consequentia:

64 620 195 690 scopus
216 600 261 669 sd
279 593 493 681 Ecclesiam,
518 609 583 668 etc.
634 591 682 666 Et
703 591 771 666 hoc
792 597 900 666 modo
915 593 1055 668 Aristo·
1257 596 1299 668 ln
1324 596 1462 668 Davide
1493 611 1544 668 est
1564 599 1694 670 fiducia
1722 613 1757 668 ct
1776 597 1945 688 gaudium
1968 592 2089 667 audita

13 710 18 755 ἲ
64 696 154 771 teles
175 724 217 770 ex
240 698 534 792 proportionibus
556 697 694 767 erudite
711 711 745 767 et
762 711 909 769 venuste
926 694 1056 766 extruit
1101 751 1103 755 >
1256 711 1257 714 ’
1307 701 1561 782 consolatione,

64 801 269 872 doctrinam
282 802 326 868 de
342 798 497 868 iusticia:
526 797 670 868 Gradus
683 811 769 870 sunt
784 822 904 869 rerum
919 799 957 866 in
973 798 1055 883 vita,
1254 797 1351 892 Ergo
1369 827 1442 871 non
1460 817 1511 872 est
1529 803 1567 871 in
1584 828 1626 873 eo
1642 802 1845 894 trepidatio.

152 901 155 907 “
218 896 323 991 0P¹¹⁵
339 913 391 969 ²⁸¹
407 900 523 985 viem,
549 901 734 980 d⁰⁰ffl¹1³2
760 900 979 980 d0f⁸ss⁸i⁰¹¹02
1204 917 1295 988 Nam
1316 921 1459 1012 utrique
1475 919 1620 993 affectus
1634 921 1672 989 in
1687 921 1857 1012 gradibus
1871 916 2025 990 remissis
2039 915 2088 986 si·

217 998 315 1091 Ergo
340 1014 375 1071 et
398 1001 579 1091 agricolis,
606 1016 641 1073 et
661 1004 885 1087 doctoribus,
910 1015 945 1072 et
959 1000 1053 1069 mili·
1103 1021 1178 1091 mul
1195 1044 1269 1092 ωε
1284 1036 1443 1113 possum,

271 1102 367 1173 tib¹¹³
382 1127 472 1195 ⁰9⁰⁸
490 1117 552 1174 ²⁸¹⁰
1204 1137 1286 1209 Non
1305 1139 1397 1209 valet
1414 1139 1681 1233 consequentia:
1712 1225 1717 1235 .

166 1220 330 1315 Cumque
347 1220 497 1308 singulis
511 1219 681 1311 gradibus
697 1241 786 1313 opus
800 1219 855 1304 sit,
880 1242 964 1289 snus
977 1219 1054 1290 eui·
1253 1239 1407 1311 Dssecgto
1423 1241 1518 1311 fora,
1532 1242 1633 1333 pellit
1648 1242 1826 1328 timorem,

64 1349 134 1420 que
149 1325 248 1397 locus
264 1335 299 1392 et
314 1315 431 1391 bonos
445 1321 657 1392 tribuendus
673 1336 735 1394 est.
785 1318 833 1393 Et
846 1335 888 1393 ut
904 1346 1052 1414 propor-
1254 1337 1437 1412 Abraham
1452 1343 1570 1433 diligit
1584 1343 1714 1430 Deum,

63 1428 181 1498 tiones
195 1424 357 1494 miranda
370 1422 448 1512 lege
463 1446 640 1493 connexae
654 1437 749 1508 sunt,
776 1424 867 1495 sicut
882 1424 920 1493 in
928 1418 1055 1494 Arith-
1253 1439 1350 1534 Ergo
1365 1440 1547 1516 Abraham
1563 1465 1640 1516 mm
1654 1447 1755 1516 ,fimet
1768 1441 1897 1519 Deum,

64 1528 192 1599 metica
210 1524 388 1603 cernitur,
413 1525 462 1595 ita
477 1526 525 1595 sit
543 1538 712 1617 perpetua
730 1519 860 1595 horum
879 1526 1053 1614 graduum

64 1626 259 1721 copulatio,
308 1625 380 1697 sed
396 1621 482 1697 hm
496 1626 583 1698 alibi
600 1627 806 1719 explicanda
822 1638 918 1698 mm.
1205 1560 1360 1635 Possunt
1374 1563 1469 1632 enim
1485 1565 1629 1658 utrique
1643 1565 1787 1633 affectus
1801 1564 1908 1634 simul
1923 1583 2008 1646 esse,
2027 1561 2090 1630 sed

1103 1663 1196 1732 inter
1217 1687 1254 1733 se
1275 1665 1448 1736 luctantes
1469 1679 1504 1736 et
1525 1666 1760 1736 dissimilibus
1773 1664 1955 1756 gradibus.
2004 1663 2091 1735 ldeo

1103 1765 1206 1851 dicit,
1231 1766 1333 1858 pellit
1345 1765 1529 1855 timorem,
1554 1782 1597 1840 ut
1609 1769 1703 1839 lucta
1721 1767 1949 1860 significetur.

284 1880 432 1964 Locus
462 1903 490 1964 s
518 1881 839 1995 pugnantibus,

1406 2036 1410 2045 ,
1447 1966 1742 2054 scandanavia.

1203 2103 1258 2177 De
1279 2109 1445 2178 omnibus
1468 2109 1708 2200 pugnantibus
1727 2108 1948 2180 observanda
1966 2119 2018 2177 est
2031 2129 2088 2175 re-

62 2164 243 2237 Pfinfiv‘
264 2164 444 2257 ⁰pp⁰⁸i¹⁸’
468 2163 633 2238 Remive
655 2165 838 2256 ⁰pp⁰³i¹³’
862 2163 1052 2238 ‘Mindi‘
1102 2210 1200 2300 gula:
1229 2203 1378 2302 Opponi
1400 2235 1438 2280 ea
1459 2212 1554 2281 iuxta
1571 2210 1811 2298 differentias,
1837 2210 1967 2304 quibus
1983 2206 2088 2277 dissi·

62 2270 188 2340 storias

233 2459 338 2542 Quos
357 2459 542 2527 cocuntur
566 2449 631 2524 bic
654 2450 879 2526 contraria?
1101 2425 1142 2483 ¹¹¹
1157 2435 1232 2483 ”⁰¹¹
1248 2413 1341 2586 ἔξω
1357 2415 1626 2533 ⁶⁰⁰⁸⁰quef¹¹32²

1283 2515 1361 2584 alor
1375 2532 1427 2586 est
1443 2516 1608 2610 qualitas,
1663 2562 1665 2566 .

163 2584 353 2708 (Jontraria
378 2585 522 2706 proprie
544 2579 605 2655 bic
630 2585 800 2658 dicuntur
823 2585 1052 2705 duaeqnali-
1302 2614 1399 2706 Ergo
1414 2617 1591 2707 ffiggdiggg
1606 2642 1681 2690 no„
1697 2631 1748 2690 θεῖ
1763 2616 1928 2713 qualitas,
2029 2629 2032 2637 ·

63 2700 153 2760 tates
175 2705 271 2763 anter
290 2714 327 2762 se
349 2701 551 2783 oppositae,
576 2710 728 2781 quarum
753 2712 825 2757 una
846 2687 945 2778 pellit
962 2689 1049 2759 alte·
1253 2715 1359 2789 pape,
1373 2733 1426 2802 esp
1440 2719 1618 2802 robustus,
1674 2732 1676 2735 ·

61 2814 163 2876 ram,
195 2807 257 2866 ant
284 2816 435 2885 quarum
458 2813 530 2861 nna
552 2789 665 2880 posita
688 2788 727 2856 in
746 2790 915 2878 gradibus
938 2790 1051 2859 excel·
1303 2815 1398 2910 Ergo
1413 2820 1594 2891 gqiusnon
1611 2835 1662 2891 ,sp
1681 2822 1858 2892 robustus,

60 2891 239 2980 lentibus,
263 2893 374 2965 altera
394 2894 433 2962 in
458 2890 582 2961 eodem
602 2888 759 2961 subiecto
772 2890 877 2962 simul
895 2914 969 2960 non
986 2915 1050 2982 po·
1204 2936 1275 3010 sed
1289 2936 1387 3009 ium
1404 2938 1622 3011 differentias
1636 2940 1697 3012 sm
1714 2939 1911 3034 oppositio,
1936 2940 2011 3011 uh.
2028 2936 2037 3007 '3

1252 3037 1357 3111 Pater
1373 3041 1506 3129 genuit,

1303 3137 1401 3231 Ergo
1417 3142 1511 3213 filius
1527 3166 1602 3213 non
1617 3142 1751 3233 genuit.

1199 3254 1255 3333 Er
1269 3254 1335 3329 hae
1350 3260 1471 3348 regula
1485 3260 1636 3339 iudicari
1650 3272 1766 3354 potest
1780 3275 1879 3334 vetus
1889 3255 2085 3333 cavillatid:

1251 3358 1449 3451 Virginitas
1463 3376 1513 3432 est
1528 3365 1635 3448 bona,

1305 3459 1420 3552 {gitur
1435 3463 1640 3555 coniugium
1659 3486 1734 3534 non
1749 3478 1801 3536 est
1815 3465 1964 3541 bonnm.

1199 3574 1281 3648 Non
1303 3580 1397 3651 valet
1412 3582 1683 3676 consequentia,
1709 3582 1793 3675 quia
1808 3583 1944 3655 bonum
1959 3597 2011 3656 est
2024 3606 2084 3677 ge-

443 3760 451 3776 ·
1098 3701 1166 3749 nus
1187 3703 1376 3752 commune
1398 3682 1595 3772 virginitati
1617 3696 1651 3755 ct
1667 3684 1855 3774 coniugio,
1880 3709 1945 3756 nec
1961 3688 2000 3759 fis
2018 3713 2085 3781 op·
2137 3694 2139 3698 ’

390 3758 480 3828 9⁸⁰
508 3754 717 3851 ''⁰9¹‘'st
1097 3780 1225 3871 positio
1247 3780 1343 3854 iuxta
1364 3783 1594 3860 differentias.
1645 3782 1737 3855 Nam
1759 3786 1895 3877 bonum
1910 3788 2083 3879 significat

445 3929 448 3936 .
460 3915 574 3983 prm
595 3921 656 3982 m·
1097 3877 1165 3953 hoc
1178 3883 1258 3954 loco
1275 3909 1348 3955 rem
1364 3913 1384 3958 a
1397 3883 1474 3958 Deo
1490 3909 1689 3957 concessam
1704 3901 1738 3960 et
1751 3892 1957 3978 probatam,
1981 3906 2015 3965 et
2031 3906 2084 3964 est

1095 4007 1207 4074 genus
1229 3991 1464 4079 complectens
1485 4011 1610 4060 omncs
1630 4012 1686 4061 res
1709 3986 1823 4065 aDeo
1846 4015 2025 4065 concessas
2047 4009 2082 4065 et

1095 4087 1272 4178 probatas.

62 3096 116 3166 cia
146 3096 345 3180 iniustitia,
391 3094 505 3165 virtus
535 3091 684 3177 vitium,
724 3092 860 3164 laeticia
891 3093 1049 3163 tristicia.

60 3192 245 3270 Differunt
262 3212 377 3269 autem
394 3194 582 3265 contraria.
634 3190 716 3264 Alia
732 3208 813 3264 sunt
831 3192 1051 3278 immediata,

61 3310 102 3368 nt
124 3299 263 3370 siccitas
285 3313 321 3370 et
343 3293 550 3369 humiditas.
600 3293 684 3365 Alia
706 3309 790 3366 sunt
806 3294 986 3382 Mediata,
1011 3308 1051 3367 ut

61 3399 211 3487 albedo,
238 3399 398 3490 nigredo.
450 3395 544 3469 Sunt
567 3397 663 3465 enim
684 3399 792 3468 medii
809 3397 966 3484 colores,
988 3423 1050 3470 ru·

59 3500 135 3594 fus,
162 3501 305 3589 viridis,
330 3498 533 3579 coeruleus,
559 3498 696 3587 gilvus,
720 3499 851 3581 flavus,
876 3499 1005 3571 fuscus.

163 4039 269 4113 Valet
292 4039 543 4111 universaliter
566 4035 652 4109 haec
671 4038 807 4126 regula:
841 4034 943 4110 Duae
963 4062 1047 4108 con-

58 4144 191 4218 trariae
215 4142 404 4239 qualitates
422 4141 596 4232 graduum
613 4139 860 4211 excellentium
876 4139 950 4209 nou
966 4154 1049 4213 sunt

60 4246 170 4317 simul
194 4244 235 4314 in
256 4246 381 4315 eodem
403 4242 581 4328 subiecto,
606 4254 665 4326 ut,
692 4264 783 4335 aqua
800 4241 903 4311 valde
921 4242 1046 4313 calefa-

60 4360 116 4418 cts
139 4369 215 4418 non
237 4358 355 4438 potest
377 4344 484 4415 simul
508 4366 583 4414 esse
604 4342 746 4434 frigida.
785 4339 856 4413 Sed
879 4343 1047 4433 gradibus

59 4447 217 4519 remissis
246 4447 287 4517 in
310 4447 436 4517 codem
458 4444 619 4517 subiecto
641 4442 839 4516 contrariae
860 4442 1059 4537 qualitates·
1194 4427 1238 4499 1¹¹
1260 4427 1359 4499 Omni
1379 4432 1605 4522 ⁰PP⁰⁸ifi⁰ne
1626 4433 1769 4503 vitanda
1788 4445 1839 4505 ‘sl
1854 4437 2077 4528 ambiguitas.

59 4549 156 4623 inter
177 4571 215 4619 se
236 4549 510 4622 luctantesesse
523 4559 691 4639 possunt,
717 4559 777 4631 ut,
800 4570 881 4616 cum
897 4548 1045 4620 remittit
1092 4530 1185 4601 Nam
1210 4555 1293 4603 vera
1314 4533 1491 4624 oppositio
1508 4535 1570 4605 illa
1586 4534 1735 4618 dieitur,
1760 4560 1851 4629 qnae
1867 4539 2080 4632 intelligitur

58 4650 158 4723 calor
178 4649 220 4720 in
240 4672 352 4745 aqna,
376 4648 572 4740 frigiditas,
595 4671 685 4744 qnae
701 4638 754 4719 est
765 4649 939 4719 naturalis
955 4674 1041 4743 qua.
1091 4635 1138 4705 de
1165 4637 1289 4705 eodem
1316 4648 1494 4726 tempore,
1527 4637 1650 4706 eodem
1679 4638 1838 4710 subiecto
1861 4654 1896 4713 et
1917 4660 2076 4737 respectu

1461 4288 1576 4358 Testis
1596 4289 1720 4377 regala.

10 4758 18 4781 ⁸
57 4750 161 4833 litas,
187 4750 358 4844 paulatim
380 4749 508 4841 recipit
529 4752 642 4836 vires,
667 4763 702 4820 et
724 4771 845 4820 rursus
870 4749 1043 4840 extinguit
1091 4736 1268 4831 dubiem,
1292 4749 1332 4806 ut
1348 4760 1423 4805 non
1439 4738 1553 4828 placet
1566 4741 1832 4834 consequentia:

57 4853 227 4927 calorem.
277 4850 338 4924 Sic
349 4850 389 4920 in
402 4853 509 4920 corde
526 4846 800 4923 bominissimul
811 4874 883 4921 esse
895 4868 1041 4943 possunt
1243 4833 1417 4928 Aeih3⁰P⁸
1430 4854 1483 4911 0⁸1
1495 4838 1609 4926 dlbub
1634 4843 1718 4934 (tufa
1733 4845 1856 4916 denies
1871 4839 1979 4923 habet
1992 4873 2077 4921 can·

56 4977 171 5047 pavor
207 4966 242 5024 et
268 4952 424 5038 laeticia,
464 4954 525 5023 sed
555 4953 595 5023 in
626 4952 794 5042 gradibus
823 4953 978 5023 remissis
1009 4969 1042 5027 et
1298 4941 1421 5021 did⁰⁸s
1448 4954 1482 5013 ⁸2
1496 4940 1613 5031 Πῖεθΐ,
1638 4945 1722 5038 ‘1⁰5³
1738 4947 1844 5018 fati&
1861 4963 1912 5022 ⁸⁸1
1926 4963 2014 5038 ³11³,
2142 5008 2149 5019 ·

56 5055 152 5128 inter
175 5053 428 5135 reluctantes,
460 5066 522 5137 ut,
551 5052 668 5126 David
691 5078 772 5125 cnm
796 5055 1041 5144 obiurgatione
1243 5037 1698 5137 Er8⁰0⁸1³lbusstnigen
1766 5077 1768 5084 ·

54 5152 201 5229 Nathan
211 5168 476 5240 consternatus,
501 5168 620 5246 postes
636 5156 737 5227 audit
751 5155 1040 5244 consolationem,
1190 5159 1283 5233 Sunt
1299 5160 1395 5231 enim
1411 5161 1539 5235 albedo
1555 5176 1589 5236 et
1605 5164 1755 5256 nigredo
1770 5167 1810 5237 in
1824 5167 1973 5241 diversis
1988 5172 2074 5245 sub·
2127 5198 2129 5203 ·

53 5256 229 5350 paulatim
249 5280 287 5328 se
306 5256 428 5349 erigit,
450 5270 486 5329 et
510 5256 597 5327 fides
617 5257 705 5329 levit
725 5258 905 5340 dolorem,
930 5272 964 5331 et
977 5280 1038 5331 ac·
1088 5260 1187 5333 iectis
1204 5262 1388 5354 proximis.

1102 2312 1209 2394 dent,
1233 2332 1310 2381 non
1329 2311 1425 2382 iuxta
1448 2333 1559 2402 genus
1582 2326 1644 2384 aut
1664 2313 1867 2386 communia
1882 2308 2088 2395 accidentia,
2214 2410 2218 2416 .
