4538 5754
43 236 125 315 ,ω
335 187 354 287 .’
617 166 1506 307 *1u.1n1r1aoocrn1uanrnrs1can
1602 290 1605 294 2
1995 240 2072 315 aaa

43 403 144 481 Hace
157 401 327 477 deductio
342 404 388 475 ad
411 398 563 493 primam
578 421 719 471 causam
734 422 777 471 ex
796 394 953 486 vutigiis
973 417 1040 467 na·
1186 393 1300 466 Addit
1323 408 1440 466 autem
1461 394 1563 467 Plato
1587 396 1723 480 ideam,
1757 404 1852 495 quod
1884 408 1935 476 est
1957 406 2073 481 adfine

45 522 168 591 tunc,
199 506 305 575 valde
330 517 428 594 grata
451 516 503 573 est
525 503 641 573 bonae
663 500 795 586 menti,
819 513 856 570 et
874 493 1040 570 bonatus
1088 494 1293 567 Aristotelis
1308 497 1512 581 sententiae,
1538 499 1601 590 qni
1614 502 1714 570 addit
1726 503 1876 573 sormam
1894 510 2070 585 materiae.
2118 523 2124 529 '

48 611 89 681 dc
103 606 188 677 Deo
204 605 393 696 opiniones
413 603 611 677 confirmat.
1088 596 1161 667 Sed
1187 593 1394 667 Aristoteles
1412 611 1550 667 tantum
1572 599 1741 692 intelligit
1758 605 1910 674 formam
1920 655 1932 691 ,
1964 633 2071 700 quam

147 704 295 779 Rursus
315 706 423 795 igitur
446 718 481 776 et
503 698 589 791 haec
609 705 686 794 ipsa
709 700 845 773 utilitas
867 694 1041 793 physices,
1089 698 1210 767 induit
1227 697 1384 770 materia.
1435 696 1537 768 Plato
1554 722 1637 770 vero
1660 702 1776 772 ideam
1799 706 1966 796 intelligit
1981 709 2071 781 ima-

50 821 279 892 etcaeterae,
304 830 379 877 non
395 806 511 913 solum
533 806 571 876 in
597 797 666 874 hoc
688 803 805 894 operis
829 801 953 885 initio,
977 800 1039 870 sed
1089 798 1207 887 ginem
1228 798 1344 889 operis
1371 799 1409 867 in
1433 814 1551 869 mente
1575 801 1719 884 divina,
1754 804 1849 875 iuxta
1872 830 1978 900 quam
2031 826 2072 883 ut

48 909 203 981 subinde
218 908 257 979 in
271 920 344 978 toto
363 928 469 978 eursu
492 905 710 991 studiorum,
735 914 770 973 et
790 901 832 971 in
852 901 953 971 omni
966 900 1039 970 vita
1089 900 1139 969 ita
1152 899 1286 982 dicam,
1310 898 1510 989 exculpitnr
1528 901 1662 988 forma,
1688 927 1778 998 quae
1798 907 1836 975 in
1861 863 2071 999 corporibus

50 1009 335 1082 afflarentur,
1088 998 1323 1089 conspicitur,
1348 1022 1389 1067 ac
1411 1000 1502 1070 sicut
1523 997 1734 1074 architectus
1756 1005 1945 1096 imaginem
1971 1011 2069 1082 aedi-v

148 1107 301 1181 Etenim
329 1130 404 1177 non
425 1106 541 1177 solum
563 1107 603 1176 in
627 1105 759 1177 tuenda
778 1098 981 1173 valetudine
1006 1106 1041 1165 ct
1090 1100 1161 1169 licii
1176 1098 1275 1190 prius
1290 1099 1330 1167 io
1344 1113 1461 1169 mente
1478 1102 1609 1190 pingit,
1635 1105 1684 1175 ita
1698 1104 1814 1186 Deum
1834 1109 1962 1197 cogitat
1979 1112 2069 1182 ima-

52 1210 306 1294 nedicatione,
331 1206 515 1279 sedetiam
536 1207 576 1277 in
596 1205 828 1297 explicatione
855 1197 1039 1272 doctrinae
1090 1201 1210 1288 pinam
1224 1199 1331 1270 totius
1347 1200 1476 1289 opificii
1492 1204 1639 1286 mundi,
1665 1218 1700 1275 et
1720 1207 1858 1277 ordinis
1880 1233 2070 1301 corporum

52 1310 230 1405 coelestis,
263 1331 405 1380 necesse
433 1321 485 1378 est
515 1320 680 1378 naturam
704 1301 881 1387 hominis,
924 1310 1041 1390 partes
1091 1301 1374 1373 etenimantium
1395 1301 1433 1370 in
1455 1324 1517 1372 sua
1542 1317 1659 1374 mente
1678 1307 1833 1395 primum
1857 1312 1956 1402 quasi
1980 1315 2071 1383 deli-

53 1411 312 1505 etqualitates,
337 1422 373 1480 et
395 1431 581 1479 causarum
595 1406 801 1476 varietatem
822 1421 1041 1493 cognoscere.
1091 1423 1233 1482 neasce,
1274 1403 1446 1493 adquod
1477 1405 1674 1496 exemplum
1707 1409 1837 1479 deinde
1867 1412 2070 1484 universam

148 1524 473 1619 thuanqnamex
490 1524 708 1593 medicorum
725 1515 1042 1599 animadversione,
1091 1499 1293 1573 machinam
1328 1516 1361 1572 et
1391 1525 1558 1592 corpora,
1605 1519 1792 1601 motusque
1830 1512 2010 1584 stellarum
2037 1528 2072 1587 et

54 1629 208 1721 primum
224 1623 314 1697 hacc
329 1625 489 1697 doctrina
504 1637 661 1695 extructa
685 1635 756 1704 est,
778 1633 898 1691 tamen
922 1631 1042 1708 postea
1091 1601 1287 1674 mimmii
1305 1602 1501 1678 sibiifflii·
1578 1672 1586 1687 ,
2140 1608 2144 1617 ¹

55 1752 135 1801 usus
157 1740 263 1823 patet
283 1725 409 1807 latius,
439 1739 475 1797 et
498 1721 566 1795 hoc
587 1724 724 1814 ipsum,
756 1734 799 1795 ut
819 1718 911 1804 diri,
936 1716 1042 1787 bonis
1194 1717 1291 1788 llaec
1303 1721 1477 1792 sententia
1493 1719 1653 1793 Platonis
1669 1747 1710 1795 eo
1726 1738 1777 1796 est
1792 1731 1904 1821 magis
1920 1737 2072 1808 amanda

56 1830 237 1901 mentibus
270 1839 410 1917 gratum
443 1839 515 1911 est,
546 1826 643 1918 quod
673 1822 816 1895 deducit
836 1831 972 1890 mentes
996 1817 1041 1888 ad
1093 1835 1128 1893 et
1157 1821 1358 1911 probanda,
1390 1823 1487 1913 quod
1520 1823 1650 1895 diserte
1684 1827 1864 1914 adfirmat,
1895 1837 2072 1908 mundum
2135 1801 2139 1808 .

57 1931 280 2049 agnitionem
296 1924 384 2010 Dei,
410 1938 444 1996 et
459 1919 654 1995 humanam
669 1936 852 2009 naturam,
874 1934 1042 2012 tanquam
1093 1945 1168 1991 non
1182 1942 1285 2004 casu,
1310 1934 1371 1991 aut
1388 1922 1506 2015 aliqua
1532 1925 1736 1998 necessitate
1757 1931 1966 2004 confluxisse
2009 1941 2071 2009 sed

60 2032 225 2122 efigiem,
254 2028 393 2098 confert
405 2026 450 2097 ad
467 2025 638 2097 divinam.
1095 2021 1373 2102 deliberatione,
1399 2035 1433 2090 et
1452 2024 1554 2114 quasi
1578 2038 1652 2094 arte
1674 2025 1742 2096 Dei
1769 1988 2062 2109 extructum’esse

1097 2122 1182 2194 Ideo
1201 2123 1353 2193 libenter
1367 2119 1459 2192 hanc
1475 2122 1635 2194 Platonis
1655 2131 1864 2201 sententiam
1887 2135 1992 2207 initio
2015 2092 2074 2209 re«.

396 2230 456 2300 De
489 2230 708 2320 Principiis.
759 2268 763 2276 ·
1094 2224 1234 2307 censui,
1267 2237 1308 2294 ut
1329 2223 1409 2313 pius
1425 2224 1536 2295 lector
1557 2247 1615 2311 ea,
1640 2252 1730 2318 qnae
1750 2253 1855 2323 supra
1880 2235 2075 2311 dictasunt

106 2369 109 2373 ⁴
152 2377 254 2452 Cum
276 2376 378 2470 quasi
405 2373 614 2465 compositio
642 2391 830 2462 corporum
854 2365 959 2436 inmo
987 2363 1046 2432 fn,
1095 2338 1218 2396 contra
1239 2324 1379 2393 letalem
1398 2327 1656 2412 necessitatem,
1680 2346 1825 2422 repetat.

62 2483 276 2572 magam,
299 2472 489 2565 inchoatur
501 2470 645 2568 physica
662 2496 682 2544 a
700 2470 862 2542 doctrina
879 2469 923 2537 de
944 2463 1046 2557 prin·
1197 2451 1305 2526 Stoici
1320 2457 1392 2523 dno
1409 2455 1583 2546 principia
1597 2473 1747 2549 ponunt,
1769 2455 1883 2562 λόγον
1897 2460 1960 2536 καὶ
1971 2462 2076 2563 ὕλην,

62 2583 173 2676 ἀρῶ·
1096 2566 1250 2625 mentem
1272 2569 1307 2625 et
1328 2556 1528 2642 materiam,
1554 2558 1616 2651 qui
1639 2563 1735 2653 quod
1757 2564 1964 2636 efficientem
1994 2593 2077 2642 cau·
2152 2603 2158 2613 ·

161 2679 238 2752 M
265 2699 411 2773 prmus
440 2688 542 2747 vom
564 2673 659 2743 Μ
678 2668 888 2741 Aristoma,
912 2662 1048 2757 princi.
1097 2679 1170 2726 sam
1193 2655 1496 2746 complectuntur,
1528 2671 1621 2729 recte
1643 2660 1810 2738 iudicant.
1863 2664 1933 2737 Sed
1956 2685 2077 2760 postea

64 2785 182 2876 pium,
215 2781 314 2875 quod
344 2800 495 2849 cauum·
562 2773 654 2844 Nam
680 2793 803 2842 came
824 2780 925 2851 gunt,
959 2788 1049 2860 qnae
1097 2758 1153 2827 illi
1168 2770 1329 2828 aeternae
1353 2757 1461 2824 menti
1484 2762 1669 2849 compedes
1694 2761 1877 2851 inliciunt,
1910 2792 1989 2838 rum
2013 2797 2077 2845 sua

67 2899 173 2975 agunt
192 2880 332 2974 aliquid
358 2878 397 2947 in
423 2876 607 2947 effectione
629 2872 700 2957 rei,
737 2885 799 2941 aut
826 2881 911 2939 sunt
935 2880 1050 2957 partes
1098 2857 1234 2929 somnia
1259 2860 1304 2926 de
1327 2857 1532 2927 necessitate
1555 2859 1711 2941 addunt,
1753 2865 1854 2956 quasi
1883 2867 1945 2938 illa
1976 2896 2077 2944 mens

68 2977 421 3056 compituentesrem·
474 2973 523 3049 A,
545 2974 1050 3068 princpppasuntpfflegcon.
1099 2960 1178 3028 idco
1207 2958 1312 3028 talem
1334 2957 1467 3027 fuderit
1494 2962 1674 3042 ndturam,
1706 2977 1740 3032 ct
1764 2966 1801 3032 in
1824 2981 2004 3038 aeternum
2031 2975 2078 3044 ita

68 3089 272 3167 effluentes,
297 3094 358 3151 aut
374 3077 586 3148 inclinantes
605 3077 649 3145 ad
674 3072 918 3143 mutationem.
1100 3060 1187 3130 cieat
1208 3081 1303 3139 earn,
1328 3058 1411 3149 quia
1434 3080 1499 3127 nec
1518 3061 1671 3149 potuerit
1691 3063 1796 3133 aliam
1819 3067 1988 3154 fundere,
2013 3098 2079 3145 ncc

164 3199 379 3274 Aristoteles
393 3209 510 3266 autem
525 3194 653 3264 omissa
668 3213 769 3260 causa
788 3187 958 3258 efficiente
968 3182 1052 3254 uni·
1101 3161 1210 3278 Ρῡῦἧῖῑ
1224 3182 1300 3229 0³¹⁰
1318 3158 1590 3244 iliiiimffli‘a
1605 3187 1710 3253 quim
1728 3165 1818 3235 iiiut
1832 3168 1905 3237 ¹¹²st
1918 3175 2077 3256 milesias

68 3303 199 3377 versati
229 3300 395 3394 nominat
426 3297 495 3368 tria
526 3292 721 3388 principia,
753 3290 954 3370 materiam,
978 3286 1053 3353 for·
1101 3258 1359 3354 Relinquamus
1381 3283 1463 3348 ²18⁰
1486 3257 1687 3331 Stoicorum
1719 3280 1753 3336 et
1774 3267 1967 3340 multarum
1991 3275 2081 3344 alia-

67 3430 185 3486 rnam,
209 3416 245 3474 et
260 3399 509 3494 privationem.
559 3394 664 3465 Prius
678 3390 774 3461 enim
792 3388 936 3460 deducit
949 3384 1053 3456 audi·
1100 3384 1180 3480 ΠΨ
1203 3373 1378 3480 §immiti
1408 3360 1655 3445 denimentis
1691 3378 1725 3437 el
1748 3360 1972 3442 Aristotelio
2001 3398 2077 3446 ma.

65 3525 160 3581 torcs
175 3504 222 3575 ad
239 3501 422 3572 materiam
439 3513 473 3571 et
488 3519 636 3587 corpora
659 3495 698 3562 in
718 3502 905 3582 conspectu
926 3486 1054 3579 posita,
1101 3463 1269 3534 ‘immi‘
1286 3460 1509 3551 οΧΡῙΜΗΠΜ·

66 3623 100 3681 et
115 3629 247 3679 eorum
260 3602 491 3683 mutationes,
516 3610 636 3689 postea
650 3595 689 3663 in
711 3593 781 3662 fine
795 3586 956 3684 physices
980 3587 1056 3657 dis·

60 3711 156 3784 serit
170 3709 217 3777 de
238 3726 342 3775 causa
355 3701 526 3772 efficiente
546 3693 762 3779 universali,
787 3692 872 3786 quia
892 3687 1055 3760 doctrina
1102 3694 1176 3766 dut·
1200 3693 1424 3764 Aristoteles
1449 3712 1524 3764 nott
1556 3701 1602 3767 tet
1632 3694 1776 3770 Medici
1809 3698 1855 3772 at
1886 3705 2083 3782 elementi,

61 3815 112 3884 de
125 3807 225 3882 serie
241 3826 424 3876 causarum
438 3803 583 3873 tandem
597 3795 741 3868 deducit
762 3806 898 3864 mentes
917 3791 963 3861 ad
981 3787 1057 3882 pri·
1508 3792 1680 3867 ordiam-p

58 3937 166 3989 marn
182 3930 337 3981 canaam.
508 3974 512 3981 ,

175 4005 323 4083 Ordine
357 4018 475 4077 autem
518 4001 694 4077 dicemus,
741 3993 828 4089 quid
863 3989 1060 4072 materiam,

60 4118 161 4214 qnid
179 4113 352 4187 formam,
376 4105 463 4199 quid
479 4101 713 4195 privationem
731 4107 841 4166 vocet.
874 4093 945 4164 Sed
961 4091 1060 4183 prius

61 4214 256 4295 recitabo,
276 4207 457 4302 monaco
473 4228 552 4275 cum
566 4197 757 4272 Aristotele
771 4190 1060 4284 congruantPla·

62 4319 172 4395 tonis
187 4327 223 4384 et
237 4310 438 4403 Stoicorum
461 4303 667 4377 sententiae.

1207 3936 1315 4013 lnitio
1332 3940 1371 4012 in
1389 3941 1671 4016 consideratione
1686 3941 1793 4018 buius
1816 3949 1995 4023 inferioris
2018 3979 2085 4026 na-

1107 4058 1206 4116 turae
1224 4043 1483 4113 observandum
1505 4059 1575 4125 est,
1607 4046 1676 4116 alia
1701 4072 1848 4141 corpora
1872 4056 2086 4143 arsemina,

1107 4144 1177 4215 alia
1205 4144 1392 4236 simplicia.
1450 4143 1542 4217 Sun‘t
1567 4160 1684 4219 autem
1717 4151 1830 4241 prima
1856 4167 1891 4225 ct
1913 4155 2086 4246 simplicia

1110 4256 1262 4339 quatuor
1284 4245 1473 4324 elementa,
1506 4270 1580 4316 non
1605 4250 1700 4318 enim
1722 4251 1792 4319 iam
1813 4255 1858 4322 de
1874 4254 1972 4323 coelo
1996 4257 2087 4327 dici-

177 4429 283 4499 Plato
306 4424 377 4494 tria
398 4417 582 4493 constituit
599 4411 796 4507 principia,
820 4407 957 4494 Deum,
980 4404 1064 4476 Ma-
1110 4368 1205 4428 '⁰¹¹⁵’
1240 4343 1403 4415 Vidium
1427 4345 1540 4435 13⁰3⁸’
1577 4346 1652 4419 33¹⁸
1661 4402 1670 4434 2
1703 4351 1825 4443 ‘illm’
1857 4350 1981 4431 Tem·
2031 4354 2088 4431 Ex

70 4536 225 4614 teriam,
250 4539 285 4597 ct
300 4514 432 4594 ldeam.
462 4516 632 4615 ‘Erudite
646 4538 667 4584 a
680 4513 757 4582 Deo
771 4511 923 4585 orditur.
970 4504 1064 4578 Cum
1110 4442 1718 4620 ξῖηῗᾛῖιξῗᾞὲᾚᾶᾚῗίἒ
1735 4449 2089 4647 gr¹¹¹11¹p1323npe⁸⁰L

74 4637 176 4709 enim
192 4628 340 4705 materia
350 4623 428 4694 sinc
442 4620 516 4693 alio
529 4628 694 4689 movente
701 4627 736 4685 et
748 4611 937 4684 ordinante
947 4607 1065 4678 ociosa

68 4741 143 4819 sit,
165 4750 309 4803 necem
330 4740 383 4797 cst
405 4721 492 4794 addi
512 4717 720 4790 efficientem
743 4733 894 4784 causam.
945 4706 1066 4799 Qum
1215 4673 1373 4764 Quaerat
1388 4677 1497 4767 igitur
1512 4678 1662 4771 aliquis,
1687 4703 1768 4750 cum
1783 4676 1868 4754 haec
1881 4686 1955 4759 ¹sint
1975 4692 2091 4780 prima
2184 4756 2187 4763 ¹

73 4831 311 4913 Aristoteles,
333 4824 402 4898 etri
416 4823 521 4894 initio
546 4843 621 4889 uon
641 4816 725 4887 iecit
747 4811 966 4884 mentionem
989 4808 1066 4879 eili-
1114 4800 1262 4895 ⁰⁰ili⁰fi
1285 4777 1399 4847 ⁰⁶⁰¹3⁸
1419 4778 1594 4862 subiecta,
1625 4802 1690 4849 tut
1712 4805 1789 4851 non
1818 4785 1857 4855 in
1883 4782 1938 4859 his
1961 4794 2093 4865 resistit

73 4934 209 5015 dmm
223 4950 369 5012 cmm,
392 4932 646 5012 mmmmm
669 4939 747 4987 eam
770 4910 945 4985 adiunxit·
993 4907 1068 4978 De,
1114 4875 1314 4974 Physrcus?
1339 4879 1425 4970 quid
1442 4902 1530 4969 opus
1548 4892 1599 4949 est
1619 4904 1785 4974 quaerere
1806 4887 1900 4958 ultra
1918 4885 2003 4964 haec
2019 4919 2111 4966 ma-‹

74 5037 255 5113 maritos
268 5052 353 5099 vero
376 5039 413 5097 ct
425 5021 615 5116 Epicurei,
640 5040 721 5088 eum
744 5035 891 5107 prorsus
913 5008 1070 5102 relique·
1116 4981 1265 5100 {imma
1290 5002 1380 5072 ‘1¹¹³‘
1404 5001 1478 5048 ¹¹⁰⁰
1501 4979 1659 5052 ‘emim‘
1679 4985 1811 5074 ⁰⁰⁰5&
1837 4990 1907 5058 nisi
1923 5010 2095 5086 quatenus
2204 5076 2208 5083 t

77 5143 156 5215 rint
185 5130 396 5215 efficientem
426 5147 586 5206 causam,
624 5141 700 5189 non
732 5127 826 5187 reete
853 5111 1071 5194 iudicarunt,
1117 5103 1193 5176 ¹1¹⁸a
1210 5079 1381 5151 ‘liminii
1396 5082 1614 5153 struuntur?

79 5240 172 5335 quia
192 5231 342 5306 materia
374 5227 452 5297 sine
479 5225 551 5296 alio
574 5231 759 5300 movente,
798 5239 865 5285 nec
883 5202 1071 5284 ‘distribuit
1220 5211 1299 5285 Hac
1328 5216 1534 5306 quaestione
1558 5219 1748 5308 explicata,
1781 5221 1921 5296 factum
1946 5229 2098 5325 huefflgi

33 5344 42 5359 .
84 5343 164 5437 ἥρῳ
177 5358 255 5411 cese
268 5329 374 5406 certic
387 5327 544 5421 legibus,
567 5345 635 5393 nac
648 5320 719 5393 alia
731 5339 881 5411 corpora
899 5313 1021 5406 gignit·
1121 5316 1272 5411 poterit,
1304 5317 1392 5407 quid
1413 5318 1460 5388 sit
1474 5320 1571 5455 apud
1584 5316 1756 5421 Physicos
1772 5328 1930 5403 materia,
