4538 5754
118 231 192 305 119
353 214 562 309 semem
594 217 673 297 rn.
701 215 821 298 nnn.
846 217 916 295 ao
938 217 1067 299 rusr.
1093 215 1238 298 mor.
1265 215 1335 293 er
1358 186 1556 292 anuos.
1583 209 1907 292 srccmnrn.
2075 219 2151 292 120

353 387 684 479 Quidestseusus
704 387 872 464 Tactus?
1253 385 1330 471 De
1374 384 1631 472 sensibus
1675 385 2047 471 interioribus.

230 542 296 618 Est
308 564 431 620 sensus
446 539 645 633 percipiens
657 541 792 633 primas
807 544 994 638 qualitates
1009 539 1113 632 pelli·
1383 547 1481 636 Quid
1509 555 1565 621 m
1587 569 1722 621 „mm
1744 545 1927 622 intpp-por?

129 651 209 731 cula
222 667 350 718 nervea
367 665 517 736 expansa
532 665 596 738 per
610 666 751 714 carnem
765 657 839 716 toto
856 666 1016 736 corpore.
1034 651 1113 712 tan·
1403 650 1413 669 ¹

130 774 236 846 quam
257 746 336 817 reti.
1265 711 1332 787 Est
1345 715 1501 808 potentia
1515 715 1680 804 organica
1693 714 1788 786 intra
1798 714 1959 786 cranium
1969 718 2015 787 ad
2025 719 2151 807 cogni·

1164 816 1298 887 tionem
1320 819 1429 899 facta,
1455 818 1667 890 antecellens
1688 817 1843 887 actiones
1864 839 2030 886 sensuum
2053 834 2150 891 exte-

1163 919 1313 992 riorum.
1362 916 1454 988 Nam
1477 918 1509 988 si
1532 915 1724 987 animantia
1748 929 1885 988 tantum
1904 913 2152 1009 adprehende-

336 974 442 1064 Quod
466 985 526 1050 Μ
549 997 736 1074 ‘libanum
756 975 912 1052 ¹⁰⁰in
1166 1031 1247 1090 rent
1276 1018 1414 1090 obiecta
1438 1019 1515 1088 sine
1534 1018 1792 1088 diiudicatione
1814 1031 1850 1090 et
1873 1018 1950 1088 sine
1972 1023 2151 1112 composi-

234 1127 284 1202 Ut
298 1129 400 1199 nervi
413 1128 560 1200 coeteris
582 1129 742 1200 sensibus
759 1120 834 1201 vim
849 1127 1026 1201 sentiendi
1047 1127 1116 1196 im·
1167 1121 1284 1201 tione,
1314 1144 1376 1191 scu
1406 1120 1644 1213 qualicunque
1671 1119 1961 1203 ratiocinatione,
1994 1136 2151 1212 quantu-

132 1231 311 1325 pertiunt,
333 1231 542 1301 itaconstat
562 1243 673 1302 tactus
689 1254 860 1323 organum
880 1254 953 1301 esse
967 1229 1117 1323 pellicu-
1165 1221 1241 1292 lum
1264 1222 1446 1313 prodesset
1468 1221 1530 1291 ille
1553 1221 1716 1291 incursus
1738 1221 1957 1291 obiectorum
1981 1221 2020 1290 in
2035 1236 2151 1292 exter-

132 1335 204 1403 lam
226 1355 391 1401 nerveam
414 1331 582 1403 intextam
605 1331 722 1418 carni,
748 1345 823 1404 toto
852 1320 1017 1424 corpore,
1049 1331 1117 1401 sub
1166 1345 1233 1392 nos
1258 1322 1404 1392 sensus?
1453 1318 1521 1392 Est
1538 1344 1621 1410 ergo
1643 1321 1761 1390 addita
1783 1321 1944 1392 sensibus
1967 1322 2152 1393 exteriori·

132 1447 286 1504 extrema
301 1445 399 1518 cute,
422 1455 531 1526 eaque
547 1433 712 1523 pellicula
733 1447 931 1526 comparet,
957 1454 1117 1526 quacun·
1166 1424 1234 1493 buc
1255 1423 1325 1492 alia
1346 1422 1509 1515 superior
1522 1422 1687 1505 facultas,
1713 1421 1824 1511 magis
1837 1422 2019 1508 miranda,
2045 1448 2151 1518 quam

132 1559 202 1630 que
218 1534 334 1604 carnis
351 1546 450 1626 parte
468 1533 626 1603 dissecta.
1165 1524 1315 1614 simplex
1329 1519 1567 1616 adprehensis
1580 1546 1747 1593 sensuum
1764 1522 1989 1593 exteriorum.
2115 1602 2120 1611 s

235 1665 364 1741 Oritur
380 1681 496 1740 autem
513 1691 533 1737 a
548 1667 667 1737 nervis
684 1681 718 1741 et
740 1668 873 1740 cerebri
890 1683 924 1742 et
941 1670 1118 1741 medullae

35 1807 38 1821 ι
133 1769 301 1863 spinalis,
332 1769 398 1840 etsi
420 1782 552 1842 tactum
575 1769 745 1839 acriorem
768 1772 995 1863 suppeditant
1016 1770 1119 1842 nervi
1359 1775 1454 1857 Quot
1474 1778 1564 1843 sunt
1586 1789 1722 1842 sensus
1743 1765 1970 1842 interiores?

136 1872 357 1956 subtiliores,
378 1870 543 1961 videlicet
562 1871 744 1961 propagati
765 1895 786 1942 a
808 1873 972 1960 cerebro,
996 1871 1118 1966 utqui

134 1974 179 2043 ad
196 1970 374 2064 capsulam
390 1971 529 2056 cordis,
553 1971 637 2041 item
652 1972 716 2064 qui
731 1973 775 2041 ad
789 1971 964 2044 orificium
982 1973 1118 2045 ventri-

136 2073 208 2145 culi
223 2075 454 2146 descendunt.

1267 1918 1436 1990 Actiones
1449 1920 1661 1990 interiorum
1674 1940 1839 1988 sensuum
1857 1919 1975 2008 plures
1989 1942 2062 1991 esse
2074 1945 2153 1989 ma-

1168 2021 1335 2091 nifestum
1364 2034 1435 2105 est,
1466 2021 1644 2091 videlicet:
1678 2017 1970 2089 diiudicationem
1992 2021 2152 2092 obiecto·

798 2195 801 2204 ,
1167 2145 1266 2205 rum,
1299 2121 1530 2207 memoriam,
1555 2135 1591 2192 et
1611 2120 1900 2212 compositionem
1923 2144 1985 2191 scu
2008 2121 2152 2192 ratioci-

239 2202 403 2276 Midlum
416 2226 509 2322 ,Vim
530 2226 595 2296 Pel
617 2204 712 2295 ‘1¹¹0d
734 2205 836 2274 ”elil
851 2228 913 2276 ⁸²¹¹
935 2205 1120 2297 llilllffllae
1168 2222 1370 2308 nationem,
1398 2237 1439 2292 ut
1459 2221 1533 2292 Leo
1554 2220 1690 2294 Romae
1714 2221 1754 2289 in
1775 2220 1868 2290 circo
1890 2222 2016 2292 videns
2038 2222 2153 2290 medi·
2182 2267 2184 2271 v

135 2314 269 2377 latium
292 2306 511 2396 perditum,
545 2317 598 2375 ²⁸¹
616 2327 696 2375 ⁰³l⁰
722 2305 814 2374 bene
838 2307 1025 2399 ἅῖδΡῦδῑῑὸ,
1058 2321 1120 2377 ὃΰῐ
1169 2347 1268 2402 cnm,
1293 2323 1356 2414 qui
1378 2322 1447 2414 ipsi
1469 2323 1655 2393 vulnerato
1679 2322 1818 2413 spinam
1839 2322 1926 2391 olim
1945 2313 2152 2410 extraxerat,

136 2431 177 2478 os
198 2407 257 2477 cui
280 2428 411 2476 nervus
439 2405 621 2522 inseritur.
669 2403 761 2522 Nam
786 2418 821 2477 et
840 2409 963 2478 dentes
987 2420 1118 2478 tactum
1169 2424 1253 2516 quia
1269 2414 1464 2492 steinuemt
1477 2423 1516 2491 in
1529 2422 1673 2492 cerebro
1688 2421 1838 2512 speciem
1852 2421 1943 2506 eiua,
1969 2435 2003 2491 et
2018 2446 2153 2493 memo.

135 2508 348 2600 percipiunt.
417 2505 625 2574 Aristoteles
646 2527 765 2595 paucas
792 2508 909 2579 verbis
932 2509 971 2577 in
996 2509 1120 2579 libello
1168 2525 1259 2593 riam
1276 2522 1455 2606 beneficii,
1480 2523 1624 2611 agnovit
1640 2545 1738 2606 eum,
1763 2533 1873 2592 staua
1887 2525 2037 2615 quadam
2053 2529 2170 2593 eom

136 2611 181 2678 (le
219 2629 325 2679 ⁸²⁰⁸¹¹
357 2606 500 2676 videm?
535 2606 708 2674 ⁰⁰¹¹⁰⁰³f0
740 2629 912 2695 “Binum
942 2624 1054 2681 facim
1080 2611 1119 2679 5¹¹
1169 2623 1345 2716 positione
1373 2623 1535 2694 distinxit
1560 2622 1726 2702 ebullis,
1760 2635 1794 2693 et
1815 2624 1915 2714 quasi
1935 2624 2153 2693 ratiocinans

136 2710 263 2794 corde,
288 2708 445 2777 fortassis
460 2729 520 2789 eo,
546 2707 640 2798 quod
658 2706 740 2775 inde
756 2731 882 2779 nervos
898 2710 987 2780 oriri
1009 2725 1120 2804 putat.
1169 2723 1351 2796 blanditus
1371 2736 1422 2794 est
1437 2723 1488 2808 ei,
1512 2737 1552 2796 ut
1566 2735 1652 2794 tunc
1666 2721 1819 2804 solebat,
1842 2746 1922 2793 cum
1941 2724 2153 2794 beneficium

137 2808 209 2882 Sed
224 2833 290 2880 nos
306 2831 383 2879 eam
397 2807 602 2918 opinionem
618 2829 692 2876 non
707 2810 961 2900 amplectimur.
1169 2824 1313 2917 accepit.

1271 2939 1346 3010 lam
1377 2939 1486 3029 igitur
1513 2940 1670 3034 quaestio
1694 2952 1764 3027 est,
1794 2935 1948 3010 anlraec
1970 2941 2153 3011 actionum

416 3039 523 3129 Quod
548 3051 607 3115 est
631 3038 840 3116 obiectum?
1170 3042 1355 3113 diversitas
1382 3042 1421 3111 in
1448 3065 1522 3111 uno
1547 3042 1626 3111 loco
1648 3064 1711 3111 seu
1734 3063 1867 3131 organo
1891 3042 1970 3126 liat,
2002 3055 2036 3110 et
2061 3065 2153 3132 qno-

218 3188 445 3276 -Qnalitates
479 3192 637 3282 primae:
697 3187 884 3270 Caliditas,
924 3191 1119 3282 frigiditas,
1171 3144 1277 3212 m⁰d⁰
1294 3140 1379 3212 fiii?
1543 3258 1552 3277 ,
2014 3257 2023 3274 υ
2078 3258 2086 3272 ¹

138 3286 350 3374 humiditas,
381 3289 535 3369 siccitas,
559 3303 594 3359 et
616 3290 705 3359 „1539
725 3291 917 3381 quaem,
945 3317 1035 3383 qu„
1057 3289 1121 3364 h„
1269 3255 1358 3328 Esse
1378 3270 1496 3327 autem
1516 3261 1653 3328 deversa
1669 3281 1800 3348 organa
1816 3253 2105 3352 adprehensroms
2120 3270 2156 3327 et

140 3390 300 3460 ,mimi
326 3389 457 3460 solent:
490 3392 642 3473 dmum,
673 3390 802 3468 molle,
829 3412 1014 3481 „pemm'
1045 3394 1121 3485 gla-
1170 3359 1380 3443 memoriae,
1404 3357 1490 3427 inde
1501 3358 1727 3477 manifestum
1743 3373 1813 3475 est,
1838 3359 1922 3452 quia
1937 3357 2154 3473 experientia

138 3490 262 3575 hm,
285 3512 411 3578 grav„
436 3490 534 3570 leve,
558 3490 727 3576 densum,
752 3513 900 3560 mum,
1171 3472 1391 3551 compertum
1409 3471 1479 3542 est,
1505 3471 1620 3529 amitti
1635 3482 1841 3530 memoriam
1858 3483 1931 3529 non
1947 3472 2073 3527 amussa
2088 3460 2154 3526 ad-

1172 3553 1416 3650 prehensione.
1469 3555 1516 3630 Ut
1526 3554 1754 3652 Thucydides
1769 3562 1970 3631 describens
1984 3559 2154 3648 pestilen-

1171 3660 1255 3730 tiam
1269 3656 1443 3739 Atticam,
1466 3673 1590 3730 narrat
1602 3661 1771 3753 quosdam
1787 3685 1867 3731 cum
1883 3658 2156 3741 convaluissent,

1171 3773 1290 3831 tamen
1310 3759 1419 3830 fuisse
1439 3761 1528 3829 adeo
1553 3761 1696 3830 orbatos
1715 3761 1905 3844 memoria,
1931 3772 1971 3828 nt
1991 3783 2056 3828 nec
2078 3783 2154 3828 sese

247 3872 417 3968 Quinque
455 3873 690 3952 nominantur
728 3873 866 3944 obiecta
908 3877 1122 3961 communia,
1171 3884 1236 3931 nec
1252 3883 1334 3930 suos
1350 3858 1544 3930 familiares
1556 3875 1709 3931 nossent.
1744 3858 1793 3930 Hi
1804 3874 1922 3931 tamen
1932 3860 2063 3953 cibum,
2086 3882 2154 3949 po·

142 3974 223 4066 quia
245 3998 265 4043 a
288 3976 451 4066 pluribus
482 3976 643 4045 sensibus
671 3974 932 4066 percipiuntur:
976 3975 1120 4067 Magni·
1170 3975 1267 4042 tum,
1291 3974 1326 4031 θῑ
1341 3958 1470 4032 Similia
1485 3963 1722 4050 agnoscebant
1735 3975 1770 4032 el
1785 3961 2054 4030 discernebassls

140 4077 245 4159 tudo,
270 4077 404 4166 figura,
436 4097 626 4159 numerus,
651 4087 785 4158 motus,
810 4075 920 4166 quies.
971 4074 1041 4146 Hic
1058 4105 1121 4147 vo·
1274 4075 1416 4148 illustre
1436 4078 1578 4166 signum
1599 4091 1634 4149 et
1654 4072 1722 4148 boc
1744 4092 1802 4148 est.
1818 4077 2031 4149 diversitatis
2049 4101 2156 4165 orga-

140 4176 218 4245 lens
246 4177 374 4250 omitto
404 4174 664 4259 cavillationes,
697 4198 788 4267 quae
816 4191 1049 4267 opponuntur
1078 4182 1121 4249 de
1171 4201 1323 4264 uorum,
1352 4180 1448 4271 quod
1478 4178 1517 4247 in
1545 4180 1720 4249 medendo
1748 4179 1970 4271 adplicantur
1996 4180 2154 4248 remedia

143 4279 266 4362 modo,
291 4303 362 4373 quo
382 4277 627 4372 percipiuntur
647 4270 732 4345 haec
755 4279 955 4346 communia
974 4280 1121 4353 obiecta.
1171 4302 1235 4370 pro
1265 4279 1430 4351 facultate
1458 4280 1651 4349 memoriae
1682 4281 1726 4349 ad
1755 4282 1988 4370 posteriomm
2016 4280 2153 4348 cerebri

147 4372 195 4447 Ac
210 4381 292 4448 satis
309 4395 361 4453 est
375 4381 482 4464 scire,
506 4378 612 4448 talem
627 4398 701 4446 esse
719 4388 894 4448 naturam.
942 4375 1055 4450 Color
1069 4396 1121 4452 est
1170 4394 1317 4471 partem.
1357 4375 1576 4457 Conturbata
1588 4379 1856 4449 ratiocinatione
1867 4383 2154 4450 medemurante-

147 4475 344 4570 incorpore
366 4483 461 4575 quod
483 4475 589 4551 babet
610 4477 846 4549 latitudinem.
896 4475 995 4549 Cum.
1013 4482 1121 4572 igitur
1169 4481 1259 4551 riori
1279 4479 1374 4573 parti
1392 4502 1454 4549 seu
1471 4479 1617 4551 mediae.
1667 4474 1811 4553 Distant
1826 4482 1933 4571 igitur
1950 4481 2035 4549 locis
2050 4502 2154 4568 orga-

146 4573 241 4646 color
261 4582 373 4652 oculis
397 4594 579 4662 cernatur,
604 4601 743 4651 necesse
766 4592 818 4649 est
841 4591 875 4649 et
895 4579 1120 4653 latitudinem
1169 4605 1228 4652 na.
1278 4580 1347 4652 His
1360 4579 1570 4651 coniecturis
1587 4602 1662 4649 non
1674 4580 1776 4650 vanis
1791 4582 1949 4652 contenti
1963 4582 2095 4664 simus,
2118 4596 2155 4651 et

146 4680 318 4766 conspici,
350 4706 440 4774 quae
463 4693 515 4752 est
534 4680 754 4771 magnitudo.
813 4677 865 4750 lta
886 4681 983 4752 calor
1004 4697 1055 4755 est
1080 4684 1119 4754 in
1170 4682 1389 4752 mirabilium
1411 4681 1451 4751 in
1472 4683 1615 4752 cerebro
1636 4680 1815 4752 actionum
1840 4696 1873 4751 et
1897 4681 2155 4751 instrumento-

145 4799 289 4867 curpure
303 4787 399 4876 quod
416 4779 521 4852 babet
536 4781 776 4853 latitudinem.
826 4777 918 4853 Cum
939 4784 1048 4873 igitur
1061 4808 1120 4855 ca-
1169 4807 1250 4853 rum
1271 4780 1559 4854 consideratione·
1573 4803 1796 4864 moveamur,
1821 4795 1862 4851 nt
1877 4781 1921 4850 de
1936 4778 2011 4851 Deo
2028 4782 2155 4870 opifice

144 4874 201 4944 lor
221 4890 312 4953 tactu
336 4883 530 4978 percipitur
552 4881 590 4950 in
608 4882 878 4974 corporelongo
892 4896 926 4954 et
942 4885 1034 4971 lato,
1055 4909 1121 4957 ne-
1170 4884 1380 4973 cogitemus,
1406 4894 1442 4954 et
1465 4882 1582 4973 ipsum
1606 4882 1809 4966 cerebrum,
1835 4883 1931 4974 quod
1955 4880 2042 4978 lucis
2057 4883 2154 4950 divi-

144 4997 237 5048 cesse
249 4987 415 5065 estsimul
431 5009 471 5057 ea
486 4982 603 5074 spacia
617 4984 713 5074 tangi
726 4997 761 5056 et
773 4982 918 5076 percipi.
1170 5008 1237 5056 nae
1251 4983 1473 5056 domicilium
1488 4995 1559 5067 est,
1584 4982 1717 5052 maiore
1732 5005 1814 5053 cura
1829 4998 2002 5060 tueamur.

1270 5095 1348 5171 Etsi
1370 5111 1486 5169 autem
1511 5098 1575 5167 alii
1595 5097 1699 5170 aliter
1715 5111 1902 5168 numerant
1919 5119 2042 5167 sensus
2060 5097 2154 5168 inte-

1172 5199 1303 5284 riores,
1330 5212 1447 5269 tamen
1469 5222 1551 5270 cum
1573 5220 1766 5270 consensus
1786 5197 1830 5268 sit
1854 5200 1898 5265 de
1919 5197 2053 5287 reipsa,
2077 5221 2151 5268 non

1172 5316 1223 5373 est
1237 5323 1327 5396 opus
1342 5298 1481 5391 litigare
1494 5301 1539 5371 de
1551 5301 1659 5371 modo
1672 5297 1957 5373 enumerationis.

315 3729 411 3813 Quot
432 3730 522 3812 sunt
544 3721 689 3796 obiecta
710 3722 947 3798 communio?
