<?xml version="1.0" encoding="UTF-8"?>
<!DOCTYPE html PUBLIC "-//W3C//DTD XHTML 1.0 Transitional//EN"
    "http://www.w3.org/TR/xhtml1/DTD/xhtml1-transitional.dtd">
<html xmlns="http://www.w3.org/1999/xhtml" xml:lang="en" lang="en">
 <head>
  <title>
</title>
<meta http-equiv="Content-Type" content="text/html;charset=utf-8" />
  <meta name='ocr-system' content='tesseract 3.04.00' />
  <meta name='ocr-capabilities' content='ocr_page ocr_carea ocr_par ocr_line ocrx_word'/>
</head>
<body>
  <div class='ocr_page' id='page_1' title='image "./corpusreformato11melagoog_0435.png"; bbox 0 0 4538 5754; ppageno 0'>
   <div class='ocr_carea' id='block_1_1' title="bbox 193 208 2218 310">
    <p class='ocr_par' dir='ltr' id='par_1_1' title="bbox 193 208 2218 310">
     <span class='ocr_line' id='line_1_1' title="bbox 193 208 2218 310; baseline 0.008 -17"><span class='ocrx_word' id='word_1_1' title='bbox 193 222 270 300; x_wconf 73' lang='grc'>848</span> <span class='ocrx_word' id='word_1_2' title='bbox 731 282 735 288; x_wconf 87' lang='grc'><strong>,</strong></span> <span class='ocrx_word' id='word_1_3' title='bbox 788 210 916 286; x_wconf 72' lang='lat' dir='ltr'>enta.</span> <span class='ocrx_word' id='word_1_4' title='bbox 941 208 1059 285; x_wconf 74' lang='lat' dir='ltr'>Mna.</span> <span class='ocrx_word' id='word_1_5' title='bbox 1087 208 1299 290; x_wconf 81' lang='lat' dir='ltr'><strong>SCRIPTA</strong></span> <span class='ocrx_word' id='word_1_6' title='bbox 1324 212 1624 295; x_wconf 69' lang='lat' dir='ltr'>exsufflet.</span> <span class='ocrx_word' id='word_1_7' title='bbox 2145 233 2218 310; x_wconf 83' lang='lat' dir='ltr'>stt</span> 
     </span>
    </p>
   </div>
   <div class='ocr_carea' id='block_1_2' title="bbox 45 380 2263 4239">
    <p class='ocr_par' dir='ltr' id='par_1_2' title="bbox 167 380 2263 1104">
     <span class='ocr_line' id='line_1_2' title="bbox 167 380 2218 495; baseline -0.006 -29"><span class='ocrx_word' id='word_1_8' title='bbox 167 392 267 470; x_wconf 44' lang='lat' dir='ltr'>‘coli</span> <span class='ocrx_word' id='word_1_9' title='bbox 294 405 330 463; x_wconf 91' lang='lat' dir='ltr'>et</span> <span class='ocrx_word' id='word_1_10' title='bbox 364 386 578 479; x_wconf 83' lang='lat' dir='ltr'>magnifieri,</span> <span class='ocrx_word' id='word_1_11' title='bbox 612 397 647 465; x_wconf 83' lang='lat' dir='ltr'>et</span> <span class='ocrx_word' id='word_1_12' title='bbox 669 380 711 454; x_wconf 88' lang='lat' dir='ltr'>fit</span> <span class='ocrx_word' id='word_1_13' title='bbox 740 406 846 474; x_wconf 88' lang='lat' dir='ltr'>asper.</span> <span class='ocrx_word' id='word_1_14' title='bbox 864 407 940 451; x_wconf 93' lang='lat' dir='ltr'>non</span> <span class='ocrx_word' id='word_1_15' title='bbox 967 381 1211 495; x_wconf 59' lang='lat' dir='ltr'>colentibus!</span> <span class='ocrx_word' id='word_1_16' title='bbox 1333 387 1501 484; x_wconf 88' lang='lat' dir='ltr'>Requirit</span> <span class='ocrx_word' id='word_1_17' title='bbox 1534 391 1811 484; x_wconf 90' lang='lat' dir='ltr'>poenitentiam,</span> <span class='ocrx_word' id='word_1_18' title='bbox 1862 423 1927 471; x_wconf 73' lang='lat' dir='ltr'>nee</span> <span class='ocrx_word' id='word_1_19' title='bbox 1958 415 2080 475; x_wconf 55' lang='lat' dir='ltr'>tamen</span> <span class='ocrx_word' id='word_1_20' title='bbox 2115 406 2218 477; x_wconf 59' lang='lat' dir='ltr'>„mit</span> 
     </span>
     <span class='ocr_line' id='line_1_3' title="bbox 195 480 2217 585; baseline 0.004 -18"><span class='ocrx_word' id='word_1_21' title='bbox 195 495 367 585; x_wconf 78' lang='lat' dir='ltr'>Exempla</span> <span class='ocrx_word' id='word_1_22' title='bbox 400 489 551 561; x_wconf 78' lang='lat' dir='ltr'>illustria</span> <span class='ocrx_word' id='word_1_23' title='bbox 588 485 857 576; x_wconf 88' lang='lat' dir='ltr'>conspiciuntur</span> <span class='ocrx_word' id='word_1_24' title='bbox 895 484 934 554; x_wconf 94' lang='lat' dir='ltr'>in</span> <span class='ocrx_word' id='word_1_25' title='bbox 965 480 1180 570; x_wconf 84' lang='lat' dir='ltr'>Alexandro,</span> <span class='ocrx_word' id='word_1_26' title='bbox 1231 513 1338 581; x_wconf 88' lang='lat' dir='ltr'>opera</span> <span class='ocrx_word' id='word_1_27' title='bbox 1361 492 1490 562; x_wconf 89' lang='lat' dir='ltr'>mereri</span> <span class='ocrx_word' id='word_1_28' title='bbox 1515 494 1778 582; x_wconf 74' lang='lat' dir='ltr'>remissionem,</span> <span class='ocrx_word' id='word_1_29' title='bbox 1811 496 2015 576; x_wconf 88' lang='lat' dir='ltr'>Necessaria</span> <span class='ocrx_word' id='word_1_30' title='bbox 2044 491 2153 578; x_wconf 30' lang='lat' dir='ltr'>enim*</span> <span class='ocrx_word' id='word_1_31' title='bbox 2171 521 2217 581; x_wconf 83' lang='lat' dir='ltr'>est</span> 
     </span>
     <span class='ocr_line' id='line_1_4' title="bbox 195 583 2217 691; baseline 0.001 -22"><span class='ocrx_word' id='word_1_32' title='bbox 195 597 368 688; x_wconf 85' lang='lat' dir='ltr'>Pompeio</span> <span class='ocrx_word' id='word_1_33' title='bbox 398 609 432 663; x_wconf 87' lang='lat' dir='ltr'>et</span> <span class='ocrx_word' id='word_1_34' title='bbox 456 590 615 662; x_wconf 84' lang='lat' dir='ltr'>Caesare.</span> <span class='ocrx_word' id='word_1_35' title='bbox 667 583 883 657; x_wconf 75' lang='lat' dir='ltr'>Existimant</span> <span class='ocrx_word' id='word_1_36' title='bbox 909 609 970 656; x_wconf 89' lang='lat' dir='ltr'>sua</span> <span class='ocrx_word' id='word_1_37' title='bbox 997 586 1181 677; x_wconf 70' lang='lat' dir='ltr'><strong>sapientia,</strong></span> <span class='ocrx_word' id='word_1_38' title='bbox 1233 591 1449 684; x_wconf 84' lang='lat' dir='ltr'>poenitentia</span> <span class='ocrx_word' id='word_1_39' title='bbox 1475 618 1536 664; x_wconf 89' lang='lat' dir='ltr'>seu</span> <span class='ocrx_word' id='word_1_40' title='bbox 1558 596 1744 683; x_wconf 88' lang='lat' dir='ltr'>contritio,</span> <span class='ocrx_word' id='word_1_41' title='bbox 1767 601 1828 691; x_wconf 81' lang='lat' dir='ltr'>sed</span> <span class='ocrx_word' id='word_1_42' title='bbox 1852 627 1926 674; x_wconf 91' lang='lat' dir='ltr'>uon</span> <span class='ocrx_word' id='word_1_43' title='bbox 1954 621 2006 679; x_wconf 88' lang='lat' dir='ltr'>est</span> <span class='ocrx_word' id='word_1_44' title='bbox 2031 633 2137 680; x_wconf 77' lang='lat' dir='ltr'>causa</span> <span class='ocrx_word' id='word_1_45' title='bbox 2157 632 2217 680; x_wconf 74' lang='lat' dir='ltr'>nee</span> 
     </span>
     <span class='ocr_line' id='line_1_5' title="bbox 199 686 2217 790; baseline -0.003 -19"><span class='ocrx_word' id='word_1_46' title='bbox 199 723 261 771; x_wconf 89' lang='lat' dir='ltr'>sua</span> <span class='ocrx_word' id='word_1_47' title='bbox 286 699 414 766; x_wconf 90' lang='lat' dir='ltr'>virtute</span> <span class='ocrx_word' id='word_1_48' title='bbox 441 707 475 762; x_wconf 88' lang='lat' dir='ltr'>et</span> <span class='ocrx_word' id='word_1_49' title='bbox 500 690 675 784; x_wconf 86' lang='lat' dir='ltr'>potentia,</span> <span class='ocrx_word' id='word_1_50' title='bbox 701 703 754 758; x_wconf 90' lang='lat' dir='ltr'>tot</span> <span class='ocrx_word' id='word_1_51' title='bbox 777 686 942 758; x_wconf 84' lang='lat' dir='ltr'>victorias</span> <span class='ocrx_word' id='word_1_52' title='bbox 958 706 1074 778; x_wconf 90' lang='lat' dir='ltr'>partas</span> <span class='ocrx_word' id='word_1_53' title='bbox 1095 712 1181 772; x_wconf 89' lang='lat' dir='ltr'>esse,</span> <span class='ocrx_word' id='word_1_54' title='bbox 1233 694 1398 763; x_wconf 87' lang='lat' dir='ltr'>meritum</span> <span class='ocrx_word' id='word_1_55' title='bbox 1422 696 1641 766; x_wconf 74' lang='lat' dir='ltr'>remissionis</span> <span class='ocrx_word' id='word_1_56' title='bbox 1670 715 1903 790; x_wconf 88' lang='lat' dir='ltr'>peccatorum.</span> <span class='ocrx_word' id='word_1_57' title='bbox 1954 706 2028 780; x_wconf 68' lang='lat' dir='ltr'>Nee</span> <span class='ocrx_word' id='word_1_58' title='bbox 2044 705 2113 780; x_wconf 71' lang='lat' dir='ltr'>hoc</span> <span class='ocrx_word' id='word_1_59' title='bbox 2136 710 2217 782; x_wconf 59' lang='lat' dir='ltr'>dicit</span> 
     </span>
     <span class='ocr_line' id='line_1_6' title="bbox 199 790 2217 903; baseline 0.002 -30"><span class='ocrx_word' id='word_1_60' title='bbox 199 817 234 873; x_wconf 89' lang='lat' dir='ltr'>et</span> <span class='ocrx_word' id='word_1_61' title='bbox 263 823 299 869; x_wconf 90' lang='lat' dir='ltr'>se</span> <span class='ocrx_word' id='word_1_62' title='bbox 331 797 483 866; x_wconf 90' lang='lat' dir='ltr'>invictos</span> <span class='ocrx_word' id='word_1_63' title='bbox 513 815 598 863; x_wconf 87' lang='lat' dir='ltr'>esse.</span> <span class='ocrx_word' id='word_1_64' title='bbox 650 790 734 861; x_wconf 88' lang='lat' dir='ltr'>ldeo</span> <span class='ocrx_word' id='word_1_65' title='bbox 760 803 992 859; x_wconf 87' lang='lat' dir='ltr'>contemnunt</span> <span class='ocrx_word' id='word_1_66' title='bbox 1015 803 1181 874; x_wconf 89' lang='lat' dir='ltr'>caeteros,</span> <span class='ocrx_word' id='word_1_67' title='bbox 1218 794 1384 881; x_wconf 84' lang='lat' dir='ltr'>Daniel,</span> <span class='ocrx_word' id='word_1_68' title='bbox 1407 799 1467 866; x_wconf 90' lang='lat' dir='ltr'>sed</span> <span class='ocrx_word' id='word_1_69' title='bbox 1486 800 1656 890; x_wconf 88' lang='lat' dir='ltr'>praecipit</span> <span class='ocrx_word' id='word_1_70' title='bbox 1672 803 1920 877; x_wconf 76' lang='lat' dir='ltr'>cessationem:</span> <span class='ocrx_word' id='word_1_71' title='bbox 1950 807 2217 903; x_wconf 82' lang='lat' dir='ltr'>Auierpecoata</span> 
     </span>
     <span class='ocr_line' id='line_1_7' title="bbox 197 891 2217 1006; baseline 0.002 -34"><span class='ocrx_word' id='word_1_72' title='bbox 197 902 267 976; x_wconf 90' lang='lat' dir='ltr'>sibi</span> <span class='ocrx_word' id='word_1_73' title='bbox 281 897 490 991; x_wconf 91' lang='lat' dir='ltr'>permittunt</span> <span class='ocrx_word' id='word_1_74' title='bbox 504 893 704 978; x_wconf 86' lang='lat' dir='ltr'>licentiam,</span> <span class='ocrx_word' id='word_1_75' title='bbox 728 903 763 961; x_wconf 93' lang='lat' dir='ltr'>et</span> <span class='ocrx_word' id='word_1_76' title='bbox 777 905 889 961; x_wconf 92' lang='lat' dir='ltr'>ruunt</span> <span class='ocrx_word' id='word_1_77' title='bbox 905 891 942 958; x_wconf 93' lang='lat' dir='ltr'>in</span> <span class='ocrx_word' id='word_1_78' title='bbox 959 892 1056 960; x_wconf 86' lang='lat' dir='ltr'>varia</span> <span class='ocrx_word' id='word_1_79' title='bbox 1073 893 1182 960; x_wconf 89' lang='lat' dir='ltr'>scele-</span> <span class='ocrx_word' id='word_1_80' title='bbox 1232 910 1293 966; x_wconf 91' lang='lat' dir='ltr'>tua</span> <span class='ocrx_word' id='word_1_81' title='bbox 1315 920 1378 987; x_wconf 92' lang='lat' dir='ltr'>per</span> <span class='ocrx_word' id='word_1_82' title='bbox 1400 896 1598 981; x_wconf 90' lang='lat' dir='ltr'>iusticiam,</span> <span class='ocrx_word' id='word_1_83' title='bbox 1630 901 1667 969; x_wconf 93' lang='lat' dir='ltr'>id</span> <span class='ocrx_word' id='word_1_84' title='bbox 1685 915 1752 987; x_wconf 90' lang='lat' dir='ltr'>est,</span> <span class='ocrx_word' id='word_1_85' title='bbox 1777 929 1891 991; x_wconf 88' lang='lat' dir='ltr'>cessa,</span> <span class='ocrx_word' id='word_1_86' title='bbox 1919 910 2041 981; x_wconf 88' lang='lat' dir='ltr'>desine</span> <span class='ocrx_word' id='word_1_87' title='bbox 2063 938 2217 1006; x_wconf 82' lang='lat' dir='ltr'>peccare,</span> 
     </span>
     <span class='ocr_line' id='line_1_8' title="bbox 198 991 2263 1104; baseline 0.003 -28"><span class='ocrx_word' id='word_1_88' title='bbox 198 1028 250 1089; x_wconf 88' lang='lat' dir='ltr'>ra,</span> <span class='ocrx_word' id='word_1_89' title='bbox 270 1001 399 1073; x_wconf 86' lang='lat' dir='ltr'>volunt</span> <span class='ocrx_word' id='word_1_90' title='bbox 412 999 481 1070; x_wconf 91' lang='lat' dir='ltr'>coli</span> <span class='ocrx_word' id='word_1_91' title='bbox 497 1020 718 1089; x_wconf 90' lang='lat' dir='ltr'>nequaquam</span> <span class='ocrx_word' id='word_1_92' title='bbox 733 991 900 1061; x_wconf 81' lang='lat' dir='ltr'>familiari</span> <span class='ocrx_word' id='word_1_93' title='bbox 916 993 1183 1062; x_wconf 83' lang='lat' dir='ltr'>consuetudine.</span> <span class='ocrx_word' id='word_1_94' title='bbox 1233 1013 1268 1067; x_wconf 93' lang='lat' dir='ltr'>et</span> <span class='ocrx_word' id='word_1_95' title='bbox 1291 997 1408 1089; x_wconf 82' lang='lat' dir='ltr'>incipe</span> <span class='ocrx_word' id='word_1_96' title='bbox 1430 999 1519 1069; x_wconf 90' lang='lat' dir='ltr'>iusta</span> <span class='ocrx_word' id='word_1_97' title='bbox 1544 1001 1668 1076; x_wconf 87' lang='lat' dir='ltr'>facere.</span> <span class='ocrx_word' id='word_1_98' title='bbox 1719 1001 1816 1077; x_wconf 88' lang='lat' dir='ltr'>Haec</span> <span class='ocrx_word' id='word_1_99' title='bbox 1842 1022 1894 1080; x_wconf 90' lang='lat' dir='ltr'>est</span> <span class='ocrx_word' id='word_1_100' title='bbox 1918 1012 2068 1104; x_wconf 76' lang='lat' dir='ltr'>simplex</span> <span class='ocrx_word' id='word_1_101' title='bbox 2087 1030 2123 1085; x_wconf 91' lang='lat' dir='ltr'>et</span> <span class='ocrx_word' id='word_1_102' title='bbox 2148 1038 2217 1085; x_wconf 93' lang='lat' dir='ltr'>non</span> <span class='ocrx_word' id='word_1_103' title='bbox 2261 1082 2263 1089; x_wconf 81' lang='grc'><em>,</em></span> 
     </span>
    </p>

    <p class='ocr_par' dir='ltr' id='par_1_3' title="bbox 199 1093 2263 1401">
     <span class='ocr_line' id='line_1_9' title="bbox 304 1093 2216 1192; baseline -0.001 -19"><span class='ocrx_word' id='word_1_104' title='bbox 304 1101 364 1173; x_wconf 87' lang='lat' dir='ltr'>Sic</span> <span class='ocrx_word' id='word_1_105' title='bbox 392 1101 498 1173; x_wconf 87' lang='lat' dir='ltr'>etiarn</span> <span class='ocrx_word' id='word_1_106' title='bbox 528 1097 666 1170; x_wconf 88' lang='lat' dir='ltr'>Sanctis</span> <span class='ocrx_word' id='word_1_107' title='bbox 701 1094 843 1182; x_wconf 85' lang='lat' dir='ltr'>obrepit</span> <span class='ocrx_word' id='word_1_108' title='bbox 872 1093 1106 1190; x_wconf 85' lang='lat' dir='ltr'>negligentia,</span> <span class='ocrx_word' id='word_1_109' title='bbox 1142 1109 1183 1165; x_wconf 93' lang='lat' dir='ltr'>ut</span> <span class='ocrx_word' id='word_1_110' title='bbox 1234 1099 1397 1190; x_wconf 86' lang='lat' dir='ltr'>perplexa</span> <span class='ocrx_word' id='word_1_111' title='bbox 1433 1101 1688 1192; x_wconf 74' lang='lat' dir='ltr'>interpretatio.</span> <span class='ocrx_word' id='word_1_112' title='bbox 1751 1104 1981 1182; x_wconf 75' lang='lat' dir='ltr'>Manifestum</span> <span class='ocrx_word' id='word_1_113' title='bbox 2016 1128 2067 1185; x_wconf 79' lang='lat' dir='ltr'>est</span> <span class='ocrx_word' id='word_1_114' title='bbox 2103 1133 2216 1186; x_wconf 69' lang='lat' dir='ltr'>autem</span> 
     </span>
     <span class='ocr_line' id='line_1_10' title="bbox 199 1195 2263 1309; baseline 0.003 -30"><span class='ocrx_word' id='word_1_115' title='bbox 199 1203 412 1281; x_wconf 87' lang='lat' dir='ltr'>Samsoniet</span> <span class='ocrx_word' id='word_1_116' title='bbox 429 1200 577 1284; x_wconf 85' lang='lat' dir='ltr'>Davidi,</span> <span class='ocrx_word' id='word_1_117' title='bbox 603 1198 684 1293; x_wconf 91' lang='lat' dir='ltr'>quia</span> <span class='ocrx_word' id='word_1_118' title='bbox 704 1195 821 1266; x_wconf 89' lang='lat' dir='ltr'>David</span> <span class='ocrx_word' id='word_1_119' title='bbox 834 1196 872 1263; x_wconf 92' lang='lat' dir='ltr'>in</span> <span class='ocrx_word' id='word_1_120' title='bbox 894 1195 1090 1286; x_wconf 85' lang='lat' dir='ltr'>praesentia</span> <span class='ocrx_word' id='word_1_121' title='bbox 1108 1219 1183 1264; x_wconf 92' lang='lat' dir='ltr'>non</span> <span class='ocrx_word' id='word_1_122' title='bbox 1234 1195 1328 1269; x_wconf 87' lang='lat' dir='ltr'>hanc</span> <span class='ocrx_word' id='word_1_123' title='bbox 1351 1224 1423 1269; x_wconf 89' lang='lat' dir='ltr'>esse</span> <span class='ocrx_word' id='word_1_124' title='bbox 1448 1227 1569 1270; x_wconf 82' lang='lat' dir='ltr'>vocem</span> <span class='ocrx_word' id='word_1_125' title='bbox 1593 1205 1695 1295; x_wconf 89' lang='lat' dir='ltr'>legis,</span> <span class='ocrx_word' id='word_1_126' title='bbox 1727 1221 1761 1279; x_wconf 89' lang='lat' dir='ltr'>et</span> <span class='ocrx_word' id='word_1_127' title='bbox 1792 1212 2001 1283; x_wconf 89' lang='lat' dir='ltr'>concionem</span> <span class='ocrx_word' id='word_1_128' title='bbox 2023 1218 2069 1287; x_wconf 94' lang='lat' dir='ltr'>de</span> <span class='ocrx_word' id='word_1_129' title='bbox 2091 1219 2215 1309; x_wconf 88' lang='lat' dir='ltr'>poeni·</span> <span class='ocrx_word' id='word_1_130' title='bbox 2261 1246 2263 1257; x_wconf 92' lang='lat'>·</span> 
     </span>
     <span class='ocr_line' id='line_1_11' title="bbox 201 1295 1661 1401; baseline -0.018 -20"><span class='ocrx_word' id='word_1_131' title='bbox 201 1309 310 1381; x_wconf 86' lang='lat' dir='ltr'>sentit</span> <span class='ocrx_word' id='word_1_132' title='bbox 334 1303 603 1401; x_wconf 61' lang='lat' dir='ltr'>significationes</span> <span class='ocrx_word' id='word_1_133' title='bbox 626 1301 699 1369; x_wconf 89' lang='lat' dir='ltr'>irae</span> <span class='ocrx_word' id='word_1_134' title='bbox 720 1295 806 1376; x_wconf 90' lang='lat' dir='ltr'>Dei,</span> <span class='ocrx_word' id='word_1_135' title='bbox 833 1297 950 1365; x_wconf 91' lang='lat' dir='ltr'>minus</span> <span class='ocrx_word' id='word_1_136' title='bbox 966 1297 1066 1368; x_wconf 91' lang='lat' dir='ltr'>timet</span> <span class='ocrx_word' id='word_1_137' title='bbox 1087 1297 1182 1368; x_wconf 86' lang='lat' dir='ltr'>iudi·</span> <span class='ocrx_word' id='word_1_138' title='bbox 1235 1302 1345 1372; x_wconf 79' lang='lat' dir='ltr'>tentia</span> <span class='ocrx_word' id='word_1_139' title='bbox 1360 1326 1421 1372; x_wconf 61' lang='lat' dir='ltr'>seu</span> <span class='ocrx_word' id='word_1_140' title='bbox 1436 1305 1661 1376; x_wconf 52' lang='lat' dir='ltr'>munitione,</span> 
     </span>
    </p>

    <p class='ocr_par' dir='ltr' id='par_1_4' title="bbox 186 1398 2219 1498">
     <span class='ocr_line' id='line_1_12' title="bbox 186 1398 2219 1498; baseline -0.005 -14"><span class='ocrx_word' id='word_1_141' title='bbox 186 1413 318 1493; x_wconf 80' lang='lat' dir='ltr'>cium,</span> <span class='ocrx_word' id='word_1_142' title='bbox 342 1424 376 1478; x_wconf 87' lang='lat' dir='ltr'>et</span> <span class='ocrx_word' id='word_1_143' title='bbox 390 1405 597 1498; x_wconf 89' lang='lat' dir='ltr'>obsequitur</span> <span class='ocrx_word' id='word_1_144' title='bbox 621 1399 797 1471; x_wconf 86' lang='lat' dir='ltr'>illecebris</span> <span class='ocrx_word' id='word_1_145' title='bbox 815 1398 1046 1489; x_wconf 86' lang='lat' dir='ltr'>voluptatum.</span> <span class='ocrx_word' id='word_1_146' title='bbox 1343 1402 1414 1474; x_wconf 88' lang='lat' dir='ltr'>Sed</span> <span class='ocrx_word' id='word_1_147' title='bbox 1456 1404 1596 1475; x_wconf 88' lang='lat' dir='ltr'>omissis</span> <span class='ocrx_word' id='word_1_148' title='bbox 1634 1410 1864 1494; x_wconf 86' lang='lat' dir='ltr'>adversariis,</span> <span class='ocrx_word' id='word_1_149' title='bbox 1903 1418 1947 1486; x_wconf 78' lang='lat' dir='ltr'>de</span> <span class='ocrx_word' id='word_1_150' title='bbox 1979 1441 2018 1488; x_wconf 70' lang='lat' dir='ltr'>re</span> <span class='ocrx_word' id='word_1_151' title='bbox 2052 1419 2219 1490; x_wconf 64' lang='lat' dir='ltr'>dicamus,</span> 
     </span>
    </p>

    <p class='ocr_par' dir='ltr' id='par_1_5' title="bbox 202 1499 2263 2418">
     <span class='ocr_line' id='line_1_13' title="bbox 301 1499 2263 1607; baseline -0.029 -26"><span class='ocrx_word' id='word_1_152' title='bbox 301 1502 691 1601; x_wconf 88' lang='lat' dir='ltr'>Pleruuqueautemin</span> <span class='ocrx_word' id='word_1_153' title='bbox 707 1499 841 1591; x_wconf 87' lang='lat' dir='ltr'>magnis</span> <span class='ocrx_word' id='word_1_154' title='bbox 858 1499 943 1568; x_wconf 89' lang='lat' dir='ltr'>viris</span> <span class='ocrx_word' id='word_1_155' title='bbox 960 1501 1182 1574; x_wconf 86' lang='lat' dir='ltr'>securitatem</span> <span class='ocrx_word' id='word_1_156' title='bbox 1235 1501 1450 1596; x_wconf 87' lang='lat' dir='ltr'>Quanquam</span> <span class='ocrx_word' id='word_1_157' title='bbox 1472 1530 1546 1575; x_wconf 91' lang='lat' dir='ltr'>non</span> <span class='ocrx_word' id='word_1_158' title='bbox 1568 1508 1645 1578; x_wconf 87' lang='lat' dir='ltr'>vult</span> <span class='ocrx_word' id='word_1_159' title='bbox 1666 1507 1795 1583; x_wconf 87' lang='lat' dir='ltr'>Daniel</span> <span class='ocrx_word' id='word_1_160' title='bbox 1818 1540 1924 1607; x_wconf 61' lang='lat' dir='ltr'>opera</span> <span class='ocrx_word' id='word_1_161' title='bbox 1946 1521 2075 1589; x_wconf 58' lang='lat' dir='ltr'>,nemi</span> <span class='ocrx_word' id='word_1_162' title='bbox 2097 1521 2219 1591; x_wconf 48' lang='lat' dir='ltr'><strong>remis·</strong></span> <span class='ocrx_word' id='word_1_163' title='bbox 2260 1506 2263 1525; x_wconf 85' lang='lat'><em>.</em></span> 
     </span>
     <span class='ocr_line' id='line_1_14' title="bbox 202 1601 2263 1715; baseline 0.003 -30"><span class='ocrx_word' id='word_1_164' title='bbox 202 1611 390 1685; x_wconf 87' lang='lat' dir='ltr'>comitatur</span> <span class='ocrx_word' id='word_1_165' title='bbox 412 1609 594 1702; x_wconf 86' lang='lat' dir='ltr'>superbia,</span> <span class='ocrx_word' id='word_1_166' title='bbox 627 1606 761 1687; x_wconf 91' lang='lat' dir='ltr'>idest,</span> <span class='ocrx_word' id='word_1_167' title='bbox 793 1601 920 1670; x_wconf 84' lang='lat' dir='ltr'>fiducia</span> <span class='ocrx_word' id='word_1_168' title='bbox 942 1603 1106 1692; x_wconf 90' lang='lat' dir='ltr'>propriae</span> <span class='ocrx_word' id='word_1_169' title='bbox 1129 1626 1184 1671; x_wconf 90' lang='lat' dir='ltr'>sa·</span> <span class='ocrx_word' id='word_1_170' title='bbox 1236 1606 1391 1695; x_wconf 83' lang='lat' dir='ltr'>sionem,</span> <span class='ocrx_word' id='word_1_171' title='bbox 1419 1621 1538 1677; x_wconf 88' lang='lat' dir='ltr'>tamen</span> <span class='ocrx_word' id='word_1_172' title='bbox 1566 1604 1650 1680; x_wconf 92' lang='lat' dir='ltr'>huic</span> <span class='ocrx_word' id='word_1_173' title='bbox 1679 1613 1746 1702; x_wconf 90' lang='lat' dir='ltr'>ipsi</span> <span class='ocrx_word' id='word_1_174' title='bbox 1770 1618 1934 1688; x_wconf 90' lang='lat' dir='ltr'>concioni</span> <span class='ocrx_word' id='word_1_175' title='bbox 1966 1636 2019 1694; x_wconf 87' lang='lat' dir='ltr'>est</span> <span class='ocrx_word' id='word_1_176' title='bbox 2050 1622 2219 1715; x_wconf 89' lang='lat' dir='ltr'>implicita</span> <span class='ocrx_word' id='word_1_177' title='bbox 2261 1690 2263 1709; x_wconf 81' lang='grc'>,</span> 
     </span>
     <span class='ocr_line' id='line_1_15' title="bbox 202 1701 2218 1809; baseline -0.001 -24"><span class='ocrx_word' id='word_1_178' title='bbox 202 1715 368 1809; x_wconf 87' lang='lat' dir='ltr'>pientiae,</span> <span class='ocrx_word' id='word_1_179' title='bbox 390 1709 560 1796; x_wconf 81' lang='lat' dir='ltr'>iusticias,</span> <span class='ocrx_word' id='word_1_180' title='bbox 585 1705 772 1800; x_wconf 88' lang='lat' dir='ltr'>potentiae,</span> <span class='ocrx_word' id='word_1_181' title='bbox 800 1702 1025 1776; x_wconf 86' lang='lat' dir='ltr'>oblivioDei.</span> <span class='ocrx_word' id='word_1_182' title='bbox 1059 1701 1184 1780; x_wconf 88' lang='lat' dir='ltr'>Postea</span> <span class='ocrx_word' id='word_1_183' title='bbox 1235 1708 1423 1798; x_wconf 87' lang='lat' dir='ltr'>promissio</span> <span class='ocrx_word' id='word_1_184' title='bbox 1447 1710 1490 1776; x_wconf 89' lang='lat' dir='ltr'>de</span> <span class='ocrx_word' id='word_1_185' title='bbox 1512 1711 1720 1784; x_wconf 89' lang='lat' dir='ltr'>remissione</span> <span class='ocrx_word' id='word_1_186' title='bbox 1743 1732 1978 1807; x_wconf 83' lang='lat' dir='ltr'>peecatorum.</span> <span class='ocrx_word' id='word_1_187' title='bbox 2033 1722 2111 1794; x_wconf 77' lang='lat' dir='ltr'>Nisi</span> <span class='ocrx_word' id='word_1_188' title='bbox 2127 1724 2218 1795; x_wconf 75' lang='lat' dir='ltr'>enim</span> 
     </span>
     <span class='ocr_line' id='line_1_16' title="bbox 202 1804 2263 1917; baseline 0 -29"><span class='ocrx_word' id='word_1_189' title='bbox 202 1819 374 1888; x_wconf 86' lang='lat' dir='ltr'>accedunt</span> <span class='ocrx_word' id='word_1_190' title='bbox 387 1812 582 1895; x_wconf 87' lang='lat' dir='ltr'>iracundia,</span> <span class='ocrx_word' id='word_1_191' title='bbox 604 1807 804 1890; x_wconf 85' lang='lat' dir='ltr'>crudelitas,</span> <span class='ocrx_word' id='word_1_192' title='bbox 831 1822 865 1877; x_wconf 91' lang='lat' dir='ltr'>et</span> <span class='ocrx_word' id='word_1_193' title='bbox 880 1805 948 1873; x_wconf 91' lang='lat' dir='ltr'>alia</span> <span class='ocrx_word' id='word_1_194' title='bbox 966 1805 1068 1878; x_wconf 90' lang='lat' dir='ltr'>vicia.</span> <span class='ocrx_word' id='word_1_195' title='bbox 1092 1804 1184 1876; x_wconf 90' lang='lat' dir='ltr'>Cum</span> <span class='ocrx_word' id='word_1_196' title='bbox 1236 1821 1325 1879; x_wconf 91' lang='lat' dir='ltr'>esset</span> <span class='ocrx_word' id='word_1_197' title='bbox 1340 1811 1518 1902; x_wconf 88' lang='lat' dir='ltr'>proposita</span> <span class='ocrx_word' id='word_1_198' title='bbox 1536 1813 1716 1901; x_wconf 84' lang='lat' dir='ltr'>remissio,</span> <span class='ocrx_word' id='word_1_199' title='bbox 1740 1821 1978 1892; x_wconf 78' lang='lat' dir='ltr'>non&#39;diceret:</span> <span class='ocrx_word' id='word_1_200' title='bbox 2005 1826 2120 1895; x_wconf 85' lang='lat' dir='ltr'>Auser</span> <span class='ocrx_word' id='word_1_201' title='bbox 2143 1849 2219 1917; x_wconf 80' lang='lat' dir='ltr'>pec·</span> <span class='ocrx_word' id='word_1_202' title='bbox 2261 1832 2263 1845; x_wconf 91' lang='lat'>&#39;</span> 
     </span>
     <span class='ocr_line' id='line_1_17' title="bbox 203 1906 2220 2012; baseline 0.001 -20"><span class='ocrx_word' id='word_1_203' title='bbox 203 1932 319 1992; x_wconf 90' lang='lat' dir='ltr'>autem</span> <span class='ocrx_word' id='word_1_204' title='bbox 335 1917 430 1989; x_wconf 89' lang='lat' dir='ltr'>Deus</span> <span class='ocrx_word' id='word_1_205' title='bbox 447 1914 632 2008; x_wconf 87' lang='lat' dir='ltr'>praecipue</span> <span class='ocrx_word' id='word_1_206' title='bbox 647 1908 858 2001; x_wconf 90' lang='lat' dir='ltr'>superbiam,</span> <span class='ocrx_word' id='word_1_207' title='bbox 885 1906 923 1974; x_wconf 93' lang='lat' dir='ltr'>id</span> <span class='ocrx_word' id='word_1_208' title='bbox 938 1919 1000 1986; x_wconf 86' lang='lat' dir='ltr'>est,</span> <span class='ocrx_word' id='word_1_209' title='bbox 1021 1907 1185 1977; x_wconf 85' lang='lat' dir='ltr'>fiduciam</span> <span class='ocrx_word' id='word_1_210' title='bbox 1236 1925 1311 1980; x_wconf 90' lang='lat' dir='ltr'>cata</span> <span class='ocrx_word' id='word_1_211' title='bbox 1338 1926 1410 1984; x_wconf 87' lang='lat' dir='ltr'>tua.</span> <span class='ocrx_word' id='word_1_212' title='bbox 1462 1909 1565 1983; x_wconf 87' lang='lat' dir='ltr'>Certe</span> <span class='ocrx_word' id='word_1_213' title='bbox 1588 1913 1682 1983; x_wconf 89' lang='lat' dir='ltr'>enirn</span> <span class='ocrx_word' id='word_1_214' title='bbox 1705 1912 1773 1989; x_wconf 93' lang='lat' dir='ltr'>hoc</span> <span class='ocrx_word' id='word_1_215' title='bbox 1796 1922 1890 1991; x_wconf 88' lang='lat' dir='ltr'>vult:</span> <span class='ocrx_word' id='word_1_216' title='bbox 1924 1921 2085 1995; x_wconf 88' lang='lat' dir='ltr'>Emenda</span> <span class='ocrx_word' id='word_1_217' title='bbox 2109 1941 2165 2012; x_wconf 92' lang='lat' dir='ltr'>te,</span> <span class='ocrx_word' id='word_1_218' title='bbox 2189 1941 2220 1996; x_wconf 87' lang='lat' dir='ltr'>et</span> 
     </span>
     <span class='ocr_line' id='line_1_18' title="bbox 204 2008 2220 2119; baseline 0.002 -28"><span class='ocrx_word' id='word_1_219' title='bbox 204 2019 368 2115; x_wconf 89' lang='lat' dir='ltr'>proptiae</span> <span class='ocrx_word' id='word_1_220' title='bbox 402 2018 543 2087; x_wconf 84' lang='lat' dir='ltr'>virtutis</span> <span class='ocrx_word' id='word_1_221' title='bbox 584 2010 804 2082; x_wconf 80' lang='lat' dir='ltr'>horribiliter</span> <span class='ocrx_word' id='word_1_222' title='bbox 844 2008 988 2100; x_wconf 91' lang='lat' dir='ltr'>puniat,</span> <span class='ocrx_word' id='word_1_223' title='bbox 1029 2009 1185 2100; x_wconf 85' lang='lat' dir='ltr'>exempla</span> <span class='ocrx_word' id='word_1_224' title='bbox 1237 2008 1856 2114; x_wconf 78' lang='lat' dir='ltr'>conversushabebisremissionem.</span> <span class='ocrx_word' id='word_1_225' title='bbox 1907 2023 1959 2096; x_wconf 91' lang='lat' dir='ltr'>Ita</span> <span class='ocrx_word' id='word_1_226' title='bbox 1983 2050 2086 2119; x_wconf 89' lang='lat' dir='ltr'>saepe</span> <span class='ocrx_word' id='word_1_227' title='bbox 2102 2027 2220 2119; x_wconf 89' lang='lat' dir='ltr'>impli-</span> 
     </span>
     <span class='ocr_line' id='line_1_19' title="bbox 205 2109 2219 2219; baseline -0.001 -27"><span class='ocrx_word' id='word_1_228' title='bbox 205 2123 367 2194; x_wconf 88' lang='lat' dir='ltr'>omnium</span> <span class='ocrx_word' id='word_1_229' title='bbox 387 2116 616 2192; x_wconf 89' lang='lat' dir='ltr'>historiarum</span> <span class='ocrx_word' id='word_1_230' title='bbox 638 2112 823 2183; x_wconf 90' lang='lat' dir='ltr'>continent</span> <span class='ocrx_word' id='word_1_231' title='bbox 845 2109 1063 2180; x_wconf 89' lang='lat' dir='ltr'>tristissimos</span> <span class='ocrx_word' id='word_1_232' title='bbox 1087 2131 1185 2179; x_wconf 91' lang='lat' dir='ltr'>casus</span> <span class='ocrx_word' id='word_1_233' title='bbox 1237 2113 1326 2183; x_wconf 90' lang='lat' dir='ltr'>citae</span> <span class='ocrx_word' id='word_1_234' title='bbox 1346 2128 1430 2184; x_wconf 92' lang='lat' dir='ltr'>sunt</span> <span class='ocrx_word' id='word_1_235' title='bbox 1451 2117 1702 2205; x_wconf 87' lang='lat' dir='ltr'>promissiones</span> <span class='ocrx_word' id='word_1_236' title='bbox 1720 2122 1901 2194; x_wconf 87' lang='lat' dir='ltr'>doctrinae</span> <span class='ocrx_word' id='word_1_237' title='bbox 1923 2151 2092 2219; x_wconf 90' lang='lat' dir='ltr'>operum,</span> <span class='ocrx_word' id='word_1_238' title='bbox 2119 2141 2155 2198; x_wconf 81' lang='lat' dir='ltr'>et</span> <span class='ocrx_word' id='word_1_239' title='bbox 2169 2143 2219 2200; x_wconf 70' lang='lat' dir='ltr'>ta-</span> 
     </span>
     <span class='ocr_line' id='line_1_20' title="bbox 204 2208 2263 2314; baseline -0.012 -17"><span class='ocrx_word' id='word_1_240' title='bbox 204 2247 413 2314; x_wconf 85' lang='lat' dir='ltr'>magnorum</span> <span class='ocrx_word' id='word_1_241' title='bbox 430 2221 603 2301; x_wconf 88' lang='lat' dir='ltr'>virorum,</span> <span class='ocrx_word' id='word_1_242' title='bbox 627 2231 668 2287; x_wconf 93' lang='lat' dir='ltr'>ut</span> <span class='ocrx_word' id='word_1_243' title='bbox 684 2213 813 2297; x_wconf 89' lang='lat' dir='ltr'>Saulis,</span> <span class='ocrx_word' id='word_1_244' title='bbox 839 2209 1016 2292; x_wconf 86' lang='lat' dir='ltr'>Herculis,</span> <span class='ocrx_word' id='word_1_245' title='bbox 1043 2208 1187 2295; x_wconf 85' lang='lat' dir='ltr'>Thesei,</span> <span class='ocrx_word' id='word_1_246' title='bbox 1237 2238 1318 2284; x_wconf 91' lang='lat' dir='ltr'>men</span> <span class='ocrx_word' id='word_1_247' title='bbox 1338 2216 1490 2285; x_wconf 85' lang='lat' dir='ltr'>discerni</span> <span class='ocrx_word' id='word_1_248' title='bbox 1511 2217 1615 2287; x_wconf 88' lang='lat' dir='ltr'>fidem</span> <span class='ocrx_word' id='word_1_249' title='bbox 1636 2222 1680 2311; x_wconf 88' lang='lat' dir='ltr'>ab</span> <span class='ocrx_word' id='word_1_250' title='bbox 1696 2223 1864 2311; x_wconf 87' lang='lat' dir='ltr'>operibus</span> <span class='ocrx_word' id='word_1_251' title='bbox 1885 2240 1921 2298; x_wconf 89' lang='lat' dir='ltr'>et</span> <span class='ocrx_word' id='word_1_252' title='bbox 1937 2229 2065 2299; x_wconf 89' lang='lat' dir='ltr'>merito</span> <span class='ocrx_word' id='word_1_253' title='bbox 2081 2239 2219 2300; x_wconf 86' lang='lat' dir='ltr'>necesse</span> <span class='ocrx_word' id='word_1_254' title='bbox 2261 2228 2263 2273; x_wconf 82' lang='lat'>1</span> 
     </span>
     <span class='ocr_line' id='line_1_21' title="bbox 203 2309 2219 2418; baseline -0.001 -16"><span class='ocrx_word' id='word_1_255' title='bbox 203 2325 410 2406; x_wconf 87' lang='lat' dir='ltr'>Miltiadae,</span> <span class='ocrx_word' id='word_1_256' title='bbox 432 2316 698 2401; x_wconf 81' lang='lat' dir='ltr'>Themistoclis,</span> <span class='ocrx_word' id='word_1_257' title='bbox 725 2313 904 2404; x_wconf 89' lang='lat' dir='ltr'>Pompeii,</span> <span class='ocrx_word' id='word_1_258' title='bbox 927 2309 1084 2384; x_wconf 87' lang='lat' dir='ltr'>Caesaris</span> <span class='ocrx_word' id='word_1_259' title='bbox 1100 2327 1164 2388; x_wconf 84' lang='lat' dir='ltr'>etc.</span> <span class='ocrx_word' id='word_1_260' title='bbox 1238 2331 1309 2396; x_wconf 88' lang='lat' dir='ltr'>est,</span> <span class='ocrx_word' id='word_1_261' title='bbox 1334 2317 1425 2388; x_wconf 91' lang='lat' dir='ltr'>sicut</span> <span class='ocrx_word' id='word_1_262' title='bbox 1444 2316 1565 2388; x_wconf 80' lang='lat' dir='ltr'>Esaias</span> <span class='ocrx_word' id='word_1_263' title='bbox 1584 2320 1697 2410; x_wconf 84' lang='lat' dir='ltr'>capite</span> <span class='ocrx_word' id='word_1_264' title='bbox 1715 2323 1748 2396; x_wconf 90' lang='lat'>1.</span> <span class='ocrx_word' id='word_1_265' title='bbox 1800 2323 1882 2396; x_wconf 92' lang='lat' dir='ltr'>Non</span> <span class='ocrx_word' id='word_1_266' title='bbox 1905 2341 2019 2418; x_wconf 91' lang='lat' dir='ltr'>potest</span> <span class='ocrx_word' id='word_1_267' title='bbox 2036 2331 2135 2400; x_wconf 92' lang='lat' dir='ltr'>enim</span> <span class='ocrx_word' id='word_1_268' title='bbox 2152 2332 2219 2402; x_wconf 86' lang='lat' dir='ltr'>exi·</span> 
     </span>
    </p>

    <p class='ocr_par' dir='ltr' id='par_1_6' title="bbox 267 2411 2263 2522">
     <span class='ocr_line' id='line_1_22' title="bbox 267 2411 2263 2522; baseline -0.002 -90"><span class='ocrx_word' id='word_1_269' title='bbox 267 2423 270 2433; x_wconf 93' lang='lat'>.</span> <span class='ocrx_word' id='word_1_270' title='bbox 305 2424 354 2499; x_wconf 82' lang='lat' dir='ltr'>Et</span> <span class='ocrx_word' id='word_1_271' title='bbox 368 2426 460 2515; x_wconf 84' lang='lat' dir='ltr'>apud</span> <span class='ocrx_word' id='word_1_272' title='bbox 477 2418 684 2512; x_wconf 78' lang='lat' dir='ltr'>Euripidem</span> <span class='ocrx_word' id='word_1_273' title='bbox 701 2415 820 2510; x_wconf 91' lang='lat' dir='ltr'>inquit</span> <span class='ocrx_word' id='word_1_274' title='bbox 834 2411 1007 2505; x_wconf 89' lang='lat' dir='ltr'>Oedipus,</span> <span class='ocrx_word' id='word_1_275' title='bbox 1031 2411 1108 2505; x_wconf 79' lang='lat' dir='ltr'>Ego</span> <span class='ocrx_word' id='word_1_276' title='bbox 1124 2414 1185 2508; x_wconf 90' lang='lat' dir='ltr'>qui</span> <span class='ocrx_word' id='word_1_277' title='bbox 1238 2433 1328 2490; x_wconf 89' lang='lat' dir='ltr'>stere</span> <span class='ocrx_word' id='word_1_278' title='bbox 1339 2420 1436 2503; x_wconf 84' lang='lat' dir='ltr'>tides,</span> <span class='ocrx_word' id='word_1_279' title='bbox 1460 2421 1490 2488; x_wconf 92' lang='lat' dir='ltr'>si</span> <span class='ocrx_word' id='word_1_280' title='bbox 1509 2420 1644 2492; x_wconf 91' lang='lat' dir='ltr'>nitatur</span> <span class='ocrx_word' id='word_1_281' title='bbox 1657 2425 1862 2497; x_wconf 90' lang='lat' dir='ltr'>conditione</span> <span class='ocrx_word' id='word_1_282' title='bbox 1875 2432 2220 2522; x_wconf 46' lang='lat' dir='ltr'>nostraedignqmis·</span> <span class='ocrx_word' id='word_1_283' title='bbox 2260 2414 2263 2429; x_wconf 87' lang='lat'>.</span> 
     </span>
    </p>

    <p class='ocr_par' dir='ltr' id='par_1_7' title="bbox 45 2516 2263 2707">
     <span class='ocr_line' id='line_1_23' title="bbox 45 2516 2263 2624; baseline -0.004 -87"><span class='ocrx_word' id='word_1_284' title='bbox 45 2516 57 2537; x_wconf 68' lang='lat'>.</span> <span class='ocrx_word' id='word_1_285' title='bbox 148 2549 155 2557; x_wconf 77' lang='lat'>.</span> <span class='ocrx_word' id='word_1_286' title='bbox 206 2527 356 2603; x_wconf 66' lang='lat' dir='ltr'>excellui</span> <span class='ocrx_word' id='word_1_287' title='bbox 380 2547 502 2596; x_wconf 88' lang='lat' dir='ltr'>omnes</span> <span class='ocrx_word' id='word_1_288' title='bbox 523 2543 620 2612; x_wconf 86' lang='lat' dir='ltr'>reges</span> <span class='ocrx_word' id='word_1_289' title='bbox 641 2519 830 2610; x_wconf 81' lang='lat' dir='ltr'>sapientia,</span> <span class='ocrx_word' id='word_1_290' title='bbox 868 2540 963 2586; x_wconf 90' lang='lat' dir='ltr'>nuuc</span> <span class='ocrx_word' id='word_1_291' title='bbox 985 2517 1072 2610; x_wconf 93' lang='lat' dir='ltr'>quid</span> <span class='ocrx_word' id='word_1_292' title='bbox 1095 2539 1186 2597; x_wconf 89' lang='lat' dir='ltr'>sum,</span> <span class='ocrx_word' id='word_1_293' title='bbox 1339 2518 1407 2591; x_wconf 85' lang='lat' dir='ltr'>Sed</span> <span class='ocrx_word' id='word_1_294' title='bbox 1433 2543 1583 2614; x_wconf 90' lang='lat' dir='ltr'>sequens</span> <span class='ocrx_word' id='word_1_295' title='bbox 1606 2545 1684 2613; x_wconf 88' lang='lat' dir='ltr'>pars</span> <span class='ocrx_word' id='word_1_296' title='bbox 1711 2549 1869 2615; x_wconf 85' lang='lat' dir='ltr'>expresse</span> <span class='ocrx_word' id='word_1_297' title='bbox 1894 2532 1990 2604; x_wconf 88' lang='lat' dir='ltr'>addit</span> <span class='ocrx_word' id='word_1_298' title='bbox 2014 2533 2219 2624; x_wconf 51' lang='lat' dir='ltr'>Pfflmisstn</span> <span class='ocrx_word' id='word_1_299' title='bbox 2261 2524 2263 2529; x_wconf 89' lang='lat'>.</span> 
     </span>
     <span class='ocr_line' id='line_1_24' title="bbox 205 2618 2219 2707; baseline 0 -3"><span class='ocrx_word' id='word_1_300' title='bbox 205 2633 276 2704; x_wconf 88' lang='lat' dir='ltr'>nisi</span> <span class='ocrx_word' id='word_1_301' title='bbox 299 2647 508 2700; x_wconf 87' lang='lat' dir='ltr'>evanescens</span> <span class='ocrx_word' id='word_1_302' title='bbox 531 2623 677 2707; x_wconf 89' lang='lat' dir='ltr'>umbra,</span> <span class='ocrx_word' id='word_1_303' title='bbox 702 2622 758 2690; x_wconf 85' lang='lat' dir='ltr'>vel</span> <span class='ocrx_word' id='word_1_304' title='bbox 776 2621 944 2707; x_wconf 90' lang='lat' dir='ltr'>cadaver,</span> <span class='ocrx_word' id='word_1_305' title='bbox 970 2619 1025 2688; x_wconf 91' lang='lat' dir='ltr'>vel</span> <span class='ocrx_word' id='word_1_306' title='bbox 1044 2618 1187 2690; x_wconf 89' lang='lat' dir='ltr'>volatile</span> <span class='ocrx_word' id='word_1_307' title='bbox 1238 2644 1336 2689; x_wconf 90' lang='lat' dir='ltr'>nem:</span> <span class='ocrx_word' id='word_1_308' title='bbox 1362 2619 1454 2691; x_wconf 88' lang='lat' dir='ltr'>Ecce</span> <span class='ocrx_word' id='word_1_309' title='bbox 1471 2622 1538 2691; x_wconf 92' lang='lat' dir='ltr'>erit</span> <span class='ocrx_word' id='word_1_310' title='bbox 1553 2625 1688 2693; x_wconf 88' lang='lat' dir='ltr'>sanatio</span> <span class='ocrx_word' id='word_1_311' title='bbox 1703 2627 1913 2700; x_wconf 87' lang='lat' dir='ltr'>delictorum</span> <span class='ocrx_word' id='word_1_312' title='bbox 1930 2647 2083 2703; x_wconf 91' lang='lat' dir='ltr'>tuorum.</span> <span class='ocrx_word' id='word_1_313' title='bbox 2111 2633 2219 2704; x_wconf 85' lang='lat' dir='ltr'>Porro</span> 
     </span>
    </p>

    <p class='ocr_par' dir='ltr' id='par_1_8' title="bbox 205 2721 2263 2828">
     <span class='ocr_line' id='line_1_25' title="bbox 205 2721 2263 2828; baseline -0.003 -22"><span class='ocrx_word' id='word_1_314' title='bbox 205 2730 407 2806; x_wconf 75' lang='lat' dir='ltr'>somnium?</span> <span class='ocrx_word' id='word_1_315' title='bbox 446 2726 543 2798; x_wconf 85' lang='lat' dir='ltr'>llaec</span> <span class='ocrx_word' id='word_1_316' title='bbox 566 2739 616 2795; x_wconf 90' lang='lat' dir='ltr'>est</span> <span class='ocrx_word' id='word_1_317' title='bbox 635 2724 753 2813; x_wconf 87' lang='lat' dir='ltr'>magni</span> <span class='ocrx_word' id='word_1_318' title='bbox 774 2721 965 2811; x_wconf 69' lang='lat' dir='ltr'>regiam,</span> <span class='ocrx_word' id='word_1_319' title='bbox 991 2734 1026 2792; x_wconf 89' lang='lat' dir='ltr'>et</span> <span class='ocrx_word' id='word_1_320' title='bbox 1047 2743 1185 2791; x_wconf 89' lang='lat' dir='ltr'>summo</span> <span class='ocrx_word' id='word_1_321' title='bbox 1238 2722 1355 2792; x_wconf 91' lang='lat' dir='ltr'>omnis</span> <span class='ocrx_word' id='word_1_322' title='bbox 1375 2723 1563 2814; x_wconf 86' lang='lat' dir='ltr'>promissio</span> <span class='ocrx_word' id='word_1_323' title='bbox 1589 2726 1741 2821; x_wconf 87' lang='lat' dir='ltr'>requirit</span> <span class='ocrx_word' id='word_1_324' title='bbox 1762 2729 1888 2815; x_wconf 88' lang='lat' dir='ltr'>fidem,</span> <span class='ocrx_word' id='word_1_325' title='bbox 1914 2746 1947 2804; x_wconf 92' lang='lat' dir='ltr'>et</span> <span class='ocrx_word' id='word_1_326' title='bbox 1968 2734 2115 2826; x_wconf 89' lang='lat' dir='ltr'>quidem</span> <span class='ocrx_word' id='word_1_327' title='bbox 2141 2760 2219 2828; x_wconf 84' lang='lat' dir='ltr'>pro-</span> <span class='ocrx_word' id='word_1_328' title='bbox 2261 2808 2263 2817; x_wconf 30' lang='lat'>¹</span> 
     </span>
    </p>

    <p class='ocr_par' dir='ltr' id='par_1_9' title="bbox 204 2820 2263 2929">
     <span class='ocr_line' id='line_1_26' title="bbox 204 2820 2263 2929; baseline -0.001 -22"><span class='ocrx_word' id='word_1_329' title='bbox 204 2838 316 2929; x_wconf 89' lang='lat' dir='ltr'>gradu</span> <span class='ocrx_word' id='word_1_330' title='bbox 332 2831 477 2902; x_wconf 90' lang='lat' dir='ltr'>detracti</span> <span class='ocrx_word' id='word_1_331' title='bbox 492 2829 531 2898; x_wconf 92' lang='lat' dir='ltr'>in</span> <span class='ocrx_word' id='word_1_332' title='bbox 551 2826 790 2898; x_wconf 88' lang='lat' dir='ltr'>acerbissimas</span> <span class='ocrx_word' id='word_1_333' title='bbox 807 2823 1033 2893; x_wconf 91' lang='lat' dir='ltr'>calamitates.</span> <span class='ocrx_word' id='word_1_334' title='bbox 1239 2823 1360 2893; x_wconf 92' lang='lat' dir='ltr'>missio</span> <span class='ocrx_word' id='word_1_335' title='bbox 1375 2820 1673 2895; x_wconf 89' lang='lat' dir='ltr'>reconciliationis</span> <span class='ocrx_word' id='word_1_336' title='bbox 1688 2829 1839 2921; x_wconf 87' lang='lat' dir='ltr'>requirit</span> <span class='ocrx_word' id='word_1_337' title='bbox 1854 2833 1969 2921; x_wconf 83' lang='lat' dir='ltr'>fidem,</span> <span class='ocrx_word' id='word_1_338' title='bbox 1988 2824 2079 2927; x_wconf 84' lang='lat' dir='ltr'>quae</span> <span class='ocrx_word' id='word_1_339' title='bbox 2091 2849 2220 2908; x_wconf 79' lang='lat' dir='ltr'>statuat</span> <span class='ocrx_word' id='word_1_340' title='bbox 2261 2820 2263 2913; x_wconf 84' lang='lat' dir='ltr'>l</span> 
     </span>
    </p>

    <p class='ocr_par' dir='ltr' id='par_1_10' title="bbox 205 2924 2263 3134">
     <span class='ocr_line' id='line_1_27' title="bbox 307 2924 2263 3024; baseline -0.001 -18"><span class='ocrx_word' id='word_1_341' title='bbox 307 2933 408 3006; x_wconf 87' lang='lat' dir='ltr'>Talis</span> <span class='ocrx_word' id='word_1_342' title='bbox 428 2931 495 3003; x_wconf 83' lang='lat' dir='ltr'>tuit</span> <span class='ocrx_word' id='word_1_343' title='bbox 513 2932 628 3020; x_wconf 83' lang='lat' dir='ltr'>imago</span> <span class='ocrx_word' id='word_1_344' title='bbox 649 2924 798 2998; x_wconf 89' lang='lat' dir='ltr'>Davidis</span> <span class='ocrx_word' id='word_1_345' title='bbox 819 2925 858 2993; x_wconf 90' lang='lat' dir='ltr'>in</span> <span class='ocrx_word' id='word_1_346' title='bbox 879 2925 1075 3009; x_wconf 89' lang='lat' dir='ltr'>seditione,</span> <span class='ocrx_word' id='word_1_347' title='bbox 1107 2946 1186 2993; x_wconf 90' lang='lat' dir='ltr'>cum</span> <span class='ocrx_word' id='word_1_348' title='bbox 1237 2924 1346 3014; x_wconf 87' lang='lat' dir='ltr'>gratis</span> <span class='ocrx_word' id='word_1_349' title='bbox 1366 2926 1561 2994; x_wconf 89' lang='lat' dir='ltr'>condonari</span> <span class='ocrx_word' id='word_1_350' title='bbox 1582 2941 1738 3020; x_wconf 90' lang='lat' dir='ltr'>peccata,</span> <span class='ocrx_word' id='word_1_351' title='bbox 1772 2933 1855 3024; x_wconf 91' lang='lat' dir='ltr'>quia</span> <span class='ocrx_word' id='word_1_352' title='bbox 1879 2933 1977 3006; x_wconf 89' lang='lat' dir='ltr'>lieret</span> <span class='ocrx_word' id='word_1_353' title='bbox 1999 2937 2155 3021; x_wconf 88' lang='lat' dir='ltr'>incerta,</span> <span class='ocrx_word' id='word_1_354' title='bbox 2181 2950 2220 3007; x_wconf 81' lang='lat' dir='ltr'>et</span> <span class='ocrx_word' id='word_1_355' title='bbox 2261 2936 2263 3011; x_wconf 85' lang='lat' dir='ltr'>l</span> 
     </span>
     <span class='ocr_line' id='line_1_28' title="bbox 205 3028 2263 3134; baseline -0.001 -23"><span class='ocrx_word' id='word_1_356' title='bbox 205 3041 280 3134; x_wconf 88' lang='lat' dir='ltr'>ipse</span> <span class='ocrx_word' id='word_1_357' title='bbox 294 3037 483 3127; x_wconf 87' lang='lat' dir='ltr'>cogitaret,</span> <span class='ocrx_word' id='word_1_358' title='bbox 508 3032 633 3126; x_wconf 86' lang='lat' dir='ltr'>quanti</span> <span class='ocrx_word' id='word_1_359' title='bbox 646 3029 787 3101; x_wconf 88' lang='lat' dir='ltr'>sceleris</span> <span class='ocrx_word' id='word_1_360' title='bbox 808 3049 937 3117; x_wconf 86' lang='lat' dir='ltr'>poenas</span> <span class='ocrx_word' id='word_1_361' title='bbox 951 3030 1060 3096; x_wconf 80' lang='lat' dir='ltr'>daret.</span> <span class='ocrx_word' id='word_1_362' title='bbox 1239 3040 1458 3098; x_wconf 87' lang='lat' dir='ltr'>excuteretur</span> <span class='ocrx_word' id='word_1_363' title='bbox 1491 3028 1641 3120; x_wconf 90' lang='lat' dir='ltr'>animis,</span> <span class='ocrx_word' id='word_1_364' title='bbox 1680 3030 1711 3098; x_wconf 93' lang='lat' dir='ltr'>si</span> <span class='ocrx_word' id='word_1_365' title='bbox 1743 3035 1911 3123; x_wconf 88' lang='lat' dir='ltr'>penderet</span> <span class='ocrx_word' id='word_1_366' title='bbox 1943 3061 1985 3106; x_wconf 86' lang='lat' dir='ltr'>ex</span> <span class='ocrx_word' id='word_1_367' title='bbox 2019 3040 2221 3111; x_wconf 89' lang='lat' dir='ltr'>conditione</span> <span class='ocrx_word' id='word_1_368' title='bbox 2261 3074 2263 3079; x_wconf 96' lang='lat'>·</span> 
     </span>
    </p>

    <p class='ocr_par' dir='ltr' id='par_1_11' title="bbox 203 3127 2263 3739">
     <span class='ocr_line' id='line_1_29' title="bbox 306 3127 2263 3231; baseline 0.017 -64"><span class='ocrx_word' id='word_1_369' title='bbox 306 3138 407 3210; x_wconf 63' lang='lat' dir='ltr'>‚salis</span> <span class='ocrx_word' id='word_1_370' title='bbox 423 3135 492 3207; x_wconf 81' lang='lat' dir='ltr'>tuit</span> <span class='ocrx_word' id='word_1_371' title='bbox 508 3137 623 3223; x_wconf 87' lang='lat' dir='ltr'>imago</span> <span class='ocrx_word' id='word_1_372' title='bbox 639 3127 973 3223; x_wconf 86' lang='lat' dir='ltr'>huiusBabylonici</span> <span class='ocrx_word' id='word_1_373' title='bbox 990 3128 1098 3216; x_wconf 87' lang='lat' dir='ltr'>regis,</span> <span class='ocrx_word' id='word_1_374' title='bbox 1125 3127 1188 3219; x_wconf 92' lang='lat' dir='ltr'>qui</span> <span class='ocrx_word' id='word_1_375' title='bbox 1238 3127 1421 3218; x_wconf 88' lang='lat' dir='ltr'>dignitatis</span> <span class='ocrx_word' id='word_1_376' title='bbox 1453 3143 1606 3203; x_wconf 85' lang='lat' dir='ltr'>nostrae.</span> <span class='ocrx_word' id='word_1_377' title='bbox 1667 3127 1765 3221; x_wconf 86' lang='lat' dir='ltr'>Ergo</span> <span class='ocrx_word' id='word_1_378' title='bbox 1798 3158 1902 3206; x_wconf 88' lang='lat' dir='ltr'>nemo</span> <span class='ocrx_word' id='word_1_379' title='bbox 1933 3137 2069 3228; x_wconf 88' lang='lat' dir='ltr'>peritus</span> <span class='ocrx_word' id='word_1_380' title='bbox 2096 3163 2219 3231; x_wconf 74' lang='lat' dir='ltr'>negare</span> <span class='ocrx_word' id='word_1_381' title='bbox 2261 3168 2263 3201; x_wconf 74' lang='grc' dir='ltr'>ι</span> 
     </span>
     <span class='ocr_line' id='line_1_30' title="bbox 204 3225 2263 3332; baseline -0.006 -15"><span class='ocrx_word' id='word_1_382' title='bbox 204 3267 282 3316; x_wconf 90' lang='lat' dir='ltr'>uon</span> <span class='ocrx_word' id='word_1_383' title='bbox 297 3243 412 3314; x_wconf 88' lang='lat' dir='ltr'>solum</span> <span class='ocrx_word' id='word_1_384' title='bbox 428 3239 467 3308; x_wconf 81' lang='lat' dir='ltr'>fit</span> <span class='ocrx_word' id='word_1_385' title='bbox 480 3236 645 3313; x_wconf 68' lang='lat' dir='ltr'>furimus,</span> <span class='ocrx_word' id='word_1_386' title='bbox 666 3235 738 3316; x_wconf 90' lang='lat' dir='ltr'>sed,</span> <span class='ocrx_word' id='word_1_387' title='bbox 760 3244 801 3300; x_wconf 94' lang='lat' dir='ltr'>ut</span> <span class='ocrx_word' id='word_1_388' title='bbox 815 3230 952 3298; x_wconf 91' lang='lat' dir='ltr'>insania</span> <span class='ocrx_word' id='word_1_389' title='bbox 969 3229 1014 3299; x_wconf 87' lang='lat' dir='ltr'>sit</span> <span class='ocrx_word' id='word_1_390' title='bbox 1030 3229 1187 3299; x_wconf 88' lang='lat' dir='ltr'>celebra·</span> <span class='ocrx_word' id='word_1_391' title='bbox 1240 3243 1370 3322; x_wconf 89' lang='lat' dir='ltr'>potest,</span> <span class='ocrx_word' id='word_1_392' title='bbox 1396 3228 1483 3323; x_wconf 93' lang='lat' dir='ltr'>quin</span> <span class='ocrx_word' id='word_1_393' title='bbox 1508 3225 1567 3300; x_wconf 92' lang='lat' dir='ltr'>hic</span> <span class='ocrx_word' id='word_1_394' title='bbox 1590 3232 1790 3323; x_wconf 89' lang='lat' dir='ltr'>requiratur</span> <span class='ocrx_word' id='word_1_395' title='bbox 1817 3236 1904 3306; x_wconf 86' lang='lat' dir='ltr'>fides</span> <span class='ocrx_word' id='word_1_396' title='bbox 1931 3241 2116 3330; x_wconf 85' lang='lat' dir='ltr'>proposita</span> <span class='ocrx_word' id='word_1_397' title='bbox 2141 3265 2220 3332; x_wconf 88' lang='lat' dir='ltr'>pro·</span> <span class='ocrx_word' id='word_1_398' title='bbox 2260 3296 2263 3317; x_wconf 86' lang='grc'>,</span> 
     </span>
     <span class='ocr_line' id='line_1_31' title="bbox 206 3328 2263 3430; baseline -0.004 -13"><span class='ocrx_word' id='word_1_399' title='bbox 206 3349 288 3428; x_wconf 88' lang='lat' dir='ltr'>tior,</span> <span class='ocrx_word' id='word_1_400' title='bbox 313 3353 458 3429; x_wconf 90' lang='lat' dir='ltr'>vagatur</span> <span class='ocrx_word' id='word_1_401' title='bbox 474 3338 566 3407; x_wconf 88' lang='lat' dir='ltr'>inter</span> <span class='ocrx_word' id='word_1_402' title='bbox 579 3335 719 3405; x_wconf 85' lang='lat' dir='ltr'>bestias.</span> <span class='ocrx_word' id='word_1_403' title='bbox 757 3330 801 3399; x_wconf 92' lang='lat' dir='ltr'>In</span> <span class='ocrx_word' id='word_1_404' title='bbox 815 3328 880 3400; x_wconf 86' lang='lat' dir='ltr'>hac</span> <span class='ocrx_word' id='word_1_405' title='bbox 900 3329 1096 3402; x_wconf 89' lang='lat' dir='ltr'>calamitate</span> <span class='ocrx_word' id='word_1_406' title='bbox 1113 3353 1187 3400; x_wconf 90' lang='lat' dir='ltr'>uon</span> <span class='ocrx_word' id='word_1_407' title='bbox 1240 3333 1416 3401; x_wconf 79' lang='lat' dir='ltr'>missione.</span> <span class='ocrx_word' id='word_1_408' title='bbox 1469 3330 1682 3424; x_wconf 91' lang='lat' dir='ltr'>Ubicunque</span> <span class='ocrx_word' id='word_1_409' title='bbox 1705 3333 1814 3423; x_wconf 87' lang='lat' dir='ltr'>igitur</span> <span class='ocrx_word' id='word_1_410' title='bbox 1837 3339 1892 3407; x_wconf 91' lang='lat' dir='ltr'>vel</span> <span class='ocrx_word' id='word_1_411' title='bbox 1916 3353 2035 3430; x_wconf 89' lang='lat' dir='ltr'>aperte</span> <span class='ocrx_word' id='word_1_412' title='bbox 2059 3342 2117 3410; x_wconf 85' lang='lat' dir='ltr'>vel</span> <span class='ocrx_word' id='word_1_413' title='bbox 2138 3355 2219 3411; x_wconf 89' lang='lat' dir='ltr'>tecte</span> <span class='ocrx_word' id='word_1_414' title='bbox 2261 3362 2263 3373; x_wconf 91' lang='grc'><strong><em>·</em></strong></span> 
     </span>
     <span class='ocr_line' id='line_1_32' title="bbox 203 3432 2220 3533; baseline -0.003 -15"><span class='ocrx_word' id='word_1_415' title='bbox 203 3447 321 3519; x_wconf 89' lang='lat' dir='ltr'>solum</span> <span class='ocrx_word' id='word_1_416' title='bbox 343 3440 459 3512; x_wconf 90' lang='lat' dir='ltr'>amisit</span> <span class='ocrx_word' id='word_1_417' title='bbox 482 3460 629 3528; x_wconf 85' lang='lat' dir='ltr'>regnum</span> <span class='ocrx_word' id='word_1_418' title='bbox 665 3448 700 3505; x_wconf 92' lang='lat' dir='ltr'>et</span> <span class='ocrx_word' id='word_1_419' title='bbox 730 3432 973 3517; x_wconf 85' lang='lat' dir='ltr'>autoritatem,</span> <span class='ocrx_word' id='word_1_420' title='bbox 1007 3433 1068 3501; x_wconf 90' lang='lat' dir='ltr'>sed</span> <span class='ocrx_word' id='word_1_421' title='bbox 1089 3433 1186 3530; x_wconf 85' lang='lat' dir='ltr'>quod</span> <span class='ocrx_word' id='word_1_422' title='bbox 1240 3433 1426 3525; x_wconf 86' lang='lat' dir='ltr'>promissio</span> <span class='ocrx_word' id='word_1_423' title='bbox 1455 3433 1609 3503; x_wconf 89' lang='lat' dir='ltr'>traditur</span> <span class='ocrx_word' id='word_1_424' title='bbox 1638 3434 1745 3504; x_wconf 91' lang='lat' dir='ltr'>simul</span> <span class='ocrx_word' id='word_1_425' title='bbox 1775 3437 1879 3507; x_wconf 89' lang='lat' dir='ltr'>fidem</span> <span class='ocrx_word' id='word_1_426' title='bbox 1903 3440 2039 3533; x_wconf 90' lang='lat' dir='ltr'>requiri</span> <span class='ocrx_word' id='word_1_427' title='bbox 2063 3442 2220 3527; x_wconf 90' lang='lat' dir='ltr'>sciamus,</span> 
     </span>
     <span class='ocr_line' id='line_1_33' title="bbox 204 3530 2220 3635; baseline -0.007 -16"><span class='ocrx_word' id='word_1_428' title='bbox 204 3547 320 3618; x_wconf 88' lang='lat' dir='ltr'>multo</span> <span class='ocrx_word' id='word_1_429' title='bbox 350 3544 432 3635; x_wconf 88' lang='lat' dir='ltr'>plus</span> <span class='ocrx_word' id='word_1_430' title='bbox 459 3556 528 3623; x_wconf 90' lang='lat' dir='ltr'>est,</span> <span class='ocrx_word' id='word_1_431' title='bbox 565 3549 718 3607; x_wconf 91' lang='lat' dir='ltr'>mentem</span> <span class='ocrx_word' id='word_1_432' title='bbox 746 3535 864 3607; x_wconf 91' lang='lat' dir='ltr'>etiam.</span> <span class='ocrx_word' id='word_1_433' title='bbox 914 3532 1188 3604; x_wconf 87' lang='lat' dir='ltr'>Consideremus</span> <span class='ocrx_word' id='word_1_434' title='bbox 1239 3535 1329 3606; x_wconf 84' lang='lat' dir='ltr'>sieut</span> <span class='ocrx_word' id='word_1_435' title='bbox 1344 3539 1443 3606; x_wconf 89' lang='lat' dir='ltr'>docet</span> <span class='ocrx_word' id='word_1_436' title='bbox 1457 3533 1590 3604; x_wconf 89' lang='lat' dir='ltr'>Paulus</span> <span class='ocrx_word' id='word_1_437' title='bbox 1607 3530 1774 3611; x_wconf 81' lang='lat' dir='ltr'>Rom.⁴l.:</span> <span class='ocrx_word' id='word_1_438' title='bbox 1802 3537 1886 3610; x_wconf 90' lang='lat' dir='ltr'>Ideo</span> <span class='ocrx_word' id='word_1_439' title='bbox 1903 3565 1945 3611; x_wconf 88' lang='lat' dir='ltr'>ex</span> <span class='ocrx_word' id='word_1_440' title='bbox 1956 3542 2024 3615; x_wconf 80' lang='lat' dir='ltr'>fide</span> <span class='ocrx_word' id='word_1_441' title='bbox 2040 3545 2162 3634; x_wconf 66' lang='lat' dir='ltr'>gratis,</span> <span class='ocrx_word' id='word_1_442' title='bbox 2185 3557 2220 3614; x_wconf 81' lang='lat' dir='ltr'>ut</span> 
     </span>
     <span class='ocr_line' id='line_1_34' title="bbox 205 3635 1615 3739; baseline -0.011 -20"><span class='ocrx_word' id='word_1_443' title='bbox 205 3648 315 3739; x_wconf 85' lang='lat' dir='ltr'>igitur</span> <span class='ocrx_word' id='word_1_444' title='bbox 330 3645 433 3738; x_wconf 87' lang='lat' dir='ltr'>quale</span> <span class='ocrx_word' id='word_1_445' title='bbox 449 3642 494 3712; x_wconf 92' lang='lat' dir='ltr'>sit</span> <span class='ocrx_word' id='word_1_446' title='bbox 510 3641 585 3710; x_wconf 91' lang='lat' dir='ltr'>eius</span> <span class='ocrx_word' id='word_1_447' title='bbox 600 3649 793 3728; x_wconf 90' lang='lat' dir='ltr'>peccatum,</span> <span class='ocrx_word' id='word_1_448' title='bbox 818 3648 858 3705; x_wconf 94' lang='lat' dir='ltr'>ut</span> <span class='ocrx_word' id='word_1_449' title='bbox 873 3635 1050 3705; x_wconf 87' lang='lat' dir='ltr'>discamus</span> <span class='ocrx_word' id='word_1_450' title='bbox 1063 3635 1188 3706; x_wconf 89' lang='lat' dir='ltr'>timere</span> <span class='ocrx_word' id='word_1_451' title='bbox 1238 3635 1284 3707; x_wconf 91' lang='lat' dir='ltr'>sit</span> <span class='ocrx_word' id='word_1_452' title='bbox 1300 3639 1399 3707; x_wconf 80' lang='lat' dir='ltr'>firma</span> <span class='ocrx_word' id='word_1_453' title='bbox 1416 3636 1615 3729; x_wconf 87' lang='lat' dir='ltr'>promissio.</span> 
     </span>
    </p>

    <p class='ocr_par' dir='ltr' id='par_1_12' title="bbox 96 3736 2222 4239">
     <span class='ocr_line' id='line_1_35' title="bbox 203 3736 2220 3837; baseline -0.01 -15"><span class='ocrx_word' id='word_1_454' title='bbox 203 3747 345 3830; x_wconf 84' lang='lat' dir='ltr'>Deum,</span> <span class='ocrx_word' id='word_1_455' title='bbox 377 3761 411 3816; x_wconf 93' lang='lat' dir='ltr'>et</span> <span class='ocrx_word' id='word_1_456' title='bbox 442 3768 516 3814; x_wconf 91' lang='lat' dir='ltr'>non</span> <span class='ocrx_word' id='word_1_457' title='bbox 548 3741 641 3810; x_wconf 88' lang='lat' dir='ltr'>alere</span> <span class='ocrx_word' id='word_1_458' title='bbox 668 3738 889 3808; x_wconf 88' lang='lat' dir='ltr'>securitatem</span> <span class='ocrx_word' id='word_1_459' title='bbox 917 3751 950 3806; x_wconf 93' lang='lat' dir='ltr'>et</span> <span class='ocrx_word' id='word_1_460' title='bbox 975 3736 1188 3829; x_wconf 78' lang='lat' dir='ltr'>superbiam,</span> <span class='ocrx_word' id='word_1_461' title='bbox 1341 3736 1547 3808; x_wconf 82' lang='lat' dir='ltr'>Adversarii</span> <span class='ocrx_word' id='word_1_462' title='bbox 1581 3737 1713 3808; x_wconf 90' lang='lat' dir='ltr'>insulse</span> <span class='ocrx_word' id='word_1_463' title='bbox 1738 3740 1941 3834; x_wconf 88' lang='lat' dir='ltr'>intelligunt</span> <span class='ocrx_word' id='word_1_464' title='bbox 1972 3739 2038 3816; x_wconf 89' lang='lat' dir='ltr'>bas</span> <span class='ocrx_word' id='word_1_465' title='bbox 2061 3747 2220 3837; x_wconf 61' lang='lat' dir='ltr'>gravissi.</span> 
     </span>
     <span class='ocr_line' id='line_1_36' title="bbox 204 3835 2222 3946; baseline -0.003 -25"><span class='ocrx_word' id='word_1_466' title='bbox 204 3873 297 3946; x_wconf 89' lang='lat' dir='ltr'>quae</span> <span class='ocrx_word' id='word_1_467' title='bbox 318 3847 462 3941; x_wconf 87' lang='lat' dir='ltr'>pariunt</span> <span class='ocrx_word' id='word_1_468' title='bbox 487 3845 595 3915; x_wconf 91' lang='lat' dir='ltr'>multa</span> <span class='ocrx_word' id='word_1_469' title='bbox 616 3842 686 3911; x_wconf 92' lang='lat' dir='ltr'>alia</span> <span class='ocrx_word' id='word_1_470' title='bbox 712 3854 850 3930; x_wconf 86' lang='lat' dir='ltr'>peccata</span> <span class='ocrx_word' id='word_1_471' title='bbox 867 3851 901 3908; x_wconf 87' lang='lat' dir='ltr'>et</span> <span class='ocrx_word' id='word_1_472' title='bbox 921 3863 1069 3928; x_wconf 90' lang='lat' dir='ltr'>poenas,</span> <span class='ocrx_word' id='word_1_473' title='bbox 1097 3840 1189 3908; x_wconf 87' lang='lat' dir='ltr'>sicut</span> <span class='ocrx_word' id='word_1_474' title='bbox 1240 3863 1314 3908; x_wconf 91' lang='lat' dir='ltr'>mas</span> <span class='ocrx_word' id='word_1_475' title='bbox 1330 3840 1527 3911; x_wconf 90' lang='lat' dir='ltr'>conciones.</span> <span class='ocrx_word' id='word_1_476' title='bbox 1560 3835 1632 3908; x_wconf 90' lang='lat' dir='ltr'>Nec</span> <span class='ocrx_word' id='word_1_477' title='bbox 1647 3839 1854 3914; x_wconf 89' lang='lat' dir='ltr'>discernunt</span> <span class='ocrx_word' id='word_1_478' title='bbox 1872 3847 2121 3936; x_wconf 77' lang='lat' dir='ltr'>promissiones</span> <span class='ocrx_word' id='word_1_479' title='bbox 2136 3872 2156 3917; x_wconf 89' lang='lat' dir='ltr'>a</span> <span class='ocrx_word' id='word_1_480' title='bbox 2172 3849 2222 3916; x_wconf 91' lang='lat' dir='ltr'>le-</span> 
     </span>
     <span class='ocr_line' id='line_1_37' title="bbox 96 3939 2221 4043; baseline -0.008 -17"><span class='ocrx_word' id='word_1_481' title='bbox 96 4002 99 4009; x_wconf 91' lang='lat'>·</span> <span class='ocrx_word' id='word_1_482' title='bbox 206 3952 458 4043; x_wconf 88' lang='lat' dir='ltr'>scriptumest:</span> <span class='ocrx_word' id='word_1_483' title='bbox 485 3946 585 4018; x_wconf 89' lang='lat' dir='ltr'>Sedit</span> <span class='ocrx_word' id='word_1_484' title='bbox 603 3944 754 4034; x_wconf 91' lang='lat' dir='ltr'>populus</span> <span class='ocrx_word' id='word_1_485' title='bbox 769 3943 982 4009; x_wconf 87' lang='lat' dir='ltr'>manducare</span> <span class='ocrx_word' id='word_1_486' title='bbox 999 3954 1034 4010; x_wconf 92' lang='lat' dir='ltr'>et</span> <span class='ocrx_word' id='word_1_487' title='bbox 1057 3941 1189 4023; x_wconf 85' lang='lat' dir='ltr'>bibere,</span> <span class='ocrx_word' id='word_1_488' title='bbox 1240 3964 1299 4032; x_wconf 87' lang='lat' dir='ltr'>ge,</span> <span class='ocrx_word' id='word_1_489' title='bbox 1326 3964 1390 4010; x_wconf 91' lang='lat' dir='ltr'>nec</span> <span class='ocrx_word' id='word_1_490' title='bbox 1413 3939 1617 4029; x_wconf 89' lang='lat' dir='ltr'>intelligunt</span> <span class='ocrx_word' id='word_1_491' title='bbox 1639 3964 1743 4012; x_wconf 89' lang='lat' dir='ltr'>usum</span> <span class='ocrx_word' id='word_1_492' title='bbox 1765 3949 2042 4034; x_wconf 89' lang='lat' dir='ltr'>promissionum</span> <span class='ocrx_word' id='word_1_493' title='bbox 2060 3964 2094 4021; x_wconf 93' lang='lat' dir='ltr'>et</span> <span class='ocrx_word' id='word_1_494' title='bbox 2110 3963 2221 4019; x_wconf 84' lang='lat' dir='ltr'>certa.</span> 
     </span>
     <span class='ocr_line' id='line_1_38' title="bbox 205 4040 2220 4143; baseline -0.002 -19"><span class='ocrx_word' id='word_1_495' title='bbox 205 4068 241 4125; x_wconf 92' lang='lat' dir='ltr'>et</span> <span class='ocrx_word' id='word_1_496' title='bbox 260 4052 411 4122; x_wconf 87' lang='lat' dir='ltr'>surrexit</span> <span class='ocrx_word' id='word_1_497' title='bbox 433 4051 565 4121; x_wconf 90' lang='lat' dir='ltr'>ludere.</span> <span class='ocrx_word' id='word_1_498' title='bbox 617 4044 722 4116; x_wconf 89' lang='lat' dir='ltr'>ltem:</span> <span class='ocrx_word' id='word_1_499' title='bbox 748 4040 839 4112; x_wconf 92' lang='lat' dir='ltr'>Cum</span> <span class='ocrx_word' id='word_1_500' title='bbox 861 4041 1037 4127; x_wconf 89' lang='lat' dir='ltr'>dixerint,</span> <span class='ocrx_word' id='word_1_501' title='bbox 1064 4040 1137 4110; x_wconf 81' lang='lat' dir='ltr'>Pax</span> <span class='ocrx_word' id='word_1_502' title='bbox 1154 4055 1186 4111; x_wconf 94' lang='lat' dir='ltr'>et</span> <span class='ocrx_word' id='word_1_503' title='bbox 1240 4043 1337 4111; x_wconf 90' lang='lat' dir='ltr'>mina</span> <span class='ocrx_word' id='word_1_504' title='bbox 1353 4043 1462 4125; x_wconf 70' lang='lat' dir='ltr'>fidei,</span> <span class='ocrx_word' id='word_1_505' title='bbox 1495 4054 1633 4113; x_wconf 87' lang='lat' dir='ltr'>tantum</span> <span class='ocrx_word' id='word_1_506' title='bbox 1662 4047 1841 4118; x_wconf 85' lang='lat' dir='ltr'>somniant</span> <span class='ocrx_word' id='word_1_507' title='bbox 1863 4042 1948 4120; x_wconf 88' lang='lat' dir='ltr'>haec</span> <span class='ocrx_word' id='word_1_508' title='bbox 1976 4073 2052 4119; x_wconf 90' lang='lat' dir='ltr'>esse</span> <span class='ocrx_word' id='word_1_509' title='bbox 2075 4052 2220 4143; x_wconf 87' lang='lat' dir='ltr'>puerilia</span> 
     </span>
     <span class='ocr_line' id='line_1_39' title="bbox 204 4142 2220 4239; baseline -0.013 -1"><span class='ocrx_word' id='word_1_510' title='bbox 204 4148 372 4235; x_wconf 65' lang='lat' dir='ltr'>Securibtt</span> <span class='ocrx_word' id='word_1_511' title='bbox 389 4167 454 4226; x_wconf 88' lang='lat' dir='ltr'>etc.</span> <span class='ocrx_word' id='word_1_512' title='bbox 1241 4157 1424 4236; x_wconf 86' lang='lat' dir='ltr'>praecepta</span> <span class='ocrx_word' id='word_1_513' title='bbox 1441 4145 1484 4212; x_wconf 91' lang='lat' dir='ltr'>de</span> <span class='ocrx_word' id='word_1_514' title='bbox 1499 4142 1671 4213; x_wconf 83' lang='lat' dir='ltr'>moribus.</span> <span class='ocrx_word' id='word_1_515' title='bbox 1713 4144 1943 4221; x_wconf 88' lang='lat' dir='ltr'>Abducamus</span> <span class='ocrx_word' id='word_1_516' title='bbox 1961 4151 2073 4239; x_wconf 86' lang='lat' dir='ltr'>igitur</span> <span class='ocrx_word' id='word_1_517' title='bbox 2086 4153 2220 4224; x_wconf 76' lang='lat' dir='ltr'>animos</span> 
     </span>
    </p>
   </div>
   <div class='ocr_carea' id='block_1_3' title="bbox 550 4245 2218 4436">
    <p class='ocr_par' dir='ltr' id='par_1_13' title="bbox 550 4245 2218 4436">
     <span class='ocr_line' id='line_1_40' title="bbox 1241 4245 2218 4346; baseline 0.005 -31"><span class='ocrx_word' id='word_1_518' title='bbox 1241 4249 1286 4316; x_wconf 93' lang='lat' dir='ltr'>ab</span> <span class='ocrx_word' id='word_1_519' title='bbox 1307 4270 1429 4317; x_wconf 86' lang='lat' dir='ltr'>eorum</span> <span class='ocrx_word' id='word_1_520' title='bbox 1450 4245 1710 4328; x_wconf 87' lang='lat' dir='ltr'>deliramentis,</span> <span class='ocrx_word' id='word_1_521' title='bbox 1734 4262 1767 4317; x_wconf 91' lang='lat' dir='ltr'>et</span> <span class='ocrx_word' id='word_1_522' title='bbox 1783 4251 1975 4340; x_wconf 87' lang='lat' dir='ltr'>cogitemus</span> <span class='ocrx_word' id='word_1_523' title='bbox 1990 4247 2050 4322; x_wconf 94' lang='lat' dir='ltr'>hic</span> <span class='ocrx_word' id='word_1_524' title='bbox 2071 4250 2218 4346; x_wconf 87' lang='lat' dir='ltr'>proponi</span> 
     </span>
     <span class='ocr_line' id='line_1_41' title="bbox 550 4317 2218 4436; baseline 0.007 -24"><span class='ocrx_word' id='word_1_525' title='bbox 550 4321 610 4393; x_wconf 66' lang='lat' dir='ltr'>De</span> <span class='ocrx_word' id='word_1_526' title='bbox 638 4322 728 4406; x_wconf 74' lang='lat' dir='ltr'>ffll·</span> <span class='ocrx_word' id='word_1_527' title='bbox 752 4317 843 4388; x_wconf 74' lang='grc'><em>0000·</em></span> <span class='ocrx_word' id='word_1_528' title='bbox 1241 4348 1367 4418; x_wconf 87' lang='lat' dir='ltr'>seriam</span> <span class='ocrx_word' id='word_1_529' title='bbox 1390 4361 1424 4418; x_wconf 90' lang='lat' dir='ltr'>et</span> <span class='ocrx_word' id='word_1_530' title='bbox 1444 4346 1686 4434; x_wconf 85' lang='lat' dir='ltr'>gravissimam</span> <span class='ocrx_word' id='word_1_531' title='bbox 1709 4350 1915 4421; x_wconf 90' lang='lat' dir='ltr'>concionem</span> <span class='ocrx_word' id='word_1_532' title='bbox 1931 4355 1975 4422; x_wconf 87' lang='lat' dir='ltr'>de</span> <span class='ocrx_word' id='word_1_533' title='bbox 1999 4378 2036 4422; x_wconf 89' lang='lat' dir='ltr'>re</span> <span class='ocrx_word' id='word_1_534' title='bbox 2059 4358 2218 4436; x_wconf 84' lang='lat' dir='ltr'>maxima,</span> 
     </span>
    </p>
   </div>
   <div class='ocr_carea' id='block_1_4' title="bbox 88 4449 2263 5467">
    <p class='ocr_par' dir='ltr' id='par_1_14' title="bbox 307 4449 2109 4550">
     <span class='ocr_line' id='line_1_42' title="bbox 307 4449 2109 4550; baseline -0.003 -19"><span class='ocrx_word' id='word_1_535' title='bbox 307 4458 442 4531; x_wconf 89' lang='lat' dir='ltr'>Concio</span> <span class='ocrx_word' id='word_1_536' title='bbox 466 4456 703 4550; x_wconf 88' lang='lat' dir='ltr'>poenitentiae</span> <span class='ocrx_word' id='word_1_537' title='bbox 726 4454 914 4542; x_wconf 81' lang='lat' dir='ltr'>diligenter</span> <span class='ocrx_word' id='word_1_538' title='bbox 933 4450 1209 4550; x_wconf 79' lang='lat' dir='ltr'>consideranda.</span> <span class='ocrx_word' id='word_1_539' title='bbox 1241 4452 1286 4520; x_wconf 94' lang='lat' dir='ltr'>de</span> <span class='ocrx_word' id='word_1_540' title='bbox 1306 4449 1513 4518; x_wconf 89' lang='lat' dir='ltr'>remissione</span> <span class='ocrx_word' id='word_1_541' title='bbox 1529 4460 1770 4535; x_wconf 88' lang='lat' dir='ltr'>peccatorum,</span> <span class='ocrx_word' id='word_1_542' title='bbox 1796 4452 1928 4521; x_wconf 87' lang='lat' dir='ltr'>devita</span> <span class='ocrx_word' id='word_1_543' title='bbox 1952 4470 2109 4527; x_wconf 87' lang='lat' dir='ltr'>aeterua.</span> 
     </span>
    </p>

    <p class='ocr_par' dir='ltr' id='par_1_15' title="bbox 99 4543 2263 4954">
     <span class='ocr_line' id='line_1_43' title="bbox 99 4543 2219 4647; baseline -0.004 -14"><span class='ocrx_word' id='word_1_544' title='bbox 99 4564 104 4572; x_wconf 77' lang='grc'><em>’</em></span> <span class='ocrx_word' id='word_1_545' title='bbox 206 4577 270 4639; x_wconf 85' lang='lat' dir='ltr'>est.</span> <span class='ocrx_word' id='word_1_546' title='bbox 302 4562 391 4632; x_wconf 87' lang='lat' dir='ltr'>Nam</span> <span class='ocrx_word' id='word_1_547' title='bbox 410 4573 450 4629; x_wconf 93' lang='lat' dir='ltr'>ut</span> <span class='ocrx_word' id='word_1_548' title='bbox 466 4561 559 4637; x_wconf 83' lang='lat' dir='ltr'>dixi,</span> <span class='ocrx_word' id='word_1_549' title='bbox 585 4574 735 4647; x_wconf 87' lang='lat' dir='ltr'>utraque</span> <span class='ocrx_word' id='word_1_550' title='bbox 757 4577 838 4644; x_wconf 87' lang='lat' dir='ltr'>pars</span> <span class='ocrx_word' id='word_1_551' title='bbox 853 4548 911 4621; x_wconf 88' lang='lat' dir='ltr'>hic</span> <span class='ocrx_word' id='word_1_552' title='bbox 930 4553 1084 4623; x_wconf 88' lang='lat' dir='ltr'>breviter</span> <span class='ocrx_word' id='word_1_553' title='bbox 1106 4576 1188 4641; x_wconf 91' lang='lat' dir='ltr'>pro·</span> <span class='ocrx_word' id='word_1_554' title='bbox 1343 4546 1396 4618; x_wconf 82' lang='lat' dir='ltr'>Ac</span> <span class='ocrx_word' id='word_1_555' title='bbox 1410 4546 1538 4618; x_wconf 85' lang='lat' dir='ltr'>Daniel</span> <span class='ocrx_word' id='word_1_556' title='bbox 1555 4549 1592 4617; x_wconf 93' lang='lat' dir='ltr'>in</span> <span class='ocrx_word' id='word_1_557' title='bbox 1615 4543 1681 4618; x_wconf 92' lang='lat' dir='ltr'>hac</span> <span class='ocrx_word' id='word_1_558' title='bbox 1697 4552 1866 4622; x_wconf 92' lang='lat' dir='ltr'>concione</span> <span class='ocrx_word' id='word_1_559' title='bbox 1884 4551 1976 4624; x_wconf 79' lang='lat' dir='ltr'>harad</span> <span class='ocrx_word' id='word_1_560' title='bbox 1995 4558 2105 4626; x_wconf 89' lang='lat' dir='ltr'>dubie</span> <span class='ocrx_word' id='word_1_561' title='bbox 2128 4578 2219 4626; x_wconf 89' lang='lat' dir='ltr'>com·</span> 
     </span>
     <span class='ocr_line' id='line_1_44' title="bbox 206 4646 2263 4758; baseline -0.006 -24"><span class='ocrx_word' id='word_1_562' title='bbox 206 4665 374 4758; x_wconf 89' lang='lat' dir='ltr'>ponitur,</span> <span class='ocrx_word' id='word_1_563' title='bbox 413 4661 573 4730; x_wconf 90' lang='lat' dir='ltr'>doctrina</span> <span class='ocrx_word' id='word_1_564' title='bbox 613 4659 699 4745; x_wconf 91' lang='lat' dir='ltr'>legis</span> <span class='ocrx_word' id='word_1_565' title='bbox 739 4671 774 4726; x_wconf 91' lang='lat' dir='ltr'>et</span> <span class='ocrx_word' id='word_1_566' title='bbox 807 4654 1005 4744; x_wconf 83' lang='lat' dir='ltr'>promissio.</span> <span class='ocrx_word' id='word_1_567' title='bbox 1070 4652 1189 4723; x_wconf 88' lang='lat' dir='ltr'>Prima</span> <span class='ocrx_word' id='word_1_568' title='bbox 1243 4653 1364 4743; x_wconf 84' lang='lat' dir='ltr'>plexus</span> <span class='ocrx_word' id='word_1_569' title='bbox 1396 4664 1447 4720; x_wconf 90' lang='lat' dir='ltr'>est</span> <span class='ocrx_word' id='word_1_570' title='bbox 1474 4663 1583 4719; x_wconf 88' lang='lat' dir='ltr'>totam</span> <span class='ocrx_word' id='word_1_571' title='bbox 1614 4652 1811 4719; x_wconf 91' lang='lat' dir='ltr'>doctrinam</span> <span class='ocrx_word' id='word_1_572' title='bbox 1845 4658 1889 4723; x_wconf 92' lang='lat' dir='ltr'>de</span> <span class='ocrx_word' id='word_1_573' title='bbox 1914 4658 2218 4748; x_wconf 87' lang='lat' dir='ltr'>promissionibus.</span> <span class='ocrx_word' id='word_1_574' title='bbox 2260 4646 2263 4669; x_wconf 87' lang='lat'>&#39;</span> 
     </span>
     <span class='ocr_line' id='line_1_45' title="bbox 204 4745 2263 4859; baseline -0.002 -24"><span class='ocrx_word' id='word_1_575' title='bbox 204 4764 490 4859; x_wconf 90' lang='lat' dir='ltr'>parsestconcio</span> <span class='ocrx_word' id='word_1_576' title='bbox 508 4761 610 4850; x_wconf 88' lang='lat' dir='ltr'>legis:</span> <span class='ocrx_word' id='word_1_577' title='bbox 643 4756 804 4828; x_wconf 85' lang='lat' dir='ltr'>Remove</span> <span class='ocrx_word' id='word_1_578' title='bbox 818 4770 955 4846; x_wconf 88' lang='lat' dir='ltr'>peccata</span> <span class='ocrx_word' id='word_1_579' title='bbox 973 4769 1032 4825; x_wconf 92' lang='lat' dir='ltr'>tua</span> <span class='ocrx_word' id='word_1_580' title='bbox 1049 4777 1112 4846; x_wconf 91' lang='lat' dir='ltr'>per</span> <span class='ocrx_word' id='word_1_581' title='bbox 1132 4754 1189 4824; x_wconf 91' lang='lat' dir='ltr'>iu·</span> <span class='ocrx_word' id='word_1_582' title='bbox 1240 4751 1330 4823; x_wconf 89' lang='lat' dir='ltr'>Nam</span> <span class='ocrx_word' id='word_1_583' title='bbox 1348 4745 1431 4823; x_wconf 89' lang='lat' dir='ltr'>haec</span> <span class='ocrx_word' id='word_1_584' title='bbox 1447 4751 1623 4823; x_wconf 89' lang='lat' dir='ltr'>absolutio</span> <span class='ocrx_word' id='word_1_585' title='bbox 1638 4775 1711 4821; x_wconf 91' lang='lat' dir='ltr'>non</span> <span class='ocrx_word' id='word_1_586' title='bbox 1728 4769 1778 4824; x_wconf 89' lang='lat' dir='ltr'>est</span> <span class='ocrx_word' id='word_1_587' title='bbox 1794 4749 2040 4842; x_wconf 86' lang='lat' dir='ltr'>humanavox,</span> <span class='ocrx_word' id='word_1_588' title='bbox 2067 4764 2130 4831; x_wconf 91' lang='lat' dir='ltr'>sed</span> <span class='ocrx_word' id='word_1_589' title='bbox 2144 4782 2219 4829; x_wconf 84' lang='lat' dir='ltr'>sen·</span> <span class='ocrx_word' id='word_1_590' title='bbox 2261 4830 2263 4849; x_wconf 72' lang='grc'>,</span> 
     </span>
     <span class='ocr_line' id='line_1_46' title="bbox 206 4853 2263 4954; baseline -0.004 -17"><span class='ocrx_word' id='word_1_591' title='bbox 206 4867 357 4943; x_wconf 83' lang='lat' dir='ltr'>stitiam,</span> <span class='ocrx_word' id='word_1_592' title='bbox 389 4879 422 4933; x_wconf 93' lang='lat' dir='ltr'>et</span> <span class='ocrx_word' id='word_1_593' title='bbox 441 4887 502 4953; x_wconf 91' lang='lat' dir='ltr'>per</span> <span class='ocrx_word' id='word_1_594' title='bbox 523 4860 690 4932; x_wconf 83' lang='lat' dir='ltr'>beneficia</span> <span class='ocrx_word' id='word_1_595' title='bbox 708 4882 788 4948; x_wconf 88' lang='lat' dir='ltr'>erga</span> <span class='ocrx_word' id='word_1_596' title='bbox 811 4859 969 4927; x_wconf 90' lang='lat' dir='ltr'>miseros.</span> <span class='ocrx_word' id='word_1_597' title='bbox 1023 4854 1120 4925; x_wconf 88' lang='lat' dir='ltr'>Haec</span> <span class='ocrx_word' id='word_1_598' title='bbox 1137 4867 1190 4923; x_wconf 91' lang='lat' dir='ltr'>est</span> <span class='ocrx_word' id='word_1_599' title='bbox 1241 4855 1350 4925; x_wconf 88' lang='lat' dir='ltr'>tentia</span> <span class='ocrx_word' id='word_1_600' title='bbox 1375 4853 1516 4937; x_wconf 91' lang='lat' dir='ltr'>diviua,</span> <span class='ocrx_word' id='word_1_601' title='bbox 1546 4878 1587 4922; x_wconf 84' lang='lat' dir='ltr'>ex</span> <span class='ocrx_word' id='word_1_602' title='bbox 1610 4854 1906 4942; x_wconf 87' lang='lat' dir='ltr'>promissionibus</span> <span class='ocrx_word' id='word_1_603' title='bbox 1927 4875 2060 4946; x_wconf 91' lang='lat' dir='ltr'>sumta,</span> <span class='ocrx_word' id='word_1_604' title='bbox 2083 4862 2124 4931; x_wconf 92' lang='lat' dir='ltr'>in</span> <span class='ocrx_word' id='word_1_605' title='bbox 2146 4858 2218 4954; x_wconf 92' lang='lat' dir='ltr'>qui·</span> <span class='ocrx_word' id='word_1_606' title='bbox 2261 4872 2263 4941; x_wconf 78' lang='grc' dir='ltr'><strong><em>ζ</em></strong></span> 
     </span>
    </p>

    <p class='ocr_par' dir='ltr' id='par_1_16' title="bbox 88 4953 2263 5467">
     <span class='ocr_line' id='line_1_47' title="bbox 88 4953 2263 5058; baseline -0.004 -21"><span class='ocrx_word' id='word_1_607' title='bbox 88 4997 92 5007; x_wconf 93' lang='grc'>·</span> <span class='ocrx_word' id='word_1_608' title='bbox 204 4991 275 5037; x_wconf 86' lang='lat' dir='ltr'>vox</span> <span class='ocrx_word' id='word_1_609' title='bbox 298 4965 400 5053; x_wconf 88' lang='lat' dir='ltr'>legis,</span> <span class='ocrx_word' id='word_1_610' title='bbox 430 4989 520 5058; x_wconf 90' lang='lat' dir='ltr'>quae</span> <span class='ocrx_word' id='word_1_611' title='bbox 554 4959 725 5055; x_wconf 91' lang='lat' dir='ltr'>praecipit</span> <span class='ocrx_word' id='word_1_612' title='bbox 754 4963 797 5030; x_wconf 91' lang='lat' dir='ltr'>de</span> <span class='ocrx_word' id='word_1_613' title='bbox 820 4957 1036 5050; x_wconf 89' lang='lat' dir='ltr'>poenitentia</span> <span class='ocrx_word' id='word_1_614' title='bbox 1061 4979 1122 5025; x_wconf 92' lang='lat' dir='ltr'>seu</span> <span class='ocrx_word' id='word_1_615' title='bbox 1146 4957 1189 5024; x_wconf 93' lang='lat' dir='ltr'>de</span> <span class='ocrx_word' id='word_1_616' title='bbox 1239 4957 1306 5027; x_wconf 90' lang='lat' dir='ltr'>bus</span> <span class='ocrx_word' id='word_1_617' title='bbox 1320 4968 1425 5025; x_wconf 87' lang='lat' dir='ltr'>norat</span> <span class='ocrx_word' id='word_1_618' title='bbox 1439 4953 1568 5024; x_wconf 91' lang='lat' dir='ltr'>Daniel</span> <span class='ocrx_word' id='word_1_619' title='bbox 1585 4968 1727 5045; x_wconf 92' lang='lat' dir='ltr'>propter</span> <span class='ocrx_word' id='word_1_620' title='bbox 1743 4956 2126 5034; x_wconf 87' lang='lat' dir='ltr'>venturumChristum</span> <span class='ocrx_word' id='word_1_621' title='bbox 2143 4985 2218 5054; x_wconf 88' lang='lat' dir='ltr'>pro·</span> <span class='ocrx_word' id='word_1_622' title='bbox 2261 4988 2263 5005; x_wconf 74' lang='lat'><strong>¹</strong></span> 
     </span>
     <span class='ocr_line' id='line_1_48' title="bbox 206 5050 2263 5155; baseline -0.004 -17"><span class='ocrx_word' id='word_1_623' title='bbox 206 5068 430 5139; x_wconf 89' lang='lat' dir='ltr'>contritione.</span> <span class='ocrx_word' id='word_1_624' title='bbox 455 5066 632 5137; x_wconf 86' lang='lat' dir='ltr'>Necaliud</span> <span class='ocrx_word' id='word_1_625' title='bbox 650 5076 710 5145; x_wconf 90' lang='lat' dir='ltr'>est,</span> <span class='ocrx_word' id='word_1_626' title='bbox 726 5087 831 5155; x_wconf 87' lang='lat' dir='ltr'>quarn</span> <span class='ocrx_word' id='word_1_627' title='bbox 846 5060 940 5152; x_wconf 89' lang='lat' dir='ltr'>qnod</span> <span class='ocrx_word' id='word_1_628' title='bbox 956 5053 1187 5129; x_wconf 81' lang='lat' dir='ltr'>dicitllisaias:</span> <span class='ocrx_word' id='word_1_629' title='bbox 1241 5059 1380 5128; x_wconf 88' lang='lat' dir='ltr'>missam</span> <span class='ocrx_word' id='word_1_630' title='bbox 1404 5077 1478 5124; x_wconf 89' lang='lat' dir='ltr'>esse</span> <span class='ocrx_word' id='word_1_631' title='bbox 1504 5054 1746 5125; x_wconf 87' lang='lat' dir='ltr'>remissionem</span> <span class='ocrx_word' id='word_1_632' title='bbox 1770 5075 2012 5150; x_wconf 88' lang='lat' dir='ltr'>peccatorum,</span> <span class='ocrx_word' id='word_1_633' title='bbox 2045 5059 2096 5134; x_wconf 85' lang='lat' dir='ltr'>Et</span> <span class='ocrx_word' id='word_1_634' title='bbox 2116 5065 2219 5133; x_wconf 86' lang='lat' dir='ltr'>bene-</span> <span class='ocrx_word' id='word_1_635' title='bbox 2260 5050 2263 5063; x_wconf 75' lang='lat'>&#39;</span> 
     </span>
     <span class='ocr_line' id='line_1_49' title="bbox 205 5155 2219 5252; baseline -0.003 -11"><span class='ocrx_word' id='word_1_636' title='bbox 205 5169 364 5241; x_wconf 84' lang='lat' dir='ltr'>Desinite</span> <span class='ocrx_word' id='word_1_637' title='bbox 380 5168 608 5248; x_wconf 76' lang='lat' dir='ltr'>malefacere,</span> <span class='ocrx_word' id='word_1_638' title='bbox 629 5178 662 5233; x_wconf 92' lang='lat' dir='ltr'>et</span> <span class='ocrx_word' id='word_1_639' title='bbox 677 5163 798 5234; x_wconf 88' lang='lat' dir='ltr'>discite</span> <span class='ocrx_word' id='word_1_640' title='bbox 815 5172 907 5232; x_wconf 89' lang='lat' dir='ltr'>recta</span> <span class='ocrx_word' id='word_1_641' title='bbox 922 5162 1047 5233; x_wconf 86' lang='lat' dir='ltr'>lacere.</span> <span class='ocrx_word' id='word_1_642' title='bbox 1080 5157 1187 5229; x_wconf 91' lang='lat' dir='ltr'>ltem:</span> <span class='ocrx_word' id='word_1_643' title='bbox 1239 5159 1358 5229; x_wconf 89' lang='lat' dir='ltr'>licium</span> <span class='ocrx_word' id='word_1_644' title='bbox 1374 5180 1449 5226; x_wconf 91' lang='lat' dir='ltr'>non</span> <span class='ocrx_word' id='word_1_645' title='bbox 1464 5169 1601 5227; x_wconf 89' lang='lat' dir='ltr'>tantum</span> <span class='ocrx_word' id='word_1_646' title='bbox 1619 5159 1661 5226; x_wconf 88' lang='lat' dir='ltr'>ad</span> <span class='ocrx_word' id='word_1_647' title='bbox 1671 5155 1820 5228; x_wconf 86' lang='lat' dir='ltr'>ludaeos</span> <span class='ocrx_word' id='word_1_648' title='bbox 1835 5163 2023 5252; x_wconf 88' lang='lat' dir='ltr'>pertinere,</span> <span class='ocrx_word' id='word_1_649' title='bbox 2040 5166 2103 5234; x_wconf 91' lang='lat' dir='ltr'>sed</span> <span class='ocrx_word' id='word_1_650' title='bbox 2119 5164 2219 5236; x_wconf 82' lang='lat' dir='ltr'>etiam</span> 
     </span>
     <span class='ocr_line' id='line_1_50' title="bbox 203 5252 2221 5360; baseline -0.004 -17"><span class='ocrx_word' id='word_1_651' title='bbox 203 5267 245 5343; x_wconf 90' lang='lat' dir='ltr'>Si</span> <span class='ocrx_word' id='word_1_652' title='bbox 275 5270 415 5360; x_wconf 89' lang='lat' dir='ltr'>egeritis</span> <span class='ocrx_word' id='word_1_653' title='bbox 448 5267 719 5360; x_wconf 89' lang='lat' dir='ltr'>poeniteutiam,</span> <span class='ocrx_word' id='word_1_654' title='bbox 752 5276 892 5359; x_wconf 87' lang='lat' dir='ltr'>peccata</span> <span class='ocrx_word' id='word_1_655' title='bbox 917 5274 1030 5332; x_wconf 87' lang='lat' dir='ltr'>vestra</span> <span class='ocrx_word' id='word_1_656' title='bbox 1065 5260 1188 5332; x_wconf 87' lang='lat' dir='ltr'>remit·</span> <span class='ocrx_word' id='word_1_657' title='bbox 1239 5263 1283 5331; x_wconf 90' lang='lat' dir='ltr'>ad</span> <span class='ocrx_word' id='word_1_658' title='bbox 1310 5257 1460 5341; x_wconf 83' lang='lat' dir='ltr'>Gentes,</span> <span class='ocrx_word' id='word_1_659' title='bbox 1486 5252 1553 5327; x_wconf 93' lang='lat' dir='ltr'>hoc</span> <span class='ocrx_word' id='word_1_660' title='bbox 1576 5271 1646 5344; x_wconf 88' lang='lat' dir='ltr'>est,</span> <span class='ocrx_word' id='word_1_661' title='bbox 1672 5261 1716 5328; x_wconf 89' lang='lat' dir='ltr'>ad</span> <span class='ocrx_word' id='word_1_662' title='bbox 1741 5284 1884 5347; x_wconf 90' lang='lat' dir='ltr'>omnes,</span> <span class='ocrx_word' id='word_1_663' title='bbox 1908 5264 1971 5355; x_wconf 91' lang='lat' dir='ltr'>qui</span> <span class='ocrx_word' id='word_1_664' title='bbox 1993 5262 2221 5353; x_wconf 84' lang='lat' dir='ltr'>promissioni</span> 
     </span>
     <span class='ocr_line' id='line_1_51' title="bbox 200 5354 2224 5467; baseline -0.004 -24"><span class='ocrx_word' id='word_1_665' title='bbox 200 5386 328 5444; x_wconf 81' lang='lat' dir='ltr'>tantur</span> <span class='ocrx_word' id='word_1_666' title='bbox 342 5383 406 5445; x_wconf 84' lang='lat' dir='ltr'>etc.</span> <span class='ocrx_word' id='word_1_667' title='bbox 740 5448 742 5452; x_wconf 11' lang='grc' dir='ltr'><em>Α</em></span> <span class='ocrx_word' id='word_1_668' title='bbox 1074 5389 1077 5393; x_wconf 65' lang='grc'>’</span> <span class='ocrx_word' id='word_1_669' title='bbox 1240 5363 1284 5432; x_wconf 91' lang='lat' dir='ltr'>de</span> <span class='ocrx_word' id='word_1_670' title='bbox 1305 5354 1445 5433; x_wconf 87' lang='lat' dir='ltr'>Christo</span> <span class='ocrx_word' id='word_1_671' title='bbox 1468 5362 1628 5435; x_wconf 87' lang='lat' dir='ltr'>credunt.</span> <span class='ocrx_word' id='word_1_672' title='bbox 1678 5358 1751 5431; x_wconf 88' lang='lat' dir='ltr'>Nec</span> <span class='ocrx_word' id='word_1_673' title='bbox 1765 5361 1834 5433; x_wconf 84' lang='lat' dir='ltr'>fuit</span> <span class='ocrx_word' id='word_1_674' title='bbox 1851 5365 2005 5467; x_wconf 79' lang='lat' dir='ltr'>vulgaris</span> <span class='ocrx_word' id='word_1_675' title='bbox 2020 5365 2224 5459; x_wconf 87' lang='lat' dir='ltr'>sapientiae,</span> 
     </span>
    </p>
   </div>
   <div class='ocr_carea' id='block_1_5' title="bbox 0 0 2285 5748">
    <p class='ocr_par' dir='ltr' id='par_1_17' title="bbox 0 0 2285 5748">
     <span class='ocr_line' id='line_1_52' title="bbox 0 0 2285 5748; baseline 0 0"><span class='ocrx_word' id='word_1_676' title='bbox 0 0 2285 5748; x_wconf 95' lang='lat' dir='ltr'> </span> 
     </span>
    </p>
   </div>
  </div>
 </body>
</html>
