4538 5754
114 280 191 361 087

219 447 325 518 Valet
349 445 428 535 lega
448 440 594 524 diviua,
626 435 710 529 quia
732 432 830 505 Deus
852 447 903 504 est
920 447 1036 506 custos
1052 433 1109 503 di-

121 552 322 646 sciplinae,
337 558 374 617 et
401 543 535 618 atrocia
565 539 695 611 scelera
723 535 921 606 manifestis
940 533 1110 627 exemplis

123 653 247 748 punit,
275 661 314 721 ut
343 646 514 741 scriptum
544 654 613 713 est:
645 637 720 729 Qui
742 638 902 730 gladium
924 637 1109 728 acceperit,

124 756 244 849 gladio
269 749 413 843 peribit.
478 742 633 835 Magnus
659 764 745 813 usus
769 753 820 811 est
845 735 953 810 huius
976 739 1046 810 loci
1071 763 1110 808 sn

124 859 223 928 omni
243 853 334 933 vita,
351 863 402 922 ιιι
424 848 463 918 in
484 843 804 918 deliberationibus
817 841 1010 933 diligenter
1026 865 1110 933 pro-

41 1017 45 1026 .
126 957 347 1050 spiciendum
368 964 438 1035 est,
469 971 560 1044 quae
582 948 678 1019 bona
702 945 757 1016 vel
780 945 873 1015 mala
896 945 1112 1018 comitentur

126 1062 297 1141 actiones,
322 1075 409 1148 quas
423 1051 656 1124 instituimus.

462 1246 613 1317 &ciendo
633 1243 756 1333 regula.

225 1391 317 1466 Cum
332 1414 351 1461 a
367 1400 603 1484 consequente
615 1398 905 1478 argumentamur
918 1385 1113 1453 adantece·

125 1500 229 1580 dens,
251 1493 455 1589 quaerimus
471 1489 669 1562 necessario
684 1486 939 1559 antecedentia.
992 1482 1113 1574 Quare

124 1598 239 1691 posito
257 1605 507 1688 consequente,
533 1605 620 1664 tunc
637 1591 730 1660 valet
745 1599 1007 1679 argumentum,
1032 1608 1112 1656 cum

125 1697 345 1772 ostendimus
377 1693 603 1789 praecessisse
632 1693 724 1762 illud
751 1691 981 1773 antecedens,
1016 1688 1112 1781 quod

125 1825 264 1893 semper
278 1798 486 1889 praecedere
504 1795 604 1870 solet.

280 1898 449 1972 Pervenit
463 1899 505 1967 ad
524 1909 667 1980 metam,

333 1996 428 2091 Ergo
444 2000 512 2069 iter
527 1987 608 2070 le'cit
625 2020 690 2091 per
706 1997 824 2088 priora
841 1995 970 2087 spacia.

278 2098 479 2197 Prophetae
494 2114 676 2193 utrunque
693 2099 919 2192 praedicunt,
947 2092 1113 2177 Messinm

332 2218 457 2276 natum
474 2227 515 2273 ex
527 2200 802 2287 semineDavid,
827 2196 1114 2270 interficiendum

334 2331 426 2392 esse,
451 2319 488 2376 et
508 2317 626 2374 tamen
641 2304 807 2395 deinceps
825 2324 974 2393 regnum
990 2320 1116 2390 perpe-

332 2427 436 2482 tuum
453 2402 660 2476 habiturum
677 2428 765 2490 esse,

281 2510 427 2582 Necesse
455 2520 506 2578 est
536 2504 646 2597 igitur
670 2505 839 2577 Messinm
865 2519 944 2596 post
965 2515 1116 2572 mortem

335 2610 563 2694 reviviscere,
597 2630 679 2678 narn
704 2607 839 2700 alioqui
863 2630 939 2678 non
955 2614 1117 2694 regnaret

332 2735 454 2784 semen
470 2709 637 2781 Davidis.

230 2832 310 2905 Hoc
330 2842 576 2922 argumentum
600 2853 642 2899 ex
660 2841 898 2922 consequente
915 2828 960 2896 ad
978 2837 1117 2896 antece·

130 2943 219 3012 dens
237 2937 378 3007 firmum
403 2944 437 3004 et
459 2932 596 3001 illustre
620 2929 938 3002 testimonium.est
956 2948 1116 2999 resurre-

129 3041 257 3114 ctionis
273 3034 409 3109 Christi
428 3035 523 3125 apud
539 3028 746 3125 Prophetas.
800 3029 990 3122 Utrunque
1006 3052 1118 3098 mem·

128 3147 233 3217 brom
251 3153 304 3214 est
321 3141 361 3212 in
376 3160 454 3229 cap.
466 3131 530 3211 58.
548 3133 696 3205 lesaiae:

283 3241 434 3316 Messias
454 3236 631 3310 abscissus
651 3250 703 3307 est
727 3239 890 3307 de'terra
907 3230 1119 3314 viventium,

336 3344 373 3413 id
398 3353 466 3426 est,
500 3337 705 3407 interfectus
728 3351 791 3409 est.
857 3333 997 3409 Deinde
1019 3331 1119 3402 addit

337 3445 490 3515 alterum
511 3439 731 3520 membrum,
757 3461 800 3510 ex
821 3433 983 3528 angustia
1005 3447 1040 3504 et
1061 3432 1118 3506 iu-

336 3543 432 3615 dicio
449 3553 590 3631 ereptus
605 3552 667 3612 est.

285 3645 381 3740 Ergo
395 3657 582 3740 postquam
599 3640 806 3713 interfectus
822 3653 889 3725 est,
915 3640 1046 3713 deinde
1062 3661 1119 3707 re·

336 3748 523 3822 suscitatus
539 3758 601 3820 est.

233 3869 457 3945 Conterenda
477 3879 560 3937 sunt
580 3864 690 3957 igitur
705 3862 883 3946 membra,
910 3874 944 3930 ει
961 3859 1119 3952 pruden-

131 3995 186 4051 ter
210 3972 402 4048 iudicanda
425 3962 596 4041 adhibitis
618 3963 675 4036 his
699 3963 851 4055 regulis,
883 3985 974 4056 quae
997 3960 1119 4053 aliquo

131 4082 238 4154 modo
256 4073 429 4149 iudicium
446 4083 588 4142 acuunt.

285 4173 471 4251 lustilicati
484 4172 554 4240 lide
570 4191 691 4261 pacem
705 4164 889 4253 habemus,

151 4345 160 4357 .
285 4279 511 4353 Praecedunt
532 4271 642 4363 igitur
661 4292 811 4363 pavores
833 4283 867 4341 et
883 4266 1004 4357 magni
1017 4265 1120 4337 dolo·

334 4407 390 4456 res
410 4381 450 4452 in
473 4375 657 4468 agnitione
678 4372 752 4442 irae
765 4369 835 4444 Dei
857 4373 1026 4444 adversus
1039 4391 1121 4462 pec-

334 4501 462 4559 catum.

236 4606 295 4679 sic
310 4602 433 4678 Cicero
448 4603 489 4672 in
506 4594 669 4669 oratione
682 4615 748 4683 pro
765 4588 897 4664 Roscio
913 4603 1056 4682 narrat,
1081 4613 1121 4660 ex

137 4720 371 4803 consequente
385 4704 581 4773 iudicatum
597 4717 687 4767 esse:

289 4805 433 4879 Inventi
461 4814 544 4874 sunt
564 4798 631 4868 lilii
655 4793 872 4890 dormientes
894 4792 933 4864 in
956 4794 1121 4865 cubiculo

342 4905 518 4980 interfecti
531 4900 654 4995 patris,

288 5005 385 5102 Ergo
407 5007 602 5079 iudicatum
625 5015 696 5087 est,
727 5023 787 5071 eos
807 5023 882 5071 non
902 4998 1024 5070 fecisse
1045 5021 1124 5068 cae·

340 5113 434 5182 dem.

234 5229 338 5322 ‘Quia
366 5227 510 5300 videtur
538 5221 779 5317 impossibile,
810 5223 902 5291 lacto
932 5200 1124 5312 parricidio

358 261 675 346 sumerseti.
702 258 820 337 Mau.
848 257 919 335 AD
945 259 1074 337 lllST.
1102 259 1248 340 ebor.
1275 261 1343 339 tlt*
1368 263 1561 338 PHlLOS.
1590 262 1916 339 SPECTANTlA.

2078 266 2146 341 688

1510 436 1578 523 Ab
1600 434 1800 523 absurdo.

1266 597 1472 675 Absurdum
1497 601 1538 673 in
1559 598 1820 698 Philosophia,
1846 602 1978 676 dicitur
2001 602 2145 674 manile·

1072 739 1081 757 ·
1101 736 1105 745 ¹
1162 716 1214 777 ειε
1229 704 1378 793 falsum,
1402 704 1487 801 quia
1505 705 1708 778 immediate
1724 719 1859 799 pugnat
1875 728 1956 776 cum
1972 704 2144 776 communi
2164 797 2166 803 Ι

1162 829 1288 893 sensu,
1318 807 1356 878 id
1380 820 1452 892 est,
1485 831 1566 877 curn
1589 808 1774 902 principiis
1795 821 1924 879 natura
1947 808 2064 892 nutis,
2093 821 2145 878 sut

1163 910 1356 980 universali
1379 910 1607 1001 experientia.
1657 909 1712 980 Ac
1732 924 1825 981 recte
1842 910 1978 980 mentio
1991 909 2034 982 fit
2048 905 2144 981 huius

1163 1012 1233 1082 loci
1252 1011 1292 1081 in
1308 1012 1514 1097 dialecticis,
1539 1012 1623 1109 quia
1638 1013 1783 1104 prodest
1797 1008 1863 1081 has
1878 1012 2020 1104 regulas
2036 1033 2143 1083 nosse:

1163 1108 1218 1185 Ex
1244 1137 1328 1185 vero
1354 1114 1409 1182 nil
1429 1113 1499 1182 nisi
1524 1139 1661 1186 verum.
1710 1109 1760 1185 Et
1782 1137 1863 1182 vera
1884 1113 1979 1183 veris
2003 1137 2144 1185 consen·

1163 1214 1270 1292 tiunt.
1321 1211 1369 1287 Et
1390 1216 1428 1284 in
1454 1216 1680 1307 dogmatibus
1703 1216 1734 1284 si
1758 1216 1845 1309 quid
1865 1215 2015 1285 absurdi
2038 1214 2145 1305 sequi-

1164 1332 1244 1399 tur,
1271 1340 1411 1388 necesse
1429 1332 1480 1389 est
1496 1318 1633 1412 aliquid
1650 1319 1781 1388 erroris
1797 1318 1835 1384 in
1852 1316 2059 1408 praemissis
2072 1338 2145 1387 esse.

1165 1418 1221 1491 Sit
1250 1419 1360 1510 igitur
1381 1415 1468 1490 haec
1493 1419 1632 1510 regula,
1665 1415 1832 1490 Absurda
1854 1418 2051 1489 reiicienda
2071 1441 2145 1502 esse,

1165 1535 1200 1591 et
1215 1516 1446 1616 hypotheses,
1472 1545 1513 1592 ex
1529 1521 1660 1615 quibus
1676 1535 1876 1615 sequuntur
1890 1522 2065 1605 absurda,
2088 1519 2146 1590 tat-

1165 1646 1220 1692 sas
1242 1647 1315 1693 esse
1338 1646 1478 1692 necesse
1498 1637 1568 1707 est,
1593 1625 1676 1718 quia
1698 1648 1739 1693 ex
1758 1647 1842 1692 vero
1859 1624 1913 1692 nil
1931 1623 2002 1692 nisi
2021 1645 2146 1694 verum.

1166 1724 1234 1810 Ut,
1260 1748 1301 1794 ex
1311 1719 1459 1818 Epicuri
1475 1727 1639 1814 dogmate
1655 1728 1699 1796 de
1719 1725 1899 1815 voluptate
1917 1726 2080 1819 sequitur
2093 1725 2147 1794 ab·

1165 1828 1334 1910 surdum,
1359 1827 1468 1917 igitur
1491 1829 1619 1918 dogma
1641 1829 1769 1898 falsum
1792 1841 1862 1911 est,
1889 1827 1972 1919 quia
1997 1830 2030 1895 si
2056 1827 2147 1897 volu-

1165 1943 1243 2023 ptas
1260 1929 1340 1998 linis
1356 1943 1408 2000 est
1424 1942 1458 2000 et
1474 1929 1700 2001 anteferenda
1720 1925 1913 2015 honestati,
1940 1929 2059 2021 reipsa
2074 1950 2148 1998 con·

1166 2032 1266 2102 cedet
1287 2030 1399 2102 multa
1418 2030 1560 2121 flagitia.
1611 2032 1666 2102 Ita
1681 2030 1888 2101 reiiciantur
1905 2044 1937 2100 ει
1954 2029 2157 2102 Stoicorum'

1166 2134 1319 2205 absurda
1350 2144 1384 2204 et
1415 2133 1527 2204 multa
1556 2133 1729 2218 aliorum,
1759 2149 1813 2204 ut:
1849 2128 1984 2203 Omnia
2017 2144 2148 2225 peccata

1168 2249 1252 2307 sunt
1288 2235 1406 2327 paria,
1449 2228 1608 2306 Affectus
1643 2250 1726 2306 sunt
1758 2235 1967 2328 opiniones,
2008 2233 2093 2307 Vita
2121 2247 2150 2304 et

1167 2341 1263 2410 bona
1282 2338 1448 2408 valetudo
1472 2361 1546 2406 non
1567 2338 1677 2429 magis
1693 2339 1906 2429 expetendae
1921 2351 2024 2419 sunt,
2052 2359 2150 2431 quam

1168 2462 1264 2509 mors
1287 2453 1348 2510 aut
1371 2439 1510 2523 morbi,
1536 2452 1600 2508 etc.
1652 2438 1723 2510 Sed
1746 2440 1783 2507 in
1800 2441 1962 2509 doctrina
1979 2435 2150 2531 Ecclesiae

1168 2564 1335 2611 vocamus
1353 2543 1569 2624 absurdum,
1596 2544 1692 2635 quod
1715 2544 1847 2631 pugnat
1863 2532 1943 2610 cum
1961 2541 2151 2633 praecipuis

1168 2642 1362 2736 praeceptis
1384 2643 1599 2723 moralibus,
1625 2656 1685 2712 aut
1709 2642 1868 2712 articulis
1890 2643 1993 2727 fidei,
2021 2658 2063 2714 ut
2078 2665 2150 2712 cum

1169 2744 1316 2815 dicitur:
1342 2741 1382 2816 si
1406 2744 1531 2815 oculus
1551 2757 1633 2814 tuus
1649 2744 1805 2814 offendet
1823 2760 1876 2824 te,
1903 2743 2053 2815 effodias
2067 2767 2150 2817 eum.

1168 2844 1237 2918 Hic
1267 2871 1342 2917 non
1371 2847 1612 2936 intelligamus
1631 2845 1783 2937 praecipi
1809 2838 2059 2917 lacerationem
2081 2869 2150 2917 cor-

1170 2950 1284 3042 poris,
1310 2972 1401 3042 quae
1422 2949 1609 3018 manifesto
1631 2959 1816 3038 praecepto
1832 2948 1961 3017 morali
1980 2945 2150 3037 prohibita

1169 3064 1221 3122 est
1242 3052 1282 3120 in
1301 3047 1356 3120 his
1373 3051 1507 3120 verbis:
1531 3048 1614 3118 Non
1631 3049 1783 3122 occidas.
1836 3048 2010 3119 Tenenda
2028 3063 2079 3120 est
2092 3050 2149 3140 igi-

1169 3166 1228 3223 tur
1251 3153 1390 3244 regula:
1423 3149 1600 3222 Vitandae
1623 3151 1854 3221 absurditatis
1876 3175 2000 3235 causa,
2033 3155 2149 3222 decur-

1169 3256 1321 3326 rendum
1339 3255 1451 3325 estad
1469 3253 1614 3343 liguros,
1641 3266 1675 3322 et
1691 3255 1892 3345 quaerenda
1910 3253 2087 3324 concinna
2100 3252 2147 3321 in-

1169 3356 1386 3450 terpretatio.
1439 3350 1601 3425 Effodias
1614 3354 1779 3440 oculum,
1803 3355 1840 3423 id
1856 3369 1925 3441 est,
1950 3355 2065 3427 abiice
2080 3377 2148 3448 per·

1169 3458 1370 3530 suasionem
1392 3457 1537 3538 falsam,
1564 3455 1727 3550 quamvis
1750 3457 1909 3542 dulcem,
1938 3481 2030 3553 quae
2046 3459 2147 3528 abdu-

1169 3560 1217 3634 cit
1237 3585 1257 3630 a
1275 3560 1373 3641 Deo,
1396 3583 1459 3630 seu
1483 3582 1559 3629 non
1580 3557 1786 3629 assentiaris
1808 3561 1946 3630 doctori
1975 3561 2031 3631 vel
2048 3559 2146 3632 amico

1169 3661 1360 3734 abducenti
1377 3661 1574 3731 animumn
1590 3660 1684 3732 Deo.

1271 3792 1332 3866 Sic
1362 3806 1396 3862 et
1423 3793 1600 3883 generalia
1623 3793 1718 3866 dicta
1742 3795 1908 3867 vitandae
1931 3795 2145 3871 absurditatis

1170 3917 1274 3970 causa
1304 3894 1550 3984 restringenda
1581 3910 1686 3980 sunt,
1719 3910 1761 3967 ut
1788 3921 1869 3967 cum
1893 3898 2045 3972 dicitur:
2076 3897 2145 3969 Non

1171 3998 1392 4068 vindicantes
1415 4019 1478 4066 vos
1502 3996 1581 4089 ipsi.
1643 3996 1857 4070 Absurditas
1880 4016 1991 4086 esset,
2025 3999 2145 4074 intelli·

1170 4123 1276 4190 geres·
1299 4094 1549 4172 universaliter
1573 4123 1717 4170 omnem
1746 4101 1939 4172 vindictam
1966 4099 2145 4195 prohiberi,

1171 4204 1288 4287 idest,
1315 4200 1448 4272 iudicia
1465 4215 1499 4272 et
1516 4201 1674 4290 legitima
1688 4201 1794 4278 bella.
1828 4201 1924 4291 Quia
1940 4204 1981 4272 in
1996 4205 2068 4276 alio
2083 4206 2143 4273 loco

1169 4301 1406 4394 Evangelium
1434 4305 1609 4394 approbat
1628 4303 1852 4393 magistratus
1876 4319 2058 4378 eteorum
2082 4303 2145 4376 olfi-

1172 4408 1243 4492 cia,
1277 4406 1386 4494 igitur
1413 4404 1592 4476 vindictae
1618 4398 1816 4498 prohibitio
1839 4409 1884 4477 ad
1908 4408 2084 4500 privatam
2102 4428 2143 4476 re·

1172 4509 1378 4598 stringenda
1392 4519 1455 4578 est.

1502 4739 1544 4822 Α
1572 4741 1834 4834 necessario.

1276 4905 1359 4979 Nun
1381 4904 1564 4998 loquimur
1587 4906 1631 4976 de
1654 4906 1763 4977 stoica
1786 4907 2011 4993 necessitate,
2036 4908 2097 4979 sed
2116 4903 2152 4973 de

1175 5034 1235 5096 ea,
1268 5011 1314 5080 de
1337 5030 1407 5102 qua
1429 5007 1467 5075 in
1491 5006 1627 5080 artibus
1647 5008 1798 5094 dicitur,
1814 5024 1865 5080 ut
1887 5007 2152 5081 demonstratio·

1175 5135 1238 5184 nes
1253 5108 1469 5182 necessariae
1484 5123 1584 5180 sunt:
1611 5110 1694 5180 item
1713 5114 1758 5181 de
1773 5135 1832 5196 ea,
1858 5136 1964 5204 quam
1981 5111 2038 5183 lex
2052 5110 2155 5188 affert,

1169 5226 1217 5286 ‘ut
1246 5227 1348 5306 pater
1370 5210 1567 5282 necessario
1592 5212 1655 5284 alit
1677 5213 1858 5299 sobolem,
1891 5211 2046 5293 scilicet,
2081 5209 2155 5306 quis

76 5334 77 5338 ’
138 5355 344 5428 conspersos
371 5326 544 5420 sanguine
575 5339 742 5418 paterno,
775 5348 857 5395 mox
884 5345 1008 5395 rursus
1038 5324 1125 5392 dor·
1176 5318 1238 5404 lex,
1249 5314 1443 5407 praecepit:
1470 5317 1660 5395 scudem,
1685 5315 1828 5408 quaein
1845 5316 2000 5401 delectu,
2025 5315 2158 5389 utsitet

137 5438 229 5508 mire
243 5458 355 5529 posse.
1148 5414 1431 5512 impossibilia,
1465 5416 1565 5508 eligit
1589 5416 1793 5508 possibilia,
1827 5432 1882 5489 ut:
1915 5416 1998 5490 Non
2020 5436 2159 5511 possum
