4538 5754
118 218 194 303 sss
320 178 531 294 'scotera
558 216 635 289 en.
662 215 779 292 nar.
806 216 1201 302 sonorosior.
1231 228 1297 305 nr
1325 232 1515 312 enisos.
1542 234 1864 315 senesanna.
2063 244 2140 318 sss

120 408 210 468 nent
225 418 289 464 nos
305 393 350 462 dc
369 391 478 460 altera
501 389 758 480 promissione,
784 414 874 484 quae
899 406 952 461 est
972 392 1109 483 praeci·
1161 399 1281 488 Quare
1302 399 1387 473 hm
1410 407 1594 496 diligentia
1622 412 1819 502 plurimum
1848 416 2015 504 prodest,
2045 427 2080 484 et
2103 419 2150 484 ,d

119 522 203 591 pua·
255 493 340 566 ld²⁰
365 492 415 582 Pii
439 514 576 583 Semper
601 491 641 558 in
660 491 957 583 promissionibus
983 514 1110 582 corpo-
1147 498 1368 575 'iudicandas
1393 508 1555 579 materias
1574 512 1761 598 obscuras,
1789 528 1824 585 et
1854 517 1897 584 ad
1925 498 2150 605 explicandas

6 668 9 678 ,
119 599 251 672 talium
279 593 552 672 beneficiorum,
585 593 763 683 complexi,
787 609 872 685 sunt
903 595 1110 686 promissio·
1159 620 1266 700 atque
1291 609 1532 680 illustrandas.
1590 611 1664 683 Nec
1690 616 1841 685 dubium
1865 627 1935 701 est,
1975 616 2064 709 quin
2084 618 2149 688 illa

120 725 203 772 nem
219 697 369 789 gratiae,
397 717 458 763 ⁸⁰¹¹
475 694 790 767 rec⁰¹¹ssili³¹ll⁰¹¹l⁵·
1080 753 1082 758 -
1160 708 1435 779 innumerabilia
1452 716 1612 783 encomia
1629 712 1811 802 methodi,
1839 731 2029 811 quaesunt
2050 722 2147 810 apud

220 798 321 904 Quae
334 810 484 881 causae?
525 807 718 880 Obiectum
737 812 819 881 fidei
836 811 1109 884 estMisericor·
1159 807 1364 896 Platonem,
1391 806 1612 904 bancipsam
1627 819 1912 890 exercitationem
1929 818 2147 889 nobiscnm-

120 922 179 992 dia
211 915 383 1009 promissa
416 926 563 1004 propter
589 906 790 996 Christum,
824 938 892 1008 qna
917 911 1015 983 Deus
1045 935 1110 981 nos
1159 913 1351 994 mcndent,
1393 914 1437 981 ad
1467 910 1530 983 has
1555 929 1666 987 metas
1701 920 1892 991 revocandi
1924 921 2148 1012 quaestiones

121 1017 335 1114 pronunciat
348 1016 478 1097 iustos,
503 1036 579 1081 non
603 1029 748 1105 propter
772 1015 884 1104 legem
908 1029 970 1085 aut
990 1013 1109 1104 digni·
1160 1036 1246 1105 quas
1261 1013 1471 1105 explicaturi
1488 1039 1622 1086 sumus.

121 1137 229 1197 tatem
247 1130 404 1188 nostram
421 1127 482 1184 aut
499 1138 603 1206 opera
621 1129 755 1206 nostra,
771 1119 832 1186 sed
847 1130 992 1207 propter
1003 1111 1110 1185 Chri·
1143 1119 1145 1123 ’
1643 1191 1646 1196 ,

121 1241 235 1306 stum,
262 1242 366 1313 quem
392 1215 508 1285 voluit
539 1239 612 1286 esse
643 1218 903 1308 redemptorem
934 1231 1109 1288 nostrum.
1351 1196 1407 1266 ⁰²
1430 1201 1645 1270 ⁰⁰¹⁸i³⁴i¹⁶¹i⁸
1671 1199 1963 1293 Wssiifflll'bl‘i·

121 1324 169 1398 Et
191 1319 277 1393 haec
300 1317 541 1389 misericordia
566 1318 766 1388 ostenditur
790 1319 895 1389 nobis
920 1319 960 1387 in
979 1316 1111 1401 Verbo,
1251 1325 1338 1396 Loci
1354 1331 1535 1401 coniuncti
1551 1328 1715 1404 thematis
1731 1336 1807 1404 fere
1822 1349 1905 1406 sunt
1918 1335 2039 1418 iidem,
2053 1358 2145 1428 quos

115 1423 287 1510 ‚videlicet
309 1422 346 1489 in
367 1416 562 1506 Evangelio
586 1440 646 1488 seu
671 1420 985 1510 promissionibus,
1019 1443 1109 1513 quae
1159 1427 1228 1495 iam
1244 1431 1418 1504 recensui.
1468 1430 1560 1502 Nam
1577 1434 1695 1504 omnis
1710 1437 1861 1520 docendi
1877 1437 1967 1506 ratio
1983 1437 2145 1506 consistit

123 1540 241 1598 extant
264 1523 302 1590 in
326 1520 532 1608 Evangelio.
584 1520 673 1588 Dixi
696 1523 739 1590 de
764 1522 902 1592 obiecto
924 1519 1026 1604 fidei,
1050 1522 1108 1589 in·
1159 1528 1198 1597 in
1215 1531 1440 1617 delinitione,
1467 1535 1581 1604 causis
1597 1549 1631 1605 et
1647 1536 1840 1610 effectibus.
1871 1535 2061 1607 Ducuntur
2076 1537 2144 1624 igi-

121 1637 358 1699 strumentum
383 1646 453 1715 quo
469 1623 506 1690 lit
522 1621 560 1688 in
583 1621 705 1706 nobis,
732 1636 782 1692 est
807 1623 923 1715 ipsum
941 1621 1109 1691 Verbum·
1160 1644 1218 1701 tur
1233 1648 1439 1721 argumenta
1458 1635 1495 1702 in
1515 1637 1759 1707 confirmando
1775 1653 1808 1708 et
1824 1639 2053 1710 confutando.

121 1728 236 1800 Causa
258 1723 432 1802 alliciens,
459 1718 613 1813 Spiritus
635 1737 795 1808 sanctus,
827 1724 889 1818 qui
912 1737 963 1795 est
988 1723 1107 1791 efficax
1310 1750 1343 1818 Α
1362 1751 1579 1827 definitione·

122 1854 186 1922 per
201 1827 381 1904 Verbum,
415 1821 616 1912 et‘impellit
644 1840 798 1894 mentem
824 1840 857 1895 et
883 1826 1105 1893 voluntatem
1312 1853 1345 1918 Α
1361 1851 1486 1919 causi„

121 1927 292 2002 hominis.
343 1922 391 1996 Et
417 1924 581 1993 voluntas
611 1927 813 1995 adsentiens
846 1950 908 1996 seu
943 1949 1018 1995 non
1052 1947 1121 1994 re·.
1312 1949 1577 2026 Abeffecpibu„

120 2039 296 2125 Pugnani·
355 2091 358 2099 ·
1310 2050 1345 2122 A
1363 2055 1533 2144 partibus.

224 2145 448 2228 Subiectum,
472 2143 509 2210 in
535 2167 606 2236 quo
631 2138 717 2213 haec
740 2159 930 2233 geruntur,
957 2157 1009 2214 εει
1031 2143 1106 2234 ipss
1312 2152 1615 2245 Apugnamibffi,

120 2247 433 2328 h⁰¹¹¹l¹¹i⁸³¹¹i¹¹¹³a
458 2245 800 2321 m⁰⁰⁸⁸¹v⁰¹¹¹¹¹ffl30
1015 2349 1020 2358 ,
1258 2266 1310 2338 Ηί
1340 2271 1411 2340 1οεὶ
1440 2274 1621 2366 praecipui
1652 2289 1735 2346 sunt
1763 2274 1803 2346 in
1834 2274 1977 2366 topicis,
2010 2274 2143 2367 reliqui

222 2362 297 2451 Qui
322 2360 488 2430 ⁸ff⁰⁶l⁰⁸i
548 2357 645 2426 νοω
670 2360 813 2430 effecius
839 2362 977 2445 ⁰m¹¹522
1018 2381 1108 2451 quae
1159 2368 1254 2437 enim
1269 2386 1364 2441 extra
1380 2397 1519 2443 causam
1535 2390 1731 2460 versantur,
1756 2391 1790 2446 et
1801 2378 1911 2466 magis
1925 2376 2144 2468 amplifican-

88 2465 316 2536 ’Πθΰθθδὸΐῑθ
334 2486 451 2529 veram
468 2461 572 2527 fidem
589 2475 798 2552 ⁵⁰q¹¹¹¹¹¹l¹¹f0
857 2502 860 2507 ·
936 2476 939 2480 ⁴
1137 2469 1215 2554 di,
1249 2496 1355 2564 quam
1379 2475 1532 2544 docendi
1553 2500 1656 2546 causa
1683 2473 1910 2550 adhibentur.
1969 2475 2093 2571 ltaque
2114 2477 2143 2544 si

222 2579 422 2663 comitatur
436 2592 553 2648 autem
567 2576 670 2653 fidem
687 2601 728 2647 ex
745 2594 844 2672 pacto
860 2577 927 2648 Dei
941 2579 1108 2649 iustifica.
1158 2572 1441 2644 confirmandum
1457 2577 1524 2645 erit
1539 2572 1670 2662 thema,
1693 2580 1787 2672 quod
1805 2603 1877 2648 non
1891 2574 2143 2649 sitChristiani

122 2687 192 2767 tio,
217 2683 254 2751 id
278 2694 347 2764 est,
373 2678 615 2748 reconciliatio
637 2702 698 2746 sen
723 2680 909 2771 imputatio
936 2680 1106 2751 insciciae.
1158 2672 1295 2743 iusticia
1328 2675 1505 2747 discedere
1533 2679 1820 2764 afacultatibus,
1860 2681 2059 2772 quaerenda
2092 2692 2143 2746 est

120 2785 218 2857 Haec
234 2795 348 2875 potest
363 2781 433 2848 dici
449 2779 633 2871 proprium
651 2779 733 2848 fidei
760 2804 823 2852 seu
845 2782 1106 2861 correlativum‚
1158 2773 1320 2855 definitio
1352 2778 1560 2868 praecipuae
1589 2781 1699 2870 partis
1727 2781 1764 2849 in
1795 2778 1860 2850 bac
1889 2780 2142 2871 propositione,

121 2887 205 2982 quia
229 2899 281 2954 est
305 2883 473 2976 quiddam
491 2882 592 2980 ‘quod
617 2884 813 2952 necessario
838 2907 880 2951 ex
902 2897 1003 2973 pacto
1028 2881 1108 2967 Dei,
1157 2875 1340 2961 videlicet,
1363 2868 1450 2971 quid
1464 2882 1509 2951 sit
1524 2874 1728 2951 Christiana
1751 2883 1902 2953 iusticia.
1954 2879 2050 2951 Hinc
2072 2884 2140 2949 du·

119 2991 226 3059 fidem
242 2987 451 3067 comitatur,
478 2983 560 3076 quia
579 3003 652 3049 non
668 3005 854 3072 possumus
871 2985 974 3054 aliter
988 3007 1105 3053 assen·
1156 2989 1255 3047 cetur
1268 2995 1527 3067 argumentum.

119 3091 182 3161 tiri
203 3085 448 3179 promissioni,
470 3084 539 3153 nisi
561 3085 640 3151 lide.
691 3082 877 3174 Contingit
893 3087 1005 3175 igitur
1023 3108 1104 3176 pro·
1543 3143 1548 3160 ,

121 3192 225 3261 missa
245 3186 508 3269 reconciliatio,
532 3208 606 3253 non
622 3199 766 3274 propter
781 3187 1103 3278 aliquodnnstrum
1542 3167 1576 3236 Α
1601 3185 1749 3260 genere.

119 3308 230 3382 opus,
265 3302 325 3356 aut
347 3300 505 3356 nostram
528 3266 757 3372 dignitatern,
787 3300 849 3355 aut
872 3284 1011 3357 nostras
1033 3287 1104 3354 vir·
1257 3289 1458 3365 Christiana
1475 3297 1612 3367 iusticia
1628 3312 1679 3368 est
1694 3322 1748 3368 res
1763 3311 1930 3390 perpetua
1949 3299 1986 3367 in
2004 3301 2142 3391 spiritu,

120 3406 212 3463 tutes
235 3389 344 3471 ullas,
370 3388 430 3454 sed
455 3400 600 3475 propter
623 3381 823 3470 Christum,
853 3399 1021 3456 ettamen
1038 3386 1103 3455 ali·
1158 3393 1337 3477 videlicet,
1365 3420 1467 3467 nosse
1482 3421 1521 3466 ac
1538 3402 1662 3468 timere
1675 3398 1802 3484 Deum,
1829 3404 1970 3470 credere
1986 3402 2023 3469 in
2033 3398 2141 3472 Chri-

121 3493 296 3586 quidesse
312 3498 469 3578 oportet,
496 3508 568 3577 quo
587 3484 626 3552 id
648 3486 857 3572 beneficium
884 3488 1104 3580 accipiamus.
1156 3509 1261 3565 stum.
1293 3492 1481 3567 Discedere
1495 3503 1897 3582 autemalacultatibns,
1924 3526 1996 3571 non
2015 3517 2068 3574 εει
2086 3527 2141 3571 res

119 3592 209 3664 Fide
226 3590 334 3678 igitur
349 3587 551 3677 accipimus.
603 3582 724 3671 Quare
746 3612 820 3657 non
845 3588 989 3660 effectus
1011 3588 1105 3672 fidei,
1155 3609 1314 3682 aeterna,
1348 3623 1464 3692 neque
1488 3602 1530 3669 ad
1556 3602 1777 3692 spiritualem
1802 3603 1908 3673 vitam
1933 3607 2140 3674 necessaria,

119 3696 181 3764 sod
199 3689 384 3785 proprium
406 3711 468 3786 sep
485 3689 734 3760 correlativum
750 3705 801 3761 est
817 3690 1040 3769 iustificatio‚
1066 3689 1103 3759 id
1159 3699 1270 3787 lgitor
1289 3694 1493 3771 Christiana
1513 3703 1652 3775 iusticia
1672 3727 1747 3773 non
1773 3719 1824 3776 est
1845 3706 2023 3774 discedere
2044 3730 2063 3776 a
2080 3709 2139 3775 la-

121 3809 191 3871 est,
222 3791 480 3862 reconciliatio.
541 3789 607 3861 Est
633 3791 740 3862 etiam
763 3791 849 3862 bdes
868 3807 1002 3876 motus,
1032 3814 1103 3884 quo
1155 3799 1360 3875 collaribus.

120 3895 290 3986 accipitur
313 3892 470 3982 spiritus.

111 4059 112 4063 =
220 4009 378 4082 Effectus
395 4033 477 4077 vero
492 4010 675 4079 numerari
698 4021 848 4100 possunt
865 4006 1105 4099 tranquillitas

121 4127 156 4185 ει
178 4113 347 4204 gaudium
365 4110 619 4194 conscientiae,
642 4112 727 4203 quia
742 4111 811 4179 fide
825 4109 1018 4178 vincuntur
1033 4121 1124 4191 ter-¹
1256 4098 1511 4194 Evangelium,
1544 4131 1619 4178 non
1643 4111 1761 4182 abolet
1786 4133 1841 4178 res
1863 4111 2042 4202 politicas,
2076 4112 2137 4177 sed

119 4238 229 4290 rores.
280 4211 387 4282 Hunc
402 4210 565 4281 effectum
584 4224 782 4304 sequuntur
795 4211 971 4279 invocatio
992 4223 1027 4280 et
1048 4205 1110 4278 di·'
1151 4205 1269 4299 multo
1285 4208 1398 4296 magis
1414 4208 1598 4280 confirmat
1612 4225 1646 4280 et
1661 4226 1856 4282 conservat.
1899 4212 2038 4280 Tenere
2054 4235 2139 4302 pro-

118 4317 350 4408 lectio,'quia
367 4314 574 4384 invocamus
589 4325 624 4383 ει
638 4312 820 4402 diligimus
836 4312 1024 4403 placatum.
1057 4307 1106 4380 Et
1156 4307 1273 4396 prium
1290 4311 1675 4383 necessariaresestin
1698 4314 1831 4405 politia.
1880 4312 1997 4403 igitur
2018 4292 2141 4382 Evasi·

120 4421 203 4511 quia
221 4440 307 4486 voco
322 4415 477 4500 effectus,
502 4413 622 4484 omnia
635 4429 730 4484 certo
745 4414 939 4507 sequentia,
962 4408 1020 4481 bic
1036 4436 1106 4481 nu·
1155 4408 1285 4496 gelium
1321 4432 1393 4478 non
1432 4411 1603 4502 praecipit
1637 4414 1815 4483 discedere
1851 4438 1871 4483 a
1903 4415 2139 4484 facultatibus.

118 4542 216 4587 mero
234 4518 338 4585 etiam
356 4517 463 4585 vitam
479 4530 668 4587 aeternam.
707 4515 794 4585 ltem
808 4526 1104 4597 omneseventus,
1154 4506 1389 4596 Evangelinm
1415 4527 1533 4582 autem
1556 4515 1600 4581 de
1624 4514 1762 4584 iusticia
1778 4511 1980 4586 Christiana
1997 4539 2138 4607 praecc-

119 4632 160 4689 ut
173 4613 346 4689 Ezechiae
362 4618 466 4686 iidem
492 4617 653 4711 sequitur
674 4615 852 4685 liberatio.
980 4619 983 4622 ’
1158 4609 1225 4699 pit,
1249 4610 1358 4697 igitur
1372 4636 1446 4682 non
1460 4629 1512 4717 εει
1534 4614 1673 4685 iusticia
1688 4613 1892 4687 Christiana
1910 4618 2090 4687 discedere
2116 4641 2136 4686 a

222 4720 322 4823 Quae
338 4737 510 4824 cognata?
560 4736 649 4826 Spes
669 4748 854 4826 expectans
879 4734 1035 4801 suturam
1058 4730 1101 4800 li·
1154 4711 1392 4784 fiffllfflibm·

119 4836 360 4918 hermionem,
386 4835 588 4921 invocatio,
607 4837 774 4906 Dilectio.
828 4917 831 4924 Ι
933 4858 936 4863 ·
1232 4829 1391 4900 ινεωπι
1408 4828 1502 4901 nihil
1519 4846 1669 4923 opusest
1684 4854 1748 4923 per
1762 4838 1992 4906 omneslocos
2006 4837 2140 4926 vagari,

219 4935 427 5024 Pugnantia.
462 4935 768 5021 Simulatiofid'ei,
792 4933 1011 5026 Desperatio,
1036 4930 1104 5002 Pa·
1154 4953 1270 5033 neque
1297 4956 1380 5001 sero
1406 4933 1582 5025 quaelibet
1604 4958 1707 5002 causa
1732 4937 1857 5027 recipit
1884 4959 2006 5007 omnes
2027 4940 2138 5007 locos.

120 5058 185 5106 vor
200 5038 339 5128 impius.
1016 5094 1018 5098 Α
1084 5060 1087 5064 “
1155 5032 1284 5102 Totam
1305 5048 1422 5103 antem
1440 5029 1531 5102 hanc
1559 5031 1717 5104 methodi
1741 5037 1893 5107 formam
1920 5062 2057 5107 summa
2080 5040 2138 5107 di·

221 5136 312 5207 Cum
336 5133 403 5206 hoc
430 5139 537 5206 modo
558 5160 614 5208 res
634 5138 870 5215 includuntur
892 5134 994 5203 metis
1009 5133 1104 5214 artis,
1154 5134 1297 5223 ligentia
1314 5134 1525 5204 tradidimus
1544 5135 1582 5203 in
1599 5137 1799 5208 dialecticis.
1848 5139 1968 5227 Quare
1981 5135 2040 5210 hic
2056 5139 2140 5209 bre-

120 5240 249 5314 certius
263 5233 516 5330 comprehendi
533 5252 690 5331 possunt.
723 5235 771 5309 Et
788 5235 1004 5327 singuliloci
1021 5258 1104 5325 sup·
1153 5238 1244 5311 viter
1261 5248 1399 5304 tantum
1416 5237 1662 5309 admonendus
1683 5240 1751 5309 fnit
1775 5241 1905 5324 lector,
1931 5255 1971 5311 ut
1995 5242 2033 5309 in
2055 5237 2137 5310 rhe-

119 5341 279 5430 peditant
303 5341 482 5430 ingentem
510 5342 649 5437 copiam
670 5363 790 5418 rerum
820 5340 860 5407 in
883 5336 1104 5428 explicando.
1142 5337 1272 5408 toricis
1289 5337 1490 5409 meminerit
1510 5361 1613 5431 saepe
1636 5341 1680 5420 ad
1702 5341 1909 5413 dialecticen
1934 5342 2003 5412 sibi
2025 5344 2138 5436 respi-

1333 3973 1367 4040 A
1388 3993 1527 4062 causo,
1553 3972 1959 4068 videlicetprnecepto.
