4538 5754
174 256 250 354 err
422 247 634 328 sentent
657 248 737 329 ru
756 240 881 323 orm
907 241 976 322 en
998 192 1135 326 utar,
1151 247 1298 335 anor.
1321 248 1390 332 rr
1414 253 1609 341 anuos.
1634 255 1958 351 seraranan.
2126 262 2207 341 err

178 415 776 514 rursustransgressnsEeliptieam,
789 418 1076 512 septentrionalis
1092 444 1166 493 esse
1218 420 1432 522 Ecliptirae,
1453 443 1490 501 et
1503 427 1649 503 Planeta
1665 429 1704 501 in
1725 432 1914 504 medietate
1937 432 2118 527 superiore
2132 436 2210 527 epi·

180 533 283 628 cepit,
307 550 380 623 qno
393 538 554 617 tempore
565 523 679 593 moles
693 521 792 614 prius
806 522 893 594 dicti
905 522 993 593 belli
1006 523 1046 592 ia
1054 521 1167 595 Saro-
1218 530 1309 623 cycli
1331 552 1499 612 currens,
1533 533 1629 603 inter
1652 533 1741 604 duas
1765 534 1985 624 superficies,
2023 538 2211 607 eccentrici

180 627 461 708 niamtranslata
483 637 545 694 est.
598 622 654 693 lbi
675 636 914 695 commoratus
929 624 955 692 9
971 646 1109 694 meuses
1121 626 1166 694 ad
1220 643 1255 700 et
1277 631 1477 724 eclipticas,
1506 633 1666 714 incedat,
1700 634 1852 727 ideoque
1873 638 1994 707 minus
2015 639 2142 729 procul
2164 639 2210 708 ab

181 732 415 808 Decembrem
428 748 542 820 usque
556 723 715 795 eiusdem
730 725 833 811 anni,
857 726 1025 795 abscessit
1037 726 1168 797 itelnm
1220 728 1394 822 Ecliptica
1409 733 1525 819 distet,
1536 758 1641 826 qnam
1650 735 1798 825 planum
1806 737 1995 806 deferentis
2004 739 2212 831 epiryclum.

183 855 307 910 versus
329 829 535 912 meridiem,
567 825 690 920 ibique
715 820 829 896 haesit
861 828 969 918 paulo
1000 826 1120 895 minus
1144 824 1168 894 9
1323 832 1394 903 Sed
1410 857 1491 902 eum
1507 833 1842 908 deseenditPlaneta
1858 838 1896 905 in
1911 837 2118 908 inferiorem
2135 863 2209 907 me-

185 934 385 1016 mensibus,
410 931 477 1001 sub
491 926 598 996 bnem
614 927 766 1017 Augusti
785 927 873 997 anni
893 924 963 1011 48,
988 928 1081 1019 cepit
1102 927 1172 997 ite·
1222 932 1387 1003 dietatem
1412 933 1578 1029 epicycli,
1619 959 1711 1029 quae
1733 961 1752 1007 a
1778 938 1886 1027 plano
1916 940 2105 1008 deferentis
2135 941 2211 1028 ipsa

186 1062 268 1112 rum
288 1036 335 1105 ad
359 1054 425 1102 nos
447 1029 612 1100 accedere
633 1050 756 1098 versus
777 1028 1073 1120 septentrionem,
1107 1027 1171 1097 ubi
1223 1056 1366 1127 quoque
1382 1055 1504 1105 versus
1519 1038 1798 1128 septentrionem
1813 1036 1987 1123 declinat,
2012 1040 2053 1108 fit
2071 1053 2112 1108 ut
2127 1039 2212 1109 Pla-

188 1135 350 1220 manebit
364 1145 458 1205 totos
475 1126 522 1200 14
545 1151 698 1215 menses,
723 1152 837 1223 usque
859 1132 905 1199 ad
920 1128 1079 1200 medinm
1094 1126 1171 1198 No·
1223 1146 1305 1205 neta
1319 1134 1491 1204 maiorem
1507 1131 1637 1206 lrabeat
1651 1138 1876 1208 latitudinem
1900 1140 2212 1229 septentrionalem

190 1231 372 1313 vembrem
390 1229 500 1303 buius
514 1230 689 1302 currentis
708 1227 819 1306 1549.
834 1228 935 1301 anni.
1225 1257 1332 1326 quam
1351 1248 1483 1328 quanta
1500 1249 1553 1308 est
1565 1237 1734 1308 distantia
1753 1239 1854 1330 plani
1870 1239 2059 1309 deferentis
2075 1241 2212 1331 apione

294 1335 402 1425 Quod
418 1345 535 1403 autem
550 1329 650 1402 Mars
664 1332 893 1403 latitudinum
917 1352 1063 1401 suarum
1080 1330 1174 1400 sices
1225 1330 1432 1427 Ecliptirae.
2061 1398 2069 1406 .

191 1453 265 1515 tam
290 1434 494 1529 inaequales
517 1428 640 1516 babet,
665 1432 750 1502 inde
770 1444 838 1517 est,
863 1433 960 1525 quod
981 1431 1174 1525 aliquando
1328 1431 1503 1518 bleonus,
1537 1440 1682 1530 quando
1711 1437 1787 1531 epic
1813 1440 1858 1510 cli
1889 1451 2049 1508 centrum
2072 1454 2092 1509 a·
2116 1441 2212 1510 nodo

192 1553 305 1614 totam
336 1533 566 1610 latitudinem
596 1532 908 1624 septentrionalem
934 1531 1089 1602 absolvit
1119 1533 1175 1601 di·
1227 1530 1441 1622 devehente,
1490 1538 1554 1630 qui
1596 1466 1866 1632 καταβιβάζων
1908 1540 2060 1618 dicitur,
2119 1541 2214 1610 oltra

192 1655 328 1721 rectus,
354 1634 424 1708 boe
439 1649 512 1720 est,
536 1636 733 1705 secundum
753 1634 936 1724 signorum
948 1632 1075 1703 seriem
1091 1655 1175 1704 tur·
1227 1633 1435 1727 Ecliptieam
1451 1638 1566 1708 fertur
1580 1663 1702 1709 versus
1719 1642 1920 1710 meridiem:
1946 1640 2113 1731 perigeon
2138 1643 2215 1731 epi-

192 1765 289 1828 rens,
311 1763 353 1810 ae
364 1738 534 1809 stationes
547 1748 582 1806 et
595 1735 849 1826 regressionem
862 1733 1030 1803 differens
1043 1731 1083 1802 in
1099 1757 1176 1804 sne-
1228 1738 1316 1831 cycli
1332 1759 1453 1807 versus
1467 1740 1616 1808 eandem
1630 1741 1757 1810 mundi
1776 1754 1909 1831 partem
1930 1763 1949 1808 a
1966 1741 2073 1832 plano
2090 1740 2214 1810 eccen-

192 1843 370 1915 ridianam
383 1838 619 1910 latitudinem.
670 1835 778 1933 Quod
794 1857 874 1906 eum
892 1834 1000 1919 lacit,
1023 1833 1077 1903 ibi
1093 1835 1175 1906 din·
1228 1838 1309 1908 trici
1328 1839 1503 1925 declinat,
1530 1840 1577 1909 ita
1589 1853 1630 1910 ut
1646 1862 1770 1911 rursus
1787 1840 1951 1932 superior
1973 1842 2115 1934 quidem
2132 1865 2214 1933 pars

63 2013 68 2024 ,
194 1946 266 2016 tius
290 1938 411 2017 baeret
430 1952 577 2032 propter
597 1935 884 2028 reciprocationis
903 1957 1061 2020 moram,
1085 1935 1178 2007 sicut
1228 1939 1376 2034 epieyrli
1401 1940 1637 2012 constituatur
1659 1941 1845 2012 interduo
1869 1942 1992 2033 plana,
2027 1943 2216 2011 eccentrici

194 2044 332 2139 alioqui
357 2063 499 2135 quoque
520 2040 610 2109 adeo
638 2038 858 2130 inaequalem
891 2029 999 2106 habet
1027 2050 1177 2122 motum,
1229 2051 1266 2110 et
1287 2040 1485 2131 ecliptieae,
1516 2040 1668 2111 inferior
1684 2065 1770 2112 vero
1790 2064 1873 2132 pars
1894 2042 1988 2111 ultra
2012 2043 2083 2111 duo
2107 2043 2216 2132 plana

196 2160 343 2241 propter
357 2140 630 2234 amplitudinem
652 2139 708 2211 aui
729 2136 896 2232 epieyeli,
917 2148 959 2207 ut
980 2135 1176 2229 aliquando
1229 2140 1370 2230 longius
1389 2140 1543 2211 declinet
1562 2164 1685 2211 versus
1707 2143 1910 2222 meridiem,
1936 2165 2041 2234 quam
2067 2143 2216 2232 planum

194 2250 237 2317 in
249 2269 323 2317 uno
345 2240 606 2333 signoZodiaci
627 2240 846 2330 peragrando
870 2236 1022 2327 amplius
1045 2259 1104 2306 ser
1120 2238 1177 2306 in·
1230 2242 1425 2313 eccentrici.
1486 2240 1607 2329 Quare
1634 2240 1780 2313 Planeta
1808 2267 1953 2312 currens
1980 2242 2019 2310 in
2045 2242 2217 2313 inferiore

194 2347 304 2439 tegris
318 2344 499 2414 mensibus
515 2353 721 2422 consumat,
744 2363 825 2409 cum
840 2337 929 2407 alias
949 2337 1059 2409 soleat
1083 2339 1178 2409 intra
1230 2340 1377 2435 epirycli
1399 2341 1606 2426 medietate,
1631 2343 1761 2414 iterum
1783 2346 1952 2412 maiorem
1970 2337 2217 2414 habetlatitu-

196 2453 288 2520 duos
302 2465 442 2514 menses
457 2441 642 2535 quodlibet
656 2440 797 2530 signnm
814 2461 1030 2530 percurrere.
1231 2443 1371 2523 dinem,
1404 2441 1443 2510 in
1467 2442 1649 2534 superiore
1670 2467 1756 2512 vero
1787 2445 1984 2527 minorem,
2017 2466 2124 2535 quarn
2150 2468 2214 2535 pro

299 2544 395 2616 llaec
412 2565 525 2613 crasse
545 2541 637 2611 dicta
653 2552 736 2610 sunt
758 2540 803 2609 de
823 2539 933 2611 trium
954 2536 1179 2629 superiorum
1231 2542 1470 2613 declinatione
1492 2543 1677 2614 eeeentrici
1694 2568 1714 2614 a
1731 2544 1839 2634 plano
1855 2540 2061 2635 Ecliptieae.
2115 2543 2219 2616 Sem·

197 2647 427 2722 Planetarum
442 2642 650 2727 latitudine,
673 2663 743 2734 qua
758 2651 953 2731 evagantur
974 2640 1083 2709 modo
1099 2660 1179 2707 ser·
1232 2666 1296 2737 per
1310 2656 1428 2712 antem
1442 2641 1589 2714 Planeta
1605 2643 1771 2716 incedens
1785 2669 1849 2737 per
1863 2644 2064 2714 inferiorem
2081 2659 2218 2735 partem

198 2771 259 2823 sus
286 2760 463 2829 austrum,
497 2745 605 2814 modo
632 2763 756 2813 versus
784 2741 1009 2833 aquilonem,
1041 2737 1180 2809 ratione
1233 2744 1380 2839 epiryeli
1396 2742 1464 2824 sui,
1486 2743 1656 2815 maiorem
1670 2741 1776 2817 babet
1791 2744 2016 2816 latitudinem
2031 2758 2064 2815 et
2079 2760 2221 2837 septen-

199 2870 348 2924 suornm
368 2844 632 2929 deferentium,
653 2841 718 2938 qui
739 2841 779 2911 in
798 2841 879 2912 illas
899 2853 1017 2933 partes
1035 2863 1057 2911 a
1072 2839 1180 2933 plano
1233 2845 1419 2916 trionalem
1437 2857 1473 2915 et
1490 2845 1782 2927 meridionalem,
1805 2869 1912 2941 quam
1932 2869 2013 2917 cnm
2036 2869 2101 2938 per
2120 2870 2220 2918 sum·

197 2947 394 3045 Ecliptieae
415 2946 609 3023 declinant·
1232 2969 1326 3015 mam
1343 2945 1499 3035 apsidem
1511 2945 1568 3016 sui
1583 2946 1730 3042 epieycli
1745 2953 1869 3019 lemur.

300 3049 372 3122 Sed
387 3071 468 3121 tum
481 3046 641 3131 artifices,
655 3044 719 3140 qui
732 3057 849 3117 molut
865 3041 1009 3114 illorum
1025 3040 1182 3133 diligen·
1333 3042 1399 3117 Est
1421 3058 1538 3116 autem
1564 3041 1651 3118 baeu
1689 3049 1839 3120 duarum
1871 3045 2101 3124 latitudinum
2132 3072 2222 3118 con-

197 3153 270 3227 tius
290 3150 549 3245 inquisiemnt,
572 3146 912 3228 animadverterent,
936 3141 1182 3215 illam'latitu·
1234 3144 1434 3218 iunctarum
1449 3148 1540 3218 ratio
1553 3146 1591 3218 in
1608 3149 1722 3220 tribus
1743 3147 1986 3242 superioribus
2002 3145 2170 3222 Planetis.

198 3255 322 3326 dinem
335 3248 569 3320 deferentium
585 3270 660 3316 non
676 3267 870 3335 congruere
893 3266 975 3314 enm
997 3243 1180 3333 experien·
1283 3272 1289 3289 =

199 3353 270 3432 tia,
303 3363 339 3422 et
362 3347 585 3442 inaequalem
608 3340 931 3437 deprehenderent,
960 3343 1074 3414 coacti
1096 3355 1179 3415 sunt

199 3449 287 3524 huic
313 3450 459 3521 alteram
491 3444 717 3518 latitudinem
745 3447 957 3534 adiungere,
986 3466 1094 3537 quam
1116 3443 1182 3514 tri-

199 3554 319 3624 buunt
331 3548 509 3645 epicyelis.
541 3541 790 3617 Observarunt
804 3546 920 3630 enim,
944 3544 1083 3637 quoties
1098 3567 1183 3615 een·

199 3667 297 3726 trum
313 3650 462 3745 epicycli
474 3660 564 3718 esset
579 3647 618 3716 in
633 3646 744 3718 altero
760 3645 995 3717 terminorum
1011 3644 1184 3714 maximae

1550 3277 1606 3352 ln
1645 3279 1906 3356 Saturno.

1334 3393 1491 3485 Quando
1516 3399 1696 3493 epieyelus
1725 3413 1777 3471 est
1804 3399 1843 3468 in
1869 3397 2023 3469 termino
2046 3401 2222 3473 maximae

1234 3497 1433 3571 latitudinis
1456 3499 1763 3588 septentrionalis,
1788 3495 1857 3569 hoo
1879 3513 1950 3583 est,
1976 3501 2068 3570 eirca
2088 3503 2223 3592 primas

1234 3613 1351 3692 partes
1366 3597 1527 3692 Scorpii,
1550 3615 1636 3671 tunc
1653 3599 1799 3672 Planeta
1820 3601 1926 3670 distat
1941 3599 1986 3669 ab
2000 3595 2175 3693 Ecliptira
2185 3605 2224 3673 in

1510 3710 1945 3753 w

199 3751 404 3826 latitudinis
423 3749 463 3819 in
484 3747 681 3833 deferente,
713 3745 896 3818 Planetam
923 3761 1122 3818 currentem
1144 3744 1182 3814 in
1494 3764 1653 3856 ΛΜΗ),
1808 3764 1967 3854 Ρῃῑμο,

91 3904 95 3909 -
199 3853 383 3947 superiore
395 3849 581 3922 medietate
597 3848 763 3942 epicyeli,
788 3848 964 3918 minorem
982 3841 1113 3916 babere
1126 3845 1182 3915 la·
1491 3867 1527 3934 id
1547 3879 1611 3950 m,
1627 3888 1709 3934 „um
1766 3922 1769 3927 ι
1814 3865 1849 3936 id
1868 3880 1932 3950 es„
1948 3890 2029 3938 cum

199 3953 412 4038 titudinem,
444 3973 552 4045 quarn
572 3962 705 4043 quanta
731 3963 784 4022 est
806 3947 958 4018 maxima
988 3945 1181 4016 deferentis
1488 3963 1565 4037 3013
1582 3965 1736 4035 mim„
1812 3965 1889 4038 5015
1911 3991 2025 4060 oppo-

201 4052 430 4147 abEcliptiea
445 4051 648 4131 declinatio,
663 4062 698 4120 et
715 4063 869 4133 econtra,
891 4056 1032 4116 euntem
1048 4068 1111 4138 per
1126 4047 1185 4115 in·
1540 4065 1647 4156 gitur,
1849 4067 1960 4151 nitur,

199 4145 367 4227 ¹seriorem
381 4151 604 4242 medietatem
617 4150 777 4245 epicyeli,
800 4146 942 4240 longius
956 4142 1184 4238 ablieliptica
1491 4164 1557 4243 Gr·
1589 4166 1684 4239 Min·
1818 4164 1884 4238 Gr·
1910 4166 2002 4241 Min·

199 4258 352 4343 distare,
391 4274 499 4351 quarn
525 4273 590 4344 pro
625 4249 862 4324 declinatione
898 4246 1052 4317 maxima
1088 4246 1185 4318 dele·
1506 4269 1532 4338 2
1613 4267 1637 4337 ὅ
1832 4267 1859 4337 3
1936 4268 1961 4337 3

200 4359 326 4433 rantis.
758 4388 763 4395 ·
1524 4389 1648 4438 versus
1668 4367 1959 4459 septentrionem.

303 4456 427 4549 Qum
447 4444 637 4576 ,difflui
668 4447 775 4570 “32¹⁰
805 4446 1009 4569 fpicy‘lum
1047 4461 1184 4569 ΜΨ
1339 4482 1411 4557 Sed
1427 4484 1572 4577 quando
1593 4483 1773 4580 epicyolus
1795 4497 1891 4557 tenet
1912 4482 2078 4555 australis
2105 4484 2231 4557 latitu-

201 4558 383 4655 queudam
399 4540 612 4649 peffulsarem
625 4576 665 4624 ιιι
676 4550 900 4622 latitudtnem
916 4544 1058 4630 babere,
1085 4574 1186 4668 arm!-
1237 4584 1335 4659 dini·
1365 4580 1579 4672 (empnam,
1611 4579 1682 4657 boc
1702 4597 1775 4671 est,
1808 4585 1941 4679 primas
1963 4597 2080 4676 panes
2104 4572 2233 4674 Tauri,

105 4750 109 4755 ·
199 4661 273 4779 ΙΨ
305 4659 380 4729 ‘m
411 4678 583 4729 mmmm
613 4651 821 4775 'biham’
858 4649 908 4721 ἥδ
941 4663 983 4721 ⁰⁸
1006 4672 1091 4725 Μ
1110 4674 1186 4740 ‘9¹'
1238 4682 1486 4847 tuncgqneta
1503 4686 1612 4758 distat
1626 4687 1674 4756 ab
1687 4681 1863 4781 Eeliptica
1879 4685 1917 4756 in
1933 4683 2085 4782 epicyeli

201 4761 322 4858 cyclus
336 4783 358 4829 a
373 4758 472 4831 nodo
487 4756 679 4829 delerentur
700 4750 902 4835 attollente,
921 4773 1027 4844 quem
1050 4746 1186 4842 ἀναβι-
1559 4800 1592 4828 ,,,

199 4856 370 4958 fidimus
404 4859 560 4931 diximus
583 4879 605 4928 a
626 4855 829 4930 Ptolemaeo
855 4851 996 4936 roeari,
1034 4849 1186 4922 discedit
1283 4878 1297 4897 ·
1332 4846 1369 4895 θ’
1396 4882 1400 4889 ·
1466 4846 1626 4943 Aporeo,
1777 4850 1937 4940 Pedem,

200 4986 323 5035 versus
345 4958 641 5057 septentrionem,
665 4955 834 5049 perigeon
852 4950 1001 5047 epieycli
1020 4950 1187 5049 cerroin·
1362 4986 1367 4997 ·
1466 4951 1507 5022 id
1522 4963 1586 5036 est,
1600 4948 1680 5036 ind
1783 4944 1851 5020 boc
1866 4967 1931 5038 est,
1945 4950 2023 5038 ind>

201 5064 351 5137 terrallo
366 5060 507 5135 reseda
520 5082 542 5130 a
557 5055 740 5151 superlicie
752 5050 945 5126 deferentis
958 5071 1081 5122 versus
1101 5072 1188 5120 enn-
1466 5072 1549 5122 cum
1566 5048 1652 5122 sota
1783 5052 1829 5120 ad
1845 5050 1966 5123 Solem

199 5169 284 5238 dem
294 5177 431 5259 partem
449 5159 590 5245 mnndi,
611 5180 684 5253 qoo
697 5156 846 5227 inclinat
862 5152 1009 5247 planum
1023 5149 1186 5222 deleren-
1466 5146 1534 5221 Gr.
1559 5147 1655 5223 Min.
1784 5149 1850 5223 Gr.
1874 5150 1970 5230 Min.

199 5267 267 5354 tis,
292 5280 400 5359 atque
414 5255 483 5333 boc
497 5261 606 5332 modo
619 5256 782 5351 superior
804 5277 886 5349 pars
901 5250 1050 5351 epinycli
1071 5265 1186 5324 retor-
1477 5250 1504 5322 2
1586 5250 1607 5320 1
1792 5251 1819 5320 8
1907 5252 1927 5321 1

198 5360 583 5464 queaturssnperfieie
597 5354 804 5446 eeceutrici,
827 5352 1185 5449 versussopnuoian
1564 5370 1689 5423 versus
1707 5349 1906 5426 meridiem.
