4538 5754
10 251 111 323 Ιιι
265 222 272 234 “
350 260 354 269 ’
576 248 581 259 ·
799 245 845 330 Ιι
895 224 1047 324 arnan
1078 244 1145 322 oa
1180 242 1354 326 ausura,
1424 248 1429 255 ·
2041 258 2089 330 ιι

10 394 13 445 ³
68 422 366 515 oriturspiritus,
392 444 465 493 uon
488 421 601 493 vivit?
650 415 746 512 Ergo
767 421 865 493 aliud
885 421 1055 516 quiddam
1108 419 1252 490 tilianus
1287 417 1420 514 inquit:
1466 416 1592 492 Studia
1622 420 1813 511 sapientiae
1844 447 1917 495 uon
1947 424 2086 496 iamin

69 537 113 593 est
128 525 308 606 materia,
334 523 432 594 aliud
455 523 517 592 illa
538 524 591 593 rei
614 524 768 613 agitatio.
819 522 892 593 Nec
908 524 1056 593 ulterius
1106 536 1186 591 actu
1210 542 1292 605 suo,
1325 535 1430 613 atque
1452 522 1491 589 in
1513 517 1673 592 laeciori
1696 522 1774 593 luce
1798 539 1999 605 versantur,
2022 529 2084 596 sed

69 627 316 716 quaerendum
330 637 399 708 est,
424 624 511 716 quid
534 624 580 694 sit
602 618 688 694 haec
708 624 870 714 agitatio,
897 626 957 693 sed
976 621 1055 695 talis
1107 622 1145 689 in
1168 621 1323 711 porticus
1343 635 1570 692 recesserunt.
1621 620 1741 711 Quare
1764 637 1797 693 et
1820 621 1943 696 Cicero
1967 627 2085 696 cousi·

10 730 13 793 ἶ
68 736 111 793 est
126 737 278 795 natura.
329 721 404 794 Nec
422 724 515 809 vita,
541 747 607 794 nec
629 736 745 795 motus
760 737 868 810 esset,
890 725 960 794 nisi
975 724 1054 794 talis
1105 724 1231 790 deraus
1246 735 1279 790 et
1295 721 1468 810 originem
1485 721 1667 808 vocabuli,
1692 737 1725 795 et
1744 720 1944 794 Aristotelis
1967 728 2086 794 consi·

69 837 152 892 esset
169 823 335 912 agitatio.
387 821 437 894 Ut
452 825 482 893 si
498 846 643 917 quaeras
661 824 705 895 de
720 825 866 911 visione,
892 825 989 894 aliud
1004 835 1056 894 cst
1104 822 1210 906 lium,
1236 823 1342 892 vertit
1353 817 1607 892 Endelechiam
1622 824 2087 911 continuatammotionem,

10 956 12 961 ·
67 924 233 1010 materia,
261 923 429 994 videlicet
442 919 573 994 humor
588 926 831 1017 crystallinus,
859 939 893 996 et
909 925 1055 1016 spiritus
1103 922 1242 1007 idest,
1284 923 1468 991 adsiduam
1513 924 1753 1012 agitationem.
1813 924 1906 1014 Quia
1939 923 2085 997 Graecia

67 1023 215 1094 illabens
249 1024 292 1093 in
315 1047 427 1093 nervo
449 1026 586 1116 optico,
621 1025 717 1096 aliud
742 1027 816 1118 ipsa
834 1026 942 1112 visio,
965 1047 1054 1118 quae
1104 1022 1236 1094 sciebat
1250 1017 1430 1113 ἐνδελεχές
1457 1046 1531 1092 esse
1554 1025 1649 1093 idem
1678 1027 1773 1118 quod
1798 1026 2024 1112 continuum,
2050 1040 2085 1098 et

67 1138 205 1195 nonest
229 1125 306 1194 alia
326 1124 484 1196 materia.
536 1125 659 1217 ltaque
678 1125 717 1195 in
742 1125 1054 1196 delinitioneAni-
1104 1119 1330 1193 Aristotelem
1354 1124 1496 1193 videbat
1519 1124 1637 1218 loqui,
1663 1125 1708 1194 dc
1729 1139 1847 1207 motu,
1873 1128 2084 1233 seudeagi-

66 1247 136 1292 mae
161 1239 199 1296 et
223 1225 364 1294 cautior
383 1236 436 1294 est
459 1226 600 1305 ceteris,
627 1239 661 1297 et
685 1226 829 1318 propius
853 1229 1053 1317 respondet.
1104 1223 1247 1297 cacione
1297 1221 1410 1292 Norat
1425 1222 1653 1294 enimCicero
1669 1238 1703 1296 et
1719 1240 1818 1295 antea
1835 1228 1927 1317 apud
1943 1225 2084 1296 Aristo·

65 1321 143 1393 Sive
170 1324 327 1415 spiritus
349 1322 486 1408 vitalis,
517 1325 592 1394 sive
614 1339 947 1417 temperamentum,
980 1328 1053 1397 sive
1103 1324 1227 1409 telem,
1253 1324 1291 1392 in
1314 1324 1520 1394 defiuitione
1543 1323 1666 1395 Motus
1688 1326 1774 1417 poni
1791 1350 1912 1395 vocem
1927 1323 2084 1396 Endele-

65 1417 255 1494 harmonia
271 1425 317 1496 sit
333 1424 535 1495 immediata
550 1448 652 1496 causa
667 1427 770 1496 vitae.
810 1425 1054 1498 Hancimme-
1102 1419 1193 1492 chia.
1245 1423 1385 1494 Sciebat
1407 1438 1441 1494 et
1461 1425 1659 1514 promiscue
1678 1425 1716 1494 in
1737 1449 1778 1494 eo
1800 1425 1877 1517 ipso
1900 1427 1978 1495 loco
1997 1427 2084 1498 Ari·

64 1524 195 1593 diatam
219 1525 342 1594 sedem
369 1526 445 1616 ipse
464 1526 654 1619 relinquit,
685 1541 721 1597 et
748 1528 853 1613 dicit,
884 1526 1051 1598 Animam
1101 1525 1261 1594 stotelem
1275 1524 1329 1593 uti
1344 1525 1524 1594 vocabulis
1538 1520 1777 1595 Endelechiae
1791 1523 2022 1616 et'Energiae,
2048 1540 2084 1599 et

64 1646 129 1693 esse
144 1619 250 1693 hanc
264 1625 376 1715 ipsam
392 1626 638 1715 agitationem,
665 1649 734 1719 qua
756 1628 826 1696 iam
850 1630 905 1697 leo
930 1641 981 1697 est
1000 1643 1052 1698 ta·
1101 1647 1260 1715 expresse
1291 1625 1423 1706 dicere,
1454 1639 1590 1695 motum
1621 1648 1694 1695 esse
1717 1623 1923 1724 ἐνέργειαν,
1959 1628 1996 1697 id
2021 1643 2084 1712 est,

63 1722 119 1809 lis,
145 1747 215 1794 seu
232 1748 304 1817 qua
320 1720 387 1794 hos
400 1737 453 1795 cst
469 1727 560 1811 talis,
585 1748 646 1796 seu
662 1751 731 1818 qua
749 1723 856 1797 homo
871 1742 923 1799 est
937 1728 1028 1798 talis.
1100 1725 1305 1809 efficaciam,
1338 1748 1413 1793 non
1439 1725 1593 1795 ociosam
1621 1727 1783 1797 formam.
1842 1724 1890 1797 Et
1918 1729 1955 1796 in
1983 1753 2081 1798 norro

159 1838 273 1911 Hanc
299 1863 374 1911 esse
396 1841 598 1912 Aristotelis
630 1846 840 1913 sententiam
867 1842 959 1913 nihil
985 1847 1051 1915 du·
1099 1820 1193 1917 lm&
1224 1819 1272 1895 τὰ
1302 1819 1443 1917 φυσικὰ
1475 1826 1726 1913 fflffflidlcsts
1758 1827 1852 1897 idem
1886 1851 1957 1897 ⁰⁸⁸0
1982 1826 2083 1946 3759·
2174 1902 2177 1907 ,

63 1939 157 2009 biorn
186 1953 254 2011 est.
304 1937 535 2012 Recentiores
553 1944 629 2013 eius
650 1944 859 2033 interpretes
876 1959 1051 2038 quaerunt
1073 1982 1076 2037 3
1099 1949 1204 2023 7⁶¹2?
1227 1939 1260 1995 ‘¹
1283 1920 1517 2044 ἶνδῑλῖλὲῑαλζ·
1575 1923 1695 2014 Qum
1724 1940 1760 1998 ²¹
1786 1922 1997 2001 Plulfflhuss
2021 1941 2082 2014 ³¹⁸2

63 2041 158 2130 quasi
192 2040 298 2109 aliud
326 2042 574 2130 corpusculum
604 2045 643 2111 in
671 2066 818 2134 corpore
849 2046 1050 2126 animantis,
1073 2040 1077 2108 l
1100 2019 1323 2118 adelegem
1342 2049 1503 2116 ⁰⁸¹¹lP³f¹
1520 2048 1585 2114 P‘0
1603 2022 1776 2124 3729752'0‘·

10 2170 12 2199 ι
63 2142 153 2229 qnod
186 2138 380 2210 nominent
406 2135 591 2227 Animam,
624 2154 658 2212 et
689 2144 844 2232 cogitant
875 2140 1049 2215 Aristote-

63 2237 123 2306 lem
148 2239 314 2308 animam
344 2239 518 2309 collocare
544 2241 772 2334 incorpore,
809 2246 900 2314 sicut
921 2247 1050 2333 guber-

62 2350 162 2406 nator
190 2350 246 2408 est
267 2337 307 2406 iu
337 2339 444 2426 navi,
476 2364 557 2411 eum
585 2342 660 2438 ipse
687 2358 866 2437 comparet
892 2342 1050 2418 Endcle·

10 2450 12 2509 ζ
63 2431 175 2507 chiam
190 2436 339 2509 visioni.

161 2659 229 2728 De
262 2654 433 2731 vocabuli
467 2653 688 2751 ἕνδελεχείας
725 2666 871 2759 origine
903 2673 941 2737 el

405 2756 696 2857 significatione.

156 2904 343 2977 Vocabuli
367 2908 612 3002 interpretatio
636 2915 742 2982 addet
760 2913 894 3007 aliquid
911 2916 997 2988 lucis
1012 2932 1046 2991 et
1097 2965 1107 2982 ·

59 3001 139 3076 hnic
163 3007 391 3093 definitioni,
424 3023 459 3081 et
485 3011 564 3080 aliis
594 3012 715 3081 moltis
738 3013 1045 3102 disputationibus.

59 3103 103 3177 Ut
117 3130 197 3175 non
215 3107 368 3178 dubium
384 3122 454 3191 est,
475 3112 564 3203 quin
578 3108 711 3183 λευκὸν
725 3112 896 3201 significet
910 3117 1044 3204 album,

58 3205 102 3274 ita
117 3230 350 3299 nequaquam
364 3210 513 3279 dubium
530 3225 600 3293 est,
626 3213 712 3304 quin
734 3208 914 3308 ἐνδελεχὲς
930 3219 1045 3307 'signi-

57 3306 130 3375 ficet
152 3307 382 3382 continuum.
437 3304 485 3378 Et
515 3306 732 3402 ἐνδελέχεια,
766 3316 1045 3390 continuitatem.

57 3403 220 3498 Cumque
243 3408 378 3501 ubique
399 3409 505 3478 obvia
526 3411 598 3482 sint
621 3414 794 3503 exempla,
819 3439 893 3485 non
916 3421 1044 3489 addam

57 3506 279 3590 testimonia,
309 3519 448 3578 tantum
470 3511 699 3582 meminerint
715 3514 873 3602 iuniores
889 3533 1042 3588 veterem

56 3628 200 3676 versum
215 3600 393 3680 κοιλαίνει
413 3604 553 3704 πέτραν
564 3607 668 3703 ῥανὶς
679 3609 816 3694 ὕδατος
831 3611 1042 3711 ἐνδελεχείῃ.

56 3703 218 3795 Sumpsit
234 3707 344 3794 igitur
358 3708 566 3779 Aristoteles
578 3714 789 3784 vocabulum
807 3738 825 3782 a
842 3718 986 3807 populo,
1008 3735 1044 3791 ct

56 3806 156 3893 prius
173 3829 216 3874 eo
232 3828 318 3876 osus
332 3806 436 3878 estin
453 3810 556 3879 tertio
569 3811 663 3882 libro
680 3809 906 3907 physicorum
925 3819 963 3886 in
980 3822 1042 3889 de-

57 3905 221 3974 finitione
236 3918 372 3992 motus,
395 3908 459 3978 ubi
481 3923 523 3981 ut
537 3911 746 4000 significaret
762 3918 1041 4004 progressionem

58 4008 98 4075 aa
120 4006 301 4091 sormam,
332 4002 425 4076 hanc
449 4033 568 4078 vocem
589 4013 790 4103 usurpavit,
821 4041 890 4108 qua
907 4018 1043 4107 signiti-

58 4118 157 4175 catur
171 4107 345 4175 continua
359 4106 422 4175 illa
437 4111 608 4180 successio
630 4113 796 4202 partium.
847 4114 968 4188 Motus
988 4133 1043 4191 est

56 4201 279 4276 Endelechia
299 4206 337 4275 in
352 4207 525 4293 subiecto,
550 4213 646 4302 quod
660 4214 704 4282 ad
720 4215 873 4306 aliquam
889 4218 1040 4288 formam

55 4305 191 4389 tendit,
217 4305 257 4373 id
284 4320 354 4387 est,
384 4320 436 4378 est
457 4310 600 4399 agitatio
615 4337 683 4404 qua
705 4315 902 4407 acquiritur
916 4318 1040 4394 forma.

55 4401 103 4476 Ut
125 4428 211 4475 cum
236 4428 328 4498 aqua
350 4408 482 4494 calefit,
507 4433 597 4502 aqua
612 4413 808 4486 subiectum
823 4430 891 4503 est,
916 4433 951 4489 et
966 4419 1040 4507 agi-

55 4505 142 4576 tatio
155 4505 328 4575 continua
343 4506 382 4575 iu
398 4531 509 4602 aqua,
532 4523 585 4581 est
606 4511 676 4583 iter
695 4516 739 4583 ad
755 4515 860 4585 aliam
877 4518 1039 4595 formam.

55 4600 140 4674 Ideo
156 4618 195 4676 et
209 4600 431 4677 Themistius
443 4611 551 4679 verba
567 4611 629 4682 illa
646 4614 846 4701 declarans,¹
870 4615 937 4706 ait,
962 4615 1038 4690 En·

53 4699 254 4777 delerhiarn
269 4727 343 4775 esse
358 4707 506 4778 itionem
528 4713 572 4780 ad
588 4714 748 4784 formam.

154 4816 212 4893 Ae
243 4815 409 4908 Boetius,
450 4826 511 4918 qui
541 4820 743 4900 Aristotelis
778 4826 1036 4927 philosophiam

52 4932 144 4991 reete
159 4920 360 5006 intellexit,
382 4925 592 4994 vocabulum
610 4923 849 5002 Eudelechiae
861 4935 1036 5026 interpre-

52 5034 163 5104 tator,
195 5021 350 5105 Actum,
382 5047 457 5093 non
478 5024 680 5116 intelligens
707 5043 802 5117 acta,
829 5036 885 5102 vel
907 5059 962 5105 rea
984 5036 1036 5105 el.

53 5120 176 5200 lectas,
203 5122 267 5190 sect
281 5135 322 5192 ut
336 5121 458 5194 Latini
473 5141 605 5199 veteres
620 5127 748 5199 Actum
766 5155 831 5220 pro
846 5135 1035 5223 agitatione

1200 2139 1255 2212 Ex
1279 2138 1352 2226 his,
1384 2164 1474 2233 quae
1495 2141 1657 2227 recitavi,
1688 2144 1798 2213 lector
1822 2146 2012 2233 candidus,
2046 2162 2080 2219 et

1099 2266 1173 2312 nou
1187 2245 1286 2312 rudis
1302 2242 1546 2311 Aristotelicae
1560 2242 1758 2331 doctrinae,
1783 2246 1939 2314 iudicare
1956 2246 2081 2336 potest,

1099 2356 1133 2414 et
1149 2344 1235 2437 quid
1251 2343 1462 2412 vocabulum
1477 2337 1694 2413 Endelechia
1715 2345 1904 2434 significet,
1929 2359 1963 2416 et
1978 2343 2080 2416 Cice-

1099 2446 1197 2513 ronis
1225 2443 1551 2533 interpretationem
1575 2465 1656 2514 cum
1680 2445 1850 2516 sententia
1877 2442 2078 2517 Aristotelis

1099 2559 1192 2614 recte
1206 2565 1410 2633 congruere.

1200 2659 1442 2756 Argyropylus
1457 2659 1663 2734 Ciceronem
1682 2658 1926 2754 reprehendit,
1952 2679 1985 2737 et
2000 2688 2077 2739 ma-

1096 2764 1240 2833 luerunt
1257 2763 1316 2831 alii
1333 2764 1475 2855 quidam
1492 2765 1581 2834 verti
1595 2760 1870 2846 Endelechiam,
1890 2767 2077 2858 perlectio-
2117 2808 2121 2821 =

1096 2888 1178 2933 nem
1198 2863 1422 2948 interiorem,
1448 2863 1547 2956 quasi
1571 2858 1614 2936 τὸ
1630 2861 1733 2945 ἔντος
1750 2868 1921 2938 τελειοῦν.
1972 2865 2076 2937 Hanc

1095 2964 1381 3052 imaginationem
1397 2965 1540 3054 adparet
1560 2986 1620 3032 eos
1634 2986 1709 3035 non
1730 2968 1918 3056 sumpsisse
1933 2990 1975 3036 er
1990 2965 2076 3036 Ari·
2163 3042 2171 3056 ,

1094 3064 1235 3145 stotele·,
1254 3065 1319 3147 ,scd
1338 3064 1380 3132 ad
1399 3086 1478 3132 eum
1492 3063 1665 3148 attulisse,
1691 3089 1769 3133 cum
1786 3078 1923 3135 tantum
1935 3068 1980 3135 de
1995 3066 2076 3134 ani-

1095 3187 1151 3234 ma
1175 3160 1330 3233 hominis
1344 3163 1412 3231 dici
1437 3164 1712 3249 arbitrarentur,
1743 3177 1779 3236 et
1797 3158 1890 3236 hanc
1909 3165 2077 3236 videlicet

1094 3281 1256 3337 naturam
1282 3265 1510 3354 separabilem
1533 3258 1692 3333 hahitare
1714 3265 1908 3355 cogitarent
1923 3266 1961 3335 in
1976 3280 2074 3357 parte

1093 3365 1252 3456 corporis
1273 3378 1386 3450 certa,
1417 3365 1507 3435 sicut
1530 3365 1567 3433 in
1585 3365 1668 3433 navi
1682 3366 1898 3455 gubernator
1914 3369 2011 3437 sedet
2026 3368 2073 3437 ad

1092 3467 1381 3555 gubernaculum.
1432 3463 1529 3535 Haec
1550 3464 1695 3535 aliunde
1709 3467 1752 3534 ad
1769 3464 1995 3537 Aristotelem
2020 3469 2074 3537 al-

1090 3567 1161 3635 lata
1182 3579 1283 3648 suut,
1314 3588 1387 3634 non
1411 3580 1494 3636 sunt
1513 3590 1554 3635 ex
1570 3564 1645 3655 ipso
1669 3579 1820 3657 sumpta.
1872 3563 1997 3638 Cicero
2015 3591 2074 3637 re·

1090 3667 1180 3737 etius
1196 3666 1287 3736 vidit
1302 3665 1488 3734 consilium
1502 3661 1714 3738 Aristotelis.
1755 3664 1827 3736 Nec
1843 3679 1961 3737 umen
1978 3662 2073 3740 hane

1090 3767 1329 3860 quaestionem
1353 3766 1425 3834 ulla
1447 3761 1651 3858 φιλονεικία
1671 3767 1790 3846 movi,
1816 3791 1880 3837 nec
1902 3769 2071 3862 impedio,

1091 3889 1161 3958 quo
1177 3866 1295 3935 miuus
1311 3887 1374 3934 sua
1391 3866 1517 3956 cuique
1538 3864 1713 3935 sententia
1735 3867 1889 3955 placeat,
1913 3890 2072 3958 praeser-

1090 3968 1153 4036 tim
1168 3967 1206 4034 iu
1223 3962 1287 4036 hac
1304 3966 1386 4034 exili
1400 3965 1655 4056 disputatione,
1683 3988 1772 4059 quae
1795 3990 1869 4036 non
1884 3967 2071 4039 labefactat

1089 4078 1217 4136 statum
1234 4066 1458 4157 reipublicae.
1510 4063 1559 4136 Ut
1570 4088 1635 4133 nec
1649 4064 1746 4136 iocus
1761 4068 1852 4157 apud
1870 4065 2071 4138 burianum

1089 4167 1208 4236 turbat
1227 4166 1498 4256 rempublicam,
1528 4164 1592 4235 ubi
1615 4165 1716 4249 litera
1739 4161 1855 4257 degit
1878 4167 2068 4240 interdicto

1088 4268 1185 4336 unde
1207 4267 1242 4336 vi
1264 4268 1358 4359 quod
1384 4291 1425 4336 ex
1448 4265 1603 4336 dictione
1626 4261 1827 4360 ἐνδελέχεια
1848 4267 1988 4358 expulsa
2011 4267 2070 4347 sit,

1087 4380 1271 4459 postquam
1294 4366 1461 4458 irruperit
1485 4366 1523 4434 in
1546 4389 1625 4436 eum
1647 4365 1764 4437 locum
1785 4366 1887 4436 litere
1910 4393 1943 4439 τ.
1997 4366 2069 4463 Sed

1087 4467 1208 4537 indico
1222 4480 1382 4537 nontam
1397 4488 1510 4536 meam
1524 4466 1753 4550 sententiam,
1777 4490 1883 4559 quam
1907 4491 2069 4538 meorum

1086 4579 1373 4659 praeceptorum,
1404 4567 1467 4661 qui
1488 4589 1563 4636 non
1584 4568 1689 4636 rudes
1703 4567 1848 4658 luerunt
1862 4565 2067 4640 Aristoteli·

1086 4692 1146 4738 cae
1170 4667 1362 4742 doctrinae.

1471 4887 1676 4954 Obleotio·

1186 5033 1257 5108 Sed
1290 5034 1534 5129 interpretatio
1568 5033 1752 5108 Ciceronis
1791 5033 2066 5129 reprehenditur

1083 5131 1152 5206 hoc
1167 5150 1385 5228 argumento.
1437 5131 1595 5226 Agitatio
1614 5159 1676 5208 seu
1697 5138 1809 5209 motio
1825 5152 1877 5211 est
1892 5140 2065 5218 accidens.

54 5221 237 5302 dicebant,
270 5221 367 5293 iusta
388 5223 493 5300 illud.
555 5227 710 5301 Militem
732 5246 872 5324 oportet
893 5235 934 5306 in
954 5249 1033 5306 actu
1081 5233 1213 5308 Anima
1232 5263 1306 5310 non
1328 5251 1379 5309 est
1401 5239 1574 5313 accidens.
1624 5235 1739 5328 lgitur
1757 5262 1831 5309 non
1846 5239 1989 5332 proprie
2004 5241 2062 5310 di-

54 5322 162 5405 moti,
186 5322 230 5394 id
245 5334 317 5412 est,
341 5337 503 5423 agentem
521 5340 557 5401 et
570 5331 813 5422 praeliantem.
852 5330 900 5410 Et
915 5333 1035 5427 Quin·
1081 5336 1175 5411 citur
1189 5339 1437 5429 esseAgitatio.
1486 5336 1714 5432 Respondeo.
1764 5331 1974 5414 Aristoteles
1987 5341 2063 5431 ipse
