4538 5754
47 117 247 225 sess,

656 117 720 190 ιιι
771 73 1138 191 ιοιιιιιιιιιιιιιι
1166 111 1217 185 ιιι
1241 109 1484 189 essenos.

1992 118 2090 195 1sso
2216 68 2219 74 ¹

14 317 132 387 ¹nrm
157 316 239 363 vere
262 293 380 378 timet,
413 315 478 362 nec
501 315 583 361 vere
607 291 773 377 confidit,
805 306 864 362 eut
890 291 1052 362 invocat.
1074 283 1195 375 'Deus
1226 287 1392 405 accipiat
1404 297 1643 379 tnvpreces,
1677 303 1712 360 ct
1733 290 1881 360 daturus
1902 289 1967 370 sit,
2000 313 2091 382 quae

48 398 119 465 sed
143 408 282 467 tanturn
308 407 393 465 sunt
415 408 578 464 externae
602 393 866 464 observationes
888 417 1076 484 opernm,

47 493 151 568 nihil
168 511 252 568 sunt
267 497 337 565 nist
327 496 533 569 'idolatria

163 630 283 719 Quare
306 626 345 699 hi
371 630 488 699 cultus
512 629 648 701 faciunt
665 611 857 700 discrimen
873 631 967 701 inter
981 654 1051 712 eos.

50 736 227 830 quivere
251 745 335 802 sunt
351 726 528 816 Ecclesia,
554 755 616 801 seu
638 734 791 824 populus
805 733 876 804 Dei
898 745 933 803 et
951 733 1051 807 alios.

51 836 152 906 Nam
184 834 347 905 exercitia
378 848 413 905 et
443 834 708 905 observationes
732 859 879 925 operum
904 847 1052 927 possunt

53 951 239 1031 praestare
263 937 368 1007 etia-m
392 936 509 1024 palam
533 935 648 1027 impii.
706 935 775 1009 Sed
797 933 894 1007 hunc
916 937 1051 1008 cultum

53 1054 240 1132 praestant
265 1052 404 1109 tantum
426 1037 496 1129 pii,
521 1037 687 1110 videlicet
702 1039 747 1125 ii,
780 1040 842 1133 qui
859 1039 955 1109 iuxta
973 1063 1051 1109 ver-

55 1145 147 1213 bum
164 1141 325 1211 indicant
341 1141 384 1209 de
399 1139 581 1209 voluntate
590 1138 670 1226 Der
696 1166 777 1211 vere
789 1143 915 1211 timent
923 1139 1053 1224 Deum

56 1245 192 1314 deinde
216 1243 402 1313 confidunt
424 1242 668 1311 misericordia
684 1246 888 1334 promissa,
904 1246 1054 1314 credunt

56 1346 159 1417 sibi
148 1369 283 1434 ignosce
272 1344 424 1428 aDeo,
450 1356 486 1413 et
501 1367 539 1412 se
554 1345 665 1436 recipe
654 1345 964 1439 propterFilium
973 1343 1053 1418 Dei.
1131 1408 1140 1424 ,

56 1446 138 1519 Hae
159 1446 287 1515 fiducia
309 1448 481 1516 invocant
501 1446 539 1516 in
564 1447 749 1538 periculis,
776 1462 810 1519 et
824 1472 898 1518 sese
912 1462 1051 1518 susten-

57 1564 139 1623 tant
173 1572 235 1639 spe
263 1573 302 1619 ac
331 1547 572 1640 expectatione
602 1549 727 1619 auxilii
756 1564 790 1621 et
819 1550 1053 1624 liberationis.

60 1652 187 1745 ltaque
211 1647 250 1721 hi
272 1651 389 1721 cultus
405 1647 487 1720 sunt
503 1651 768 1736 testimonium,
793 1655 888 1746 quod
905 1654 977 1732 siet
989 1677 1053 1744 po-

59 1749 255 1849 pulusDei.
307 1751 396 1822 Nam
412 1753 481 1844 ipsi
497 1748 554 1824 his
571 1753 725 1824 cultibus
740 1769 930 1840 testantur,
956 1756 1051 1847 qnod

58 1857 218 1926 sentiant
239 1877 276 1923 se
296 1878 377 1924 vere
391 1849 523 1925 habere
539 1852 676 1938 Deum,
704 1879 740 1926 se
756 1882 858 1927 curae
876 1881 949 1927 esse
965 1857 1055 1943 Deo,

60 1955 226 2029 exaudiri
246 1969 313 2027 etc.

167 2092 275 2164 Tales
290 2094 406 2163 cultus
420 2092 571 2185 requirit
579 2088 675 2164 Deus
690 2095 735 2165 ab
750 2095 936 2176 omnibus,
960 2096 1055 2166 vult·

60 2221 133 2293 qne
151 2196 323 2289 praestari
338 2195 377 2264 in
391 2195 560 2266 omnibus
576 2195 765 2286 generibus
779 2197 884 2283 vitae,
911 2197 949 2266 in
965 2223 1055 2268 una·

60 2322 206 2395 quaque
229 2297 540 2369 administratione
565 2321 626 2368 seu
649 2299 851 2384 vocatione,
884 2301 975 2370 sicut
997 2294 1137 2369 hic·

61 2403 113 2474 ait
135 2400 318 2471 Psalmus:
351 2397 491 2470 Domus
513 2394 635 2470 Aaron
661 2399 837 2472 confidit'
827 2426 865 2470 m
888 2399 1057 2488 Domino,

61 2518 99 2576 et
112 2524 256 2585 omnes
282 2526 344 2593 qut
334 2501 713 2588 timentDomrnum
739 2504 924 2574 confidunt
935 2504 1057 2575 rnDo

61 2605 176 2675 mino.
228 2598 362 2673 Omnis
383 2604 456 2673 vita
481 2604 621 2693 piorum
646 2557 749 2695 pleita
769 2618 818 2675 est
838 2607 1003 2695 periculis
1023 2620 1059 2678 et

63 2705 336 2777 difficultatibus
351 2705 469 2775 omnis
484 2706 633 2796 generis.
686 2703 806 2795 Quare
822 2707 860 2775 in
877 2709 977 2778 omni
992 2733 1057 2799 gu-

62 2805 294 2891 bernatione,
318 2807 550 2877 ecclesiastica
574 2821 608 2878 et
626 2809 789 2898 politica,
814 2809 852 2877 in
869 2811 940 2881 vita
955 2836 1058 2880 oeco-

62 2910 208 2982 nomica
230 2908 511 3000 uniuscuiusque
533 2933 622 3001 opus
638 2923 688 2980 est
704 2910 791 2997 fide,
817 2911 854 2980 id
873 2928 941 2994 est,
966 2914 1058 2983 fidu-

62 3015 139 3097 cia,
167 3011 308 3106 quaein
324 3010 492 3102 periculis
506 3013 648 3082 invocat
663 3025 699 3083 et
712 3026 870 3105 expectat
884 3015 1056 3084 auxilium

26 3164 35 3172 -
63 3128 101 3186 et
117 3113 368 3184 liberationem
385 3136 404 3182 a
421 3111 509 3187 Deo.
561 3112 634 3183 Nee
650 3115 726 3183 sine
743 3110 808 3209 hac
825 3115 905 3186 Deo
921 3119 1059 3208 placere

63 3232 129 3287 aut
152 3215 236 3285 felix
253 3237 327 3283 esse
341 3228 457 3305 potest
474 3215 588 3285 ullum
607 3240 717 3308 opus,
743 3231 804 3287 aut
818 3218 933 3288 ullum
948 3243 1059 3309 genus

63 3320 173 3390 vitae.
225 3314 346 3405 Quare
363 3312 449 3387 haec
465 3319 550 3386 fides
568 3332 663 3407 regat
677 3331 711 3388 et
727 3321 901 3410 gubernet
916 3346 1057 3391 omnem

63 3421 203 3503 vitam,
235 3441 360 3489 omnes
387 3419 543 3490 actiones
573 3421 729 3512 piorum.
789 3420 884 3492 Τιιιιι
915 3425 1059 3492 demum

65 3535 175 3610 erunt
198 3520 315 3592 cultus
330 3519 408 3592 Deo
425 3522 534 3612 grati,
560 3536 614 3603 et,
640 3524 730 3594 sicut
746 3523 784 3592 in
802 3524 975 3617 scriptura
994 3551 1059 3593 vo-

64 3638 213 3707 cantur,
251 3623 439 3708 sacrificia,
481 3624 515 3692 id
551 3637 622 3706 est,
658 3625 741 3696 talia
771 3651 894 3717 opera,
930 3629 1059 3721 quibus
1132 3651 1140 3668 ·

63 3727 166 3799 Deus
189 3725 322 3795 iudicat
344 3747 381 3793 se
402 3749 484 3794 vere
508 3727 578 3796 coli
595 3742 628 3797 et
644 3723 780 3800 honore
795 3727 907 3809 affici,
935 3754 1060 3823 quem-

28 3860 31 3864 ·
64 3829 263 3899 admodum
287 3825 429 3897 Psalmo
452 3843 578 3920 quarto
602 3829 750 3900 dicitur:
783 3829 983 3903 sacrificate
1005 3856 1060 3900 sa—

63 3929 200 4002 crificia
217 3928 394 4009 iusticias,
421 3943 454 3999 et
471 3944 607 4020 sperate
623 3931 661 3999 in
678 3928 845 4012 Domino.

172 4060 360 4135 Caeterum
400 4058 469 4134 hoc
506 4065 612 4135 etiarn
641 4066 928 4152 meminerimus,
970 4067 1061 4138 sicut

64 4168 159 4237 alias
187 4189 288 4256 saepe
319 4166 453 4236 dictum
482 4179 558 4252 est,
596 4170 717 4238 omnia
747 4170 858 4255 dicta,
900 4192 991 4263 qnae
1022 4170 1059 4239 in

65 4290 200 4361 genere
227 4270 358 4337 docent
382 4268 426 4336 de
449 4270 596 4356 fiducia,
630 4295 711 4362 spe,
744 4271 968 4341 invocatione
986 4285 1061 4356 eto,

64 4370 254 4443 referenda
301 4393 375 4439 esse
420 4372 465 4440 ad
513 4325 744 4463 priricipalem
789 4373 1060 4464 promissionem

62 4469 259 4560 Evangelii
296 4473 341 4541 de
375 4468 537 4554 Christo,
581 4475 746 4545 videlicet
790 4477 886 4569 quod
925 4475 1061 4545 intelli-

65 4575 185 4666 genda
208 4573 255 4643 sit
276 4572 381 4660 fides,
408 4598 498 4668 quae
516 4577 671 4665 primum
687 4573 920 4666 apprehendit
935 4579 1061 4646 reneis-

64 4678 208 4748 sionem
231 4689 478 4767 peccatorum,
505 4693 539 4746 et
561 4679 680 4749 statuit
703 4679 803 4749 sibi
792 4680 945 4768 ignosci,
970 4693 1004 4749 et
1025 4703 1061 4749 se

63 4778 181 4867 recipi
221 4802 240 4845 a
273 4775 348 4846 Deo
379 4803 443 4869 per
472 4781 748 4851 misericordiam
778 4782 887 4871 gratis
919 4796 1063 4900 propter

65 4875 269 4953 Christum.
324 4877 365 4949 ln
384 4877 475 4951 hanc
491 4883 761 4972 promissionem
776 4906 913 4973 semper
928 4884 1059 4954 intueri

65 4984 177 5054 debet
199 4981 359 5065 animus,
384 4985 477 5053 etin
501 4986 669 5056 omnibus
691 4985 912 5075 periculis,
902 5010 939 5054 ιιι
962 4986 1063 5055 omni

66 5084 298 5156 invocatione
312 5078 405 5155 hanc
418 5086 522 5155 fidem
542 5090 747 5177 praecedere
763 5100 920 5178 oportet,
947 5102 980 5157 et
996 5111 1061 5176 gu·

66 5189 224 5259 bernare
250 5209 372 5256 omnes
398 5188 564 5262 actiones.
617 5187 689 5258 Nec
711 5202 825 5280 potest
839 5190 915 5259 sine
931 5213 968 5259 ea
986 5189 1062 5259 fieri

68 5312 156 5362 vera
180 5289 372 5364 invocatio.
422 5287 544 5384 Neque
565 5291 659 5360 enim
682 5304 833 5364 statuere
851 5293 1062 5385 potesquod

1074 379 1209 479 lpetis,
1242 387 1313 456 nisi
1338 388 1493 480 primum
1519 386 1584 461 hac
1609 392 1677 461 fide
1702 404 1850 476 statuas,
1876 391 1973 510 qupd
1994 389 2092 462 Deus

1100 490 1187 561 velit
1209 489 1308 560 tibi
1298 513 1478 579 agnoscere
1486 543 1498 575 ,
1527 506 1561 563 et
1577 505 1611 562 te
1628 494 1795 563 exaudire
1812 516 1876 583 per
1889 493 2091 563 misericor·

1101 592 1197 661 diam
1215 587 1581 681 propterChristum'
1570 610 1666 665 ruxta
1682 596 1943 686 promissiones.
1996 591 2097 670 Hac-.

1102 707 1204 764 tenus
1234 694 1368 763 dictum
1396 708 1462 782 est,
1496 696 1577 788 quis
1608 698 1654 768 sit
1685 721 1789 768 verus
1818 699 1951 783 cultus,
1987 720 2091 789 quem

1102 794 1254 889 requirit
1269 793 1441 865 Psalmus.

1207 895 1330 969 Tertio
1361 900 1506 969 additur
1531 902 1575 971 de
1601 902 1746 986 effectu,
1780 925 1841 971 sen
1863 903 1999 987 fructu,
2033 902 2095 994 qui

1103 998 1274 1094 sequitur,
1300 1025 1379 1071 cum
1397 1000 1534 1094 inquit:
1560 998 1718 1075 Adiutor
1730 1028 1853 1073 eorum
1869 1018 1903 1074 et
1918 1016 2096 1097 protector

1103 1125 1227 1171 eorum
1244 1115 1305 1175 est
1357 1100 1427 1172 llic
1442 1105 1617 1191 ostendit
1644 1107 1807 1176 cultus
1774 1130 1915 1197 prorum
1931 1130 2004 1176 non
2023 1127 2096 1175 esse

1104 1205 1343 1287 frustraneos,
1368 1228 1442 1274 non
1466 1231 1539 1276 esse
1560 1209 1697 1278 irritam
1715 1209 1880 1277 fiduciam
1899 1221 1934 1278 et
1950 1209 2096 1277 invoca-

1105 1306 1256 1376 tionem:
1289 1306 1349 1375 sed
1373 1309 1550 1390 exaudiri,
1583 1311 1720 1395 iuvari,
1751 1309 1915 1393 delendi,
1950 1308 2096 1379 liberari

1104 1430 1290 1500 pros,qu1
1281 1403 1477 1481 babentes
1492 1414 1641 1482 verbum
1657 1426 1692 1482 et
1705 1413 1979 1503 promissiones,
2005 1413 2097 1481 sicut

1105 1510 1259 1600 populus
1274 1508 1383 1579 lsra'e'l
1407 1507 1574 1594 babebat,
1603 1514 1699 1583 iuxta
1722 1514 1801 1583 illas
1824 1514 1975 1584 credunt
1990 1513 2097 1586 etin·⁴

1106 1626 1233 1682 vocant
1250 1608 1385 1693 Deum,
1413 1614 1503 1686 sicut
1523 1629 1696 1687 testantur
1719 1611 1888 1687 historiae
1910 1616 2009 1685 illins
2032 1640 2096 1706 po·

1106 1712 1199 1804 puli,
1226 1727 1259 1782 et
1279 1715 1438 1805 exempla
1461 1719 1623 1788 omnium
1651 1733 1823 1800 aetatum,
1849 1716 1965 1788 Deum
1989 1717 2098 1787 mira-

1106 1815 1227 1885 biliter
1249 1816 1425 1887 adiuvisse
1449 1833 1482 1890 et
1506 1821 1705 1890 defendisse
1726 1820 1823 1913 pios,
1853 1844 2007 1890 servasse
2028 1814 2098 1888 Ec-

1106 1917 1247 1987 clesiam
1264 1919 1432 1989 omnibus
1447 1924 1680 2013 temporibus,
1706 1920 2100 2013 sicutpopulumlsraiil

1107 2019 1312 2108 ingentibus
1335 2021 1516 2093 miraculis
1533 2025 1718 2116 liberavit,
1746 2026 1967 2094 conservavit
1983 2047 2098 2094 sacer-

1107 2122 1245 2193 dotium
1270 2135 1303 2191 et
1324 2145 1472 2213 regnum
1490 2149 1560 2196 ase
1575 2128 1800 2214 institutum,
1827 2127 1925 2195 dedit
1942 2126 2098 2216 insignes

1108 2224 1275 2293 victorias
1291 2236 1354 2298 etc.
1408 2225 1504 2297 llaec
1526 2254 1632 2320 opera
1654 2243 1830 2300 testantur
1846 2230 1988 2319 piorum
2005 2228 2098 2297 fidn-

1108 2327 1198 2394 ciam
1222 2338 1255 2395 et
1278 2350 1396 2417 preces
1421 2353 1494 2400 non
1520 2355 1592 2401 esse
1618 2330 2099 2415 irritas‚ets1cutrud1cant

1107 2453 1143 2497 se
1167 2437 1249 2496 v'ere
1273 2424 1404 2499 habere
1420 2429 1556 2514 Deum.
1582 2459 1687 2528 quem
1701 2435 1870 2503 invocant
1886 2433 1974 2517 fide,
2002 2445 2037 2500 et
2052 2432 2098 2501 ab

1107 2555 1148 2599 eo
1169 2541 1364 2640 expectant
1393 2535 1507 2619 bona,
1542 2536 1591 2606 ita
1624 2523 1778 2606 vicissim
1811 2532 1907 2604 Deus
1938 2547 2098 2617 testatur,

1107 2635 1201 2724 quod
1235 2628 1308 2701 sint
1333 2636 1505 2723 populus,
1538 2639 1633 2731 quod
1659 2639 1853 2728 placeant'
1842 2660 2001 2728 rpsornm
2023 2634 2100 2706 cul-

1107 2749 1183 2819 tus,
1210 2734 1292 2826 quia
1309 2739 1452 2808 exaudit
1469 2762 1548 2823 eos,
1573 2739 1737 2824 adiuvat,
1763 2739 1922 2808 defendit
1939 2752 2018 2825 eto,
2040 2738 2101 2808 dat

1108 2838 1201 2907 bona
1218 2836 1416 2926 spiritualia
1435 2855 1468 2909 et
1486 2841 1694 2931 corporalia.

1208 2935 1366 3010 Econtra
1387 2943 1449 3035 qui
1473 2956 1593 3013 carent
1614 2940 1680 3013 hac
1695 2945 1785 3029 fide,
1813 2944 1950 3014 etiamsi
1965 2939 2099 3013 habent

1107 3039 1364 3132 professionem
1381 3044 1576 3133 religionis,
1602 3059 1636 3115 et
1649 3046 1787 3140 aliquos
1802 3046 1918 3115 cultus
1934 3068 2098 3136 operum:

1108 3154 1225 3210 tamen
1255 3167 1329 3212 non
1356 3169 1438 3215 vere
1461 3142 1735 3238 apprehendunt
1750 3145 1894 3232 Deum,
1928 3171 2003 3216 non
2027 3160 2100 3218 sta·
2176 3236 2179 3243 .

1107 3256 1213 3314 tuunt
1235 3267 1271 3313 se
1295 3248 1466 3318 exaudiri.
1534 3248 1656 3337 Quare
1678 3252 1717 3318 in
1740 3249 1908 3340 gravibus
1931 3248 2100 3341 periculis

1108 3345 1362 3436 opprimuntur
1381 3351 1624 3431 dubitatione,
1659 3367 1693 3425 et
1713 3352 1871 3423 destituti
1893 3351 2101 3434 consiliose

1107 3448 1292 3538 praesidiis
1309 3470 1418 3523 ruunt
1433 3453 1471 3521 in
1485 3444 1778 3543 desperationem,
1800 3466 1838 3523 ut
1848 3454 1944 3538 Saul,
1962 3451 2101 3524 etiamsi
2121 3453 2124 3457 ’

1108 3551 1297 3636 sacrificat,
1332 3568 1366 3625 et
1389 3567 1542 3646 praestat
1564 3558 1734 3649 quasdam
1760 3556 2025 3626 observationes
2048 3555 2100 3626 le·

1107 3673 1175 3741 gis:
1201 3666 1339 3741 tamen,
1365 3657 1448 3749 quia
1464 3669 1515 3726 est
1531 3657 1606 3727 sine
1622 3659 1691 3729 fide
1698 3709 1712 3744 ,
1736 3682 1812 3728 non
1830 3671 1982 3750 praestat
1998 3679 2100 3728 veros

1109 3755 1246 3846 cultus,
1272 3757 1311 3825 in
1333 3759 1501 3849 periculis
1524 3783 1600 3829 non
1623 3774 1738 3854 potest
1753 3774 1907 3832 statuere
1922 3784 1958 3829 se
1972 3758 2100 3850 respici

1109 3871 1143 3926 et
1165 3859 1325 3927 exaudiri
1350 3884 1370 3930 a
1394 3858 1491 3947 Deo,
1517 3885 1582 3931 nec
1602 3876 1760 3955 expectat
1782 3864 1828 3933 ab
1851 3888 1892 3932 eo
1919 3860 2101 3931 liberatio-

1109 3980 1211 4044 nem,
1248 3963 1310 4030 sed
1340 3963 1452 4035 victus
1484 3965 1726 4052 dubitatione,
1759 3965 1899 4058 quaerit
1927 3964 1996 4032 alia
2026 3985 2100 4032 non

1109 4084 1270 4131 concessa
1301 4066 1450 4151 auxilia,
1493 4090 1584 4159 quae
1616 4062 1698 4138 cum
1726 4068 1943 4136 frustrantur
1972 4064 2101 4155 ipsum,

1110 4164 1253 4234 tandem
1271 4166 1344 4236 ruit
1361 4167 1398 4234 in
1417 4170 1710 4266 desperationem.
1760 4164 1877 4237 David
1895 4167 1976 4260 quia
1992 4159 2101 4235 habet

1094 4266 1234 4351 fidem,
1260 4268 1325 4337 etsi
1341 4269 1566 4346 conflictatur
1580 4271 1784 4359 ingentibus
1799 4268 1978 4339 aerumnis
1990 4282 2025 4338 et
2039 4291 2100 4360 pe-

1110 4368 1247 4438 riculis:
1282 4382 1401 4440 tamen
1430 4373 1570 4443 fortiter
1594 4373 1723 4460 perfert
1747 4371 1921 4462 pericula,
1955 4396 1995 4440 ac
2020 4385 2101 4439 tan

1109 4471 1189 4537 dem
1205 4473 1361 4561 emergit,
1386 4487 1420 4543 et
1436 4474 1545 4543 vincit
1562 4475 1638 4565 fide,
1668 4499 1736 4567 qua
1754 4475 1876 4543 steterit
1890 4496 1926 4542 se
1940 4472 2100 4543 exaudiri

1109 4597 1128 4639 a
1147 4568 1257 4642 Deo
1247 4590 1341 4646 iuxta
1361 4576 1634 4666 promissiones,
1663 4591 1695 4646 et
1710 4599 1839 4666 magna
1853 4576 1982 4645 fiducia
1997 4597 2101 4666 expe-

1111 4686 1181 4744 ctat
1197 4675 1464 4746 liberationem..
1508 4675 1605 4748 llaec
1620 4681 1703 4749 satis
1719 4680 1764 4749 sit
1779 4678 1959 4748 monuisse
1975 4678 2018 4747 de
2033 4672 2103 4746 hoc

1110 4775 1189 4845 loco
1206 4775 1350 4847 Psalmi.

1161 4943 1354 5018 Dominus
1368 4973 1505 5018 memor
1522 4958 1573 5019 est
1587 4947 1707 5021 nostri
1714 4995 1729 5035 ,a
1748 4959 1810 5027 etc.

1214 5084 1310 5155 Haec
1339 5082 1527 5156 cohaerere
1559 5112 1639 5156 cum
1665 5088 1912 5179 superioribus
1932 5100 2108 5157 testantur

1112 5187 1362 5279 repetitiones,
1397 5190 1527 5258 domui.
1546 5186 1675 5269 lsrael,
1703 5191 1826 5259 domni
1852 5184 1985 5258 Aaron.
2040 5182 2105 5257 fic.

1085 5336 1088 5372 a
1112 5291 1201 5363 sicut
1221 5292 1355 5381 coepit,
1384 5293 1497 5384 pergit
1515 5315 1792 5364 commemorare
1807 5289 1994 5363 beneficia..
