4538 5754
10 1010 16 1028 ‘
120 1001 236 1058 autem
263 986 302 1055 in
325 987 511 1078 capite12.
536 999 674 1070 narrat,
698 986 813 1078 qualis
838 987 956 1056 lutura
980 986 1025 1056 sit
1045 986 1106 1055 illa

659 180 665 191 ⁹
711 240 838 315 emo
865 237 983 318 nnn.
1009 239 1220 316 sentens
1247 237 1549 315 exesurus.

484 410 621 522 capul
646 413 744 501 ΧΗ.
1157 436 1222 500 ne,
1256 415 1300 483 de
1322 414 1516 485 donatione
1538 413 1699 485 iusticias
1719 428 1753 485 et
1776 414 1869 486 vitae
1889 430 2070 500 aeternae,
2102 426 2107 476 ί

662 579 706 649 ⁶2
1260 513 2045 607 Ε

121 683 260 764 dalcae,
287 697 321 754 et
342 694 466 801 tamen
483 681 573 751 dixit
595 705 631 800 se
649 695 870 753 servaturum
886 704 1107 801 esse-paupe·
1157 717 1410 811 acquiescimus
1433 719 1470 786 in
1486 716 1564 787 Deo
1588 733 1733 812 propte„
1746 718 2003 812 Medfggofem‚
2030 735 2063 792 eg

120 809 195 856 ‘⁶¹¹¹
218 807 376 903 dfesse‘pa
404 808 466 902 (ξω
488 784 645 900 ⁶⁰⁵l9d¹l
661 785 809 853 verbum
825 781 993 869 D⁰¹¹¹¹⁰¹2
1018 796 1107 853 *ω
1157 805 1357 904 vilicamur,
1383 833 1535 912 suntque
1548 821 1815 911 coniungendae
1830 822 2064 914 superioresp

120 899 155 957 et
175 880 300 956 Esmat
331 898 469 978 mqults
499 881 686 977 R²¹¹q⁰¹³⁸
717 885 832 954 ⁸³¹V³⁸
858 885 946 954 sm·
1004 883 1107 955 Nunc
1156 920 1329 991 dictiones
1352 921 1395 989 de
1418 944 1566 1010 persona
1583 919 1750 1008 Messias,
1776 935 1809 993 et
1832 919 1918 995 haec
1930 926 1976 994 de
1994 948 2037 1017 pe
2061 960 2097 984 ,ν

119 1087 288 1169 Ecclesia,
314 1089 429 1158 deleta
444 1086 569 1179 politia
581 1085 735 1171 Iudaica,
761 1101 795 1159 et
806 1087 993 1166 vocabulo,
1018 1084 1105 1156 Hie.
1156 1035 1191 1091 εἰ
1206 1022 1386 1092 ⁰ff⁰⁰l¹b¹¹⁸
1399 1021 1553 1114 slm'lu‘
1568 1039 1694 1094 mm·

119 1191 338 1283 rosolymae,
369 1185 428 1259 hic
448 1188 617 1280 reliquias
638 1188 822 1278 intelligit,
854 1202 893 1259 ut
916 1189 1107 1278 Apostolos

121 1306 157 1362 et
179 1314 303 1361 eorum
323 1306 452 1362 coetus.
502 1289 570 1359 His
584 1291 754 1379 praedicit
768 1291 1046 1385 persecutiones,

63 1436 68 1450 ι
121 1393 323 1462 mirandam
364 1391 679 1462 conservationem.
755 1384 922 1476 Ponam,
973 1390 1074 1482 inqui

121 1489 378 1576 Hierusalem,
410 1494 448 1563 id
473 1507 542 1577 est,
574 1516 693 1562 veram
714 1491 928 1578 Ecclesiam,
959 1488 1106 1561 calicem

124 1593 290 1665 tremoris
308 1592 444 1664 cunctis
458 1588 625 1691 populis,
651 1601 682 1662 et
699 1588 919 1688 colligentur
931 1587 1107 1664 adsersus
1831 1664 1840 1682 ‚
1906 1664 1916 1681 ,

124 1720 203 1767 ,am
219 1694 344 1766 omnia
362 1718 476 1790 regna
494 1704 611 1764 germ,
626 1704 699 1781 mo,
719 1696 755 1765 id
777 1708 840 1780 esp,
865 1695 1012 1788 imperia
1029 1719 1107 1786 per·
1156 1662 1200 1729 ad
1225 1655 1322 1729 bunc
1343 1661 1448 1729 linem
1470 1662 1652 1731 reserenda
1669 1676 1719 1732 est
1736 1664 1959 1745 obedientes,
1983 1677 2025 1733 ut
2038 1677 2068 1732 te

123 1812 316 1892 sequentur
336 1798 547 1881 Ecclesiam,
582 1810 617 1866 et
638 1799 862 1867 conabuntur
880 1820 957 1866 eam
980 1798 1107 1881 delere,
1157 1785 1238 1880 ΨΜ
1269 1784 1349 1831 '⁰¹‘
1374 1758 1475 1881 ‚hunc
1494 1786 1580 1853 ²⁸⁸⁰
1609 1761 1745 1882 Deum)
1762 1789 1884 1883 ‚quem
1915 1788 2096 1836 ’ΝΟΜ

124 1904 184 1970 sed
199 1897 355 1970 Ecclesia
378 1900 444 1969 erit
467 1899 517 1968 eis
539 1898 637 1968 velut
661 1899 750 1967 calix
774 1898 958 1977 tremoris,
982 1899 1019 1966 id
1044 1912 1124 1981 est,
1157 1875 1253 1933 ”¹¹¹⁸
1270 1864 1490 1949 ‘mmmm’
1516 1889 1621 1957 ΨΜ
1639 1867 1799 1936 lfadldtl·

125 2016 269 2071 eventus
292 2003 462 2086 ellicient,
490 2014 531 2070 ut
547 2021 643 2088 reges
659 2014 693 2069 et
711 2000 832 2091 populi
848 2000 946 2067 velut
961 1999 1051 2068 ebrii
1068 2023 1107 2068 ac
1260 1998 1383 2070 Postea
1411 2001 1449 2070 in
1479 2015 1575 2072 textu
1608 2025 1729 2073 rursus
1759 2001 1892 2072 dicitur
1918 2002 1963 2070 de
1993 2025 2036 2093 pe

124 2118 280 2173 amentes
294 2117 400 2173 ruant
415 2117 449 2172 et
465 2114 619 2191 pereant,
645 2102 726 2193 quia
742 2103 871 2170 frustra
890 2103 1108 2189 pugnabunt,
1159 2100 1325 2173 Messias:
1353 2096 1539 2199 Aspicieot
1562 2096 1617 2172 od
1636 2125 1691 2172 mc
1715 2126 1819 2200 quem
1838 2097 2080 2197 confixerunt,

125 2220 158 2275 et
180 2206 312 2275 interea
336 2218 493 2273 evertent
514 2225 577 2272 sua
600 2202 766 2294 imperia,
791 2203 880 2271 sicut
898 2203 1024 2271 accidit
1040 2203 1108 2269 im·
1155 2199 1335 2301 plangent
1365 2225 1445 2273 cum
1474 2201 1628 2298 planctu
1660 2200 1755 2274 velut
1786 2198 1829 2274 dc
1861 2203 2049 2299 unigenito
2082 2234 2099 2254 o

124 2307 193 2398 piis
216 2304 376 2390 ludaeis,
400 2304 641 2374 exercentibus
665 2302 843 2372 saevitiam
869 2316 991 2372 contra
1009 2298 1107 2393 Apo·
1159 2304 1227 2375 llic
1241 2306 1402 2399 loquitur
1415 2304 1530 2377 Filius
1543 2305 1608 2377 Dei
1624 2330 1765 2387 rursus,
1792 2321 1825 2376 et
1840 2306 1991 2375 affirmat
2007 2330 2043 2375 se
2064 2340 2091 2363 ¹-

126 2407 236 2479 stolos
259 2423 431 2478 eteorum
449 2406 647 2488 auditores,
672 2418 705 2473 et
723 2403 852 2473 deinde
865 2401 1108 2474 Diocletianus
1158 2421 1277 2478 turum
1291 2431 1375 2491 esse,
1401 2421 1441 2478 ut
1454 2404 1514 2502 ¹liat
1528 2408 1667 2477 victima
1683 2407 1873 2497 pronubis,
1897 2422 1938 2478 ut
1947 2404 2069 2478 Esaiae
2081 2411 2096 2465 ‘f

125 2523 160 2579 et
185 2510 264 2591 alii,
299 2510 384 2577 dum
412 2519 587 2576 conantur
610 2500 805 2575 Ecclesiam
828 2505 963 2590 delere,
997 2506 1107 2596 impe·
1158 2508 1304 2579 dicitur:
1331 2506 1471 2579 Servire
1495 2508 1728 2579 mefecistiin
1747 2508 1993 2600 peccatistuis
2055 2512 2064 2570 i
2101 2557 2103 2560 >

125 2610 219 2680 rium
246 2608 501 2690 dilacererunt,
535 2620 568 2676 et
593 2607 751 2698 oppressi
772 2619 855 2676 sunt
877 2606 944 2698 ipsi
966 2607 1107 2699 publica
1159 2609 1252 2681 dicta
1274 2622 1447 2679 testantur
1468 2608 1636 2679 Messium
1659 2633 1733 2679 esse
1754 2607 1869 2678 Deum
1890 2623 1925 2681 et
1947 2602 2087 2680 homin

125 2722 238 2780 ruina.
290 2709 342 2777 Ac
364 2708 457 2778 inter
478 2704 687 2778 hosmundi
709 2708 831 2782 ruinas
852 2721 971 2778 tamen
985 2706 1108 2777 Eccle-
1158 2711 1242 2803 quia
1265 2705 1324 2780 hic
1347 2711 1421 2802 ipse
1436 2708 1551 2791 Deus,
1579 2712 1640 2804 qui
1662 2711 1839 2804 loquitur,
1864 2711 1914 2783 ait
1930 2735 1967 2781 se
1982 2711 2058 2782 futu
2083 2745 2102 2768 u

126 2812 176 2881 sia
208 2824 342 2881 servata
367 2823 437 2892 est,
469 2811 559 2879 sicut
581 2804 640 2878 hic
663 2810 795 2903 inquit:
830 2804 1005 2879 Solvodr‘t
1025 2804 1109 2878 Do-
1158 2835 1232 2881 esse
1254 2814 1499 2882 redemtorem.
1549 2809 1597 2882 Et
1611 2810 1789 2895 Ecclesia,
1814 2836 1905 2905 quae
1922 2813 1993 2883 luit
2008 2835 2097 2906 spec

125 2911 249 2982 minus
274 2908 515 2981 tabernaculo
537 2905 659 2992 Iuda,
681 2911 775 2982 sicut
798 2907 923 2992 initio,
947 2916 1012 2981 sed
1034 2934 1107 2978 non
1158 2912 1245 2998 trix,
1269 2913 1337 2984 fuit
1356 2913 1395 3001 in
1412 2936 1540 3001 magno
1559 2913 1676 2997 luctu,
1702 2927 1742 2983 ut
1758 2910 1872 2983 Maria
1892 2927 1926 2984 et
1941 2913 2100 2984 sororei

1257 1150 1450 1246 Postquam
1472 1168 1589 1224 autem
1607 1158 1712 1225 corda
1730 1172 1927 1246 agnoscunt
1943 1157 2086 1228 miseric

1073 1303 1107 1358 e,
1156 1254 1251 1325 diam
1268 1256 1340 1325 Dei
1358 1280 1419 1347 per
1435 1252 1688 1344 Evangelium,
1714 1273 1748 1328 et
1765 1259 1992 1330 vivificantur
2006 1259 2065 1349 Spi
2082 1258 2091 1279 ⁹

1078 1405 1107 1475 p,
1156 1369 1296 1436 sancto,
1322 1359 1493 1427 accedunt
1508 1361 1550 1424 ad
1560 1355 1695 1438 Deum,
1722 1372 1756 1427 et
1771 1359 1941 1430 invocant
1954 1384 2035 1430 eum
2048 1361 2097 1428 tid

1156 1459 1208 1528 cia
1223 1455 1443 1529 Mediatoris.
1495 1458 1675 1528 lnvocatio
1691 1474 1807 1530 autem
1823 1473 1874 1530 est
1889 1483 2048 1531 summus
2085 1491 2096 1515 ν

1156 1573 1231 1639 tus,
1259 1572 1294 1629 et
1315 1561 1489 1653 reliquam
1507 1562 1743 1653 obedientiam
1765 1563 2032 1653 complectitur,
2063 1596 2096 1621 o:

9 3048 12 3052 ⁸
115 3004 792 3109 'ulglorr'clurdomusDaoidconlro
809 3008 965 3093 Iudam,
990 3013 1110 3096 idest,
1158 3028 1192 3085 et
1214 3014 1276 3083 alii
1292 3014 1423 3084 Sancti.
1475 3014 1623 3105 Semper
1644 3027 1760 3083 autem
1776 3011 1934 3085 Ecclesia
1950 3038 2041 3106 agno
2065 3049 2090 3074 υ

124 3143 200 3188 nou
216 3119 264 3187 ita
282 3131 322 3187 ut
337 3130 476 3187 maneat
491 3139 639 3205 regnum
657 3116 839 3204 politicum
855 3112 1020 3197 Davidis‚
1045 3115 1105 3182 sed
1158 3130 1315 3208 peccata,
1339 3128 1373 3184 et
1388 3115 1544 3206 cogitans
1558 3118 1646 3183 iram
1655 3111 1722 3184 Dei
1737 3129 1892 3201 tantem,
1918 3130 1960 3187 ut
1974 3119 2095 3208 place

124 3219 284 3313 quisquis
305 3219 372 3288 erit
395 3232 589 3309 superstes,
615 3218 682 3285 erit
699 3217 790 3287 sicut
804 3210 941 3295 David,
968 3214 1108 3284 etsicut
1158 3217 1265 3287 luerit
1286 3240 1349 3309 per
1364 3217 1603 3287 obedientiam
1621 3213 1728 3299 Filii,
1754 3231 1804 3286 est
1820 3218 1857 3285 in
1875 3217 1993 3299 luctu,
2016 3230 2048 3288 et

123 3318 356 3401 domusDei,
382 3316 858 3407 etsicutAngelusDomini.
908 3313 977 3385 Hic
990 3329 1107 3408 aperte
1159 3319 1247 3389 tinet
1268 3341 1405 3388 crucem
1431 3333 1549 3409 posteo
1573 3319 1609 3385 in
1638 3331 1710 3386 tota
1730 3317 1974 3399 confessione,
2000 3329 2032 3390 et

51 3447 54 3459 ·
124 3423 299 3504 ostendit,
328 3418 522 3488 Ecclesiam
549 3444 623 3488 non
643 3442 721 3487 esse
743 3441 892 3506 regnum
912 3416 1107 3509 politicum,
1159 3421 1236 3509 brat
1260 3420 1496 3490 obedientiam
1512 3419 1725 3488 Mediatoris
1749 3419 1832 3488 inde
1856 3421 2029 3512 usqueab
2051 3416 2102 3478 -ι’·

125 3536 188 3591 nec
210 3518 341 3591 habere
362 3519 534 3610 praesidia
556 3514 729 3604 humana,
753 3521 813 3588 sed
828 3519 1020 3589 subiectam
1035 3541 1108 3587 esse
1158 3521 1271 3612 prima
1292 3521 1549 3611 promissione,
1581 3533 1614 3589 et
1637 3544 1773 3612 semper
1795 3520 1999 3593 celebrabit.
2049 3516 2084 3590 ld
2107 3532 2114 3574 f

125 3624 241 3706 cruci,
266 3635 301 3692 et
323 3620 534 3693 mirabiliter
555 3621 706 3700 servari,
732 3634 767 3691 et
782 3621 915 3689 interea
930 3643 1003 3688 esse
1020 3632 1107 3691 tem-
1159 3623 1292 3715 inquit:
1337 3619 1513 3712 Plangent
1547 3621 1722 3706 familiae,
1770 3621 1865 3711 regia
1903 3635 1938 3692 et
1979 3620 2119 3693 secerdo-

83 3791 88 3799 ,
125 3724 245 3813 plum,
273 3722 311 3799 in
333 3748 403 3814 quo
420 3722 520 3792 Deus
543 3717 697 3806 habitat,
722 3735 757 3793 et
781 3744 845 3791 nos
863 3745 935 3791 esse
951 3721 1107 3811 Angelos
1158 3737 1234 3795 tum
1250 3737 1315 3794 etc.

124 3824 292 3905 Domini,
332 3825 467 3908 idest,
507 3822 657 3893 nuncios
685 3820 872 3914 Evangelii
903 3824 1107 3892 invocantes
1261 3856 1368 3947 Quod
1389 3857 1779 3928 ,memmpempuefflm
1799 3830 2119 4229 eggefnqffim]

2048 3954 2098 4028 tud

124 3923 257 4006 Deum’
284 3940 318 3997 ‘l
333 3926 365 3995 el
380 3925 595 3997 ⁰b²dl⁰⁰l‘³·
1158 3958 1201 4031 lis
1228 3960 1298 4030 luit
1321 3961 1359 4027 in
1387 3957 1555 4048 Megiddo
1580 3985 1620 4029 ac
1639 3958 1907 4043 Hedadrimon,
1939 3960 2045 4029 simili

225 4061 367 4131 Deinde
380 4060 500 4130 addita
515 4073 567 4131 est
579 4060 780 4129 dulcissima
794 4058 993 4150 promissio,
1012 4075 1108 4150 'quae
1158 4072 1273 4132 sumta
1300 4074 1349 4132 est
1373 4061 1427 4130 ab·
1443 4060 1589 4131 interitu
1612 4063 1764 4131 duorum
1786 4083 1929 4148 regum,
1962 4055 2087 4130 chosi

123 4164 368 4255 complectitur
395 4163 513 4232 omnia
541 4160 707 4230 beneficia
729 4159 930 4249 Evangelii:
963 4153 1107 4262 Effun-
1158 4176 1191 4234 et
1206 4159 1337 4247 losiae,
1361 4163 1424 4257 qui
1446 4163 1550 4231 ambo
1573 4186 1645 4230 non
1662 4163 1786 4252 procul
1803 4185 1822 4231 a
1840 4159 2011 4250 Megiddo
2027 4160 2073 4230 int
2102 4164 2105 4169 ’

124 4259 208 4337 dam
234 4287 343 4361 super
371 4258 518 4333 domum
540 4259 675 4332 David
695 4256 878 4356 Spiritum
904 4260 1054 4355 gratioe
1075 4269 1106 4331 et
1156 4264 1239 4335 lecti
1255 4276 1348 4335 sunt.
1399 4263 1565 4335 Interitus
1582 4258 1989 4335 ochosiaenarrarurs.
2007 4260 2085 4351 Reg.

70 4434 72 4438 .
120 4390 277 4463 precum.
319 4365 517 4455 Diligenter
538 4367 778 4435 observandae
800 4378 883 4434 sunt
898 4365 1106 4456 praecipuae
1157 4365 1326 4436 Interitus
1345 4362 1456 4434 losiae
1476 4378 1641 4434 narratur
1657 4362 1689 4434 4.
1714 4361 1802 4452 Reg.
1818 4364 1878 4432 25.
1912 4361 1967 4433 Ac
1989 4364 2062 4433 inu

122 4471 316 4539 sententiae
340 4469 379 4535 in
404 4463 609 4558 Prophetis,
643 4478 677 4533 et
700 4466 893 4555 prudenter
916 4479 1106 4535 contexen-
1157 4463 1225 4559 que
1245 4461 1392 4536 historia
1415 4477 1506 4535 extat
1530 4489 1660 4534 nomen
1684 4464 1808 4554 oppidi
1824 4463 2018 4554 Megiddo,
2040 4489 2061 4558 q

123 4572 199 4644 dae.
253 4568 369 4658 Supra
399 4571 443 4636 de
471 4569 625 4637 adventu
647 4565 799 4635 Messias
821 4567 920 4636 etde
943 4568 1106 4657 passione
1144 4569 1261 4656 situm
1277 4567 1345 4637 fuit
1362 4569 1400 4635 in
1416 4568 1535 4636 littore
1549 4566 1587 4634 in
1605 4567 1700 4635 tribu
1715 4564 2038 4657 Manasse,'nonp

123 4672 216 4755 eius,
243 4684 277 4740 et
300 4672 343 4738 de
367 4669 589 4739 restitutione
611 4668 770 4737 iusticiae
786 4680 821 4737 et
837 4666 929 4737 vitae
945 4681 1105 4738 aeternae
1155 4693 1175 4739 a
1191 4664 1357 4741 lesrahel.
1407 4666 1654 4736 Hadadrimon
1676 4690 1748 4755 npn
1764 4668 1888 4758 procul
1905 4667 1990 4737 inde
2004 4681 2069 4750 est,

122 4772 256 4841 dictum
288 4783 356 4840 est:
391 4770 434 4840 ln
463 4769 634 4857 sangnine
656 4767 873 4839 Testamenti
901 4768 953 4864 tui
980 4771 1105 4840 educes
1155 4770 1314 4842 scribunt
1329 4781 1449 4863 postea
1464 4767 2111 4862 nominataruesseMaximianopolim·

121 4874 258 4943 vinctos
283 4897 301 4942 e
322 4872 398 4941 lacu
417 4887 479 4944 etc.
533 4868 657 4940 Hicin
675 4871 786 4963 capite
804 4870 861 4939 12.
875 4870 1029 4939 traditur
1046 4894 1105 4939 ex·

121 4997 238 5067 pressa
273 4974 445 5044 sententia
482 4974 526 5041 de
566 4973 758 5041 donatione
791 4969 946 5062 Spiritus
982 4958 1105 5056 sancti,
1501 5002 1564 5091 ca
1593 5012 1638 5088 ut
1671 5004 1780 5089 Xffl

122 5094 225 5168 quem
245 5077 407 5147 nominat
426 5073 601 5164 Spiritum
622 5073 764 5164 gratiae.
824 5070 917 5160 Quia
942 5072 1104 5142 testifica·
1160 5072 1173 5082 ”
1565 5031 1591 5113 p
1780 5068 1790 5089 ’
1881 5073 1893 5086 ‘

121 5192 181 5248 tur
211 5178 250 5246 in
280 5174 481 5247 ministerio
511 5171 721 5269 Evangelii,
753 5187 787 5244 et
814 5173 852 5241 in
881 5173 1103 5264 singulorum
1255 5171 1505 5241 Commoratur
1525 5169 1564 5237 in
1580 5168 1816 5261 descriptione
1830 5192 1935 5240 verae
1951 5167 2119 5248 Ecclesiae

120 5279 303 5362 cordibus,
336 5279 380 5346 de
403 5276 534 5366 gratia,
568 5276 699 5358 idest,
725 5271 1103 5363 annunciatEvange-
1153 5285 1341 5356 etnarrat,
1365 5293 1455 5363 quae
1475 5271 1643 5338 beneficia
1663 5266 1810 5354 babeat,
1836 5270 2020 5357 videlicet,
2042 5272 2119 5341 dele·

119 5382 208 5452 lium
232 5381 276 5449 de
296 5377 501 5447 remissione
517 5391 758 5472 peccatorum,
784 5378 829 5446 de
844 5375 1103 5446 reconciliacto-
1152 5375 1285 5446 tionem
1303 5370 1453 5466 peccati,
1478 5372 1719 5464 incorruptam
1734 5370 1944 5459 doctrinam,
1971 5388 2005 5446 et
2022 5364 2119 5444 verad
