4538 5754
12 198 15 203 ’
63 230 167 311 sese
236 222 239 228 “
386 175 391 185 ’
665 229 729 303 u,
779 226 1145 316 conuunrsnu
1177 229 1228 304 us
1260 229 1505 311 essunos.
2007 255 2127 329 123,

72 402 232 477 raditae:
266 397 384 474 Beati
406 424 563 501 quorum
595 397 769 472 remissae
795 408 883 472 sunt
916 398 1054 500 iniqui·
1110 428 1155 474 ne
1170 404 1358 491 interficiat
1373 403 1539 492 Saulem,
1565 432 1610 479 ne
1625 434 1772 502 rognum
1790 430 1873 489 ante
1887 434 2025 514 tempus
2042 450 2102 498 ra-

73 514 169 581 atcs.
1109 507 1203 600 piat,
1231 520 1265 576 et
1290 506 1523 579 confirmatur
1548 507 1686 601 Spiritu
1709 530 1853 604 sancto,
1874 535 1914 594 ut
1937 526 2098 598 dolorem

165 621 260 696 Nota
275 639 327 696 est
343 636 462 706 autern
479 620 653 706 doctriua,
676 620 773 714 quod
791 619 899 692 etism
916 623 955 691 in
966 621 1057 693 Son.
1108 609 1278 700 patientia
1294 608 1425 682 vincat.
1460 607 1520 683 Sic
1537 612 1623 683 alibi
1639 617 1730 705 petit
1742 619 1787 690 de
1804 626 2096 702 sanctificatione:

58 720 176 801 ctis'in
187 721 333 796 hacvita
348 724 581 819 sitreliquum
597 736 789 816 peccatum,
804 721 1054 798 sicotltoma.
1107 708 1178 784 Cor
1198 712 1374 829 {nundum
1398 734 1478 829 crea
1503 713 1542 782 in
1564 738 1621 785 me
1641 713 1758 806 Deus,
1785 734 1850 797 etc.
1901 722 2097 804 EtPuulus

59 827 390 922 copiosescriptum
411 841 474 902 est.
526 825 569 897 ln
592 825 669 895 eius
690 825 873 918 doctrinae
895 825 1056 898 testimo.
1107 812 1238 906 inquit:
1280 812 1474 904 Acceprstis
1497 813 1673 906 Spiritum
1699 824 1902 914 adoptionis
1925 829 2096 916 liliorum,

59 931 133 1001 niis
155 930 284 1002 citatur
308 945 344 1001 ct
365 927 425 1000 hic
447 951 586 1000 versus:
612 926 764 1020 Propter
781 923 850 998 hoc
870 928 987 998 orabit
1008 929 1052 997 ad
1105 912 1279 1007 Spiritum
1296 937 1439 986 carnem
1456 917 1746 1004 mortificantem,
1774 940 1839 996 etc.
1930 967 1937 978 ·

58 1047 97 1106 ιε
119 1032 238 1118 omnis
251 1029 414 1107 Sanctus.
464 1029 638 1101 Nominat
653 1028 820 1116 Sanctus,
845 1042 880 1101 et
892 1029 981 1101 dicit
999 1042 1054 1099 ta·
1204 1029 1373 1104 Decimus
1382 1029 1624 1110 versus2Non
1640 1038 1826 1113 sitissicut
1841 1066 1953 1143 equus
1964 1058 1996 1119 el
2013 1076 2095 1124 mu.

59 1157 145 1206 rnen
177 1156 238 1204 eos
265 1147 383 1226 petere
413 1133 658 1204 remissionem
690 1144 932 1222 peccatorum,
962 1131 1055 1202 sicut
1106 1131 1184 1221 lus,
1205 1142 1266 1210 etc.
1316 1133 1390 1208 Iam
1407 1137 1576 1210 discernit
1592 1164 1668 1211 non
1689 1166 1917 1220 conversosa
1943 1175 2094 1226 conver.

60 1234 224 1331 quotidie
253 1235 423 1327 petimus:
457 1233 608 1306 Dimitte
635 1234 740 1304 nobis
767 1233 887 1306 debita
919 1247 1051 1304 nostra.
1105 1236 1173 1322 sis,
1196 1252 1230 1310 et
1248 1250 1387 1309 accusat
1402 1232 1617 1310 horrendam
1637 1246 1859 1319 securitatem
1876 1250 2093 1331 inomnibus

10 1412 18 1431 ,-
60 1335 182 1411 Simul
197 1349 315 1408 autem
331 1333 392 1408 hic
404 1359 528 1406 versus
546 1335 662 1407 dulcis
676 1335 872 1406 consolatio
888 1348 951 1422 est,
969 1335 1052 1428 quio
1104 1361 1179 1409 non
1193 1341 1393 1424 conversis,
1413 1340 1502 1413 sicut
1519 1343 1606 1413 alibi
1622 1342 1821 1436 Prophetae
1838 1351 1982 1426 dicuntr
1997 1353 2093 1430 Ero-

10 1524 19 1535 ·
58 1439 209 1511 ctiubet
225 1452 344 1529 petere
358 1437 603 1509 remissionem
619 1435 781 1518 Sanctus,
806 1451 840 1508 et
857 1461 937 1508 cum
954 1437 1053 1509 iubet
1104 1440 1245 1512 bescere
1264 1443 1480 1513 nesciebant.
1536 1443 1643 1516 Item:
1672 1446 1799 1520 Cervix
1820 1467 1934 1525 vestra
1964 1482 2092 1534 arcana

58 1553 199 1634 paese,
223 1539 492 1632 significatcam
509 1540 601 1610 dari.
651 1537 734 1610 Non
756 1538 866 1628 igitur
879 1541 1054 1610 deterreat
1104 1556 1173 1624 est,
1200 1558 1268 1618 etc.
1319 1541 1369 1615 Et
1382 1545 1473 1615 sicut
1487 1546 1527 1615 iu
1543 1571 1646 1619 cruce
1657 1552 1821 1640 pendens
1839 1554 1969 1648 impius
1988 1561 2092 1651 latro,
2130 1589 2134 1592 ’

10 1656 29 1735 Ι·
56 1641 486 1727 nosinlirmitasnostra,
512 1641 724 1735 quominus
746 1656 1053 1734 petamusrecon·
1103 1643 1197 1717 ridet
1213 1645 1251 1714 in
1265 1668 1328 1715 sua
1344 1645 1561 1734 calamitate,
1587 1663 1620 1720 et
1642 1651 1734 1723 ridet
1748 1650 1943 1730 Christum.
1977 1662 2092 1738 Addit
2129 1668 2132 1673 “

56 1744 298 1827 ciliationern,
324 1758 358 1818 et
371 1744 442 1816 fide
458 1755 653 1815 statuamus
667 1766 733 1813 nos
747 1743 858 1835 recipi
883 1756 919 1815 et
945 1767 1050 1814 exau·
1104 1747 1441 1817 autemdoctrinam
1466 1751 1510 1819 de
1532 1772 1652 1822 causa:
1682 1752 1804 1842 Quare
1819 1769 1938 1832 tantae
1951 1736 2091 1855 poenae

55 1845 144 1924 diri.
353 1864 359 1878 “
1103 1861 1276 1938 vagentur
1296 1873 1360 1941 per
1384 1863 1497 1922 totum
1527 1874 1638 1942 genus
1667 1851 1882 1947 humanum,
1916 1864 2092 1958 videlicet,

160 1958 216 2035 In
232 1970 388 2060 tempore
401 1969 590 2060 oportuno.
624 1961 762 2036 Usitata
776 1959 916 2057 pbra'sis
931 1978 994 2049 est,
1012 1963 1051 2031 in
1104 1946 1200 2039 Quia
1217 1948 1316 2020 Deus
1337 1946 1392 2021 ¹15⁵
1415 1953 1539 2042 poeuis
1555 1956 1730 2048 ostendit,
1756 1983 1793 2028 se
1808 1959 1912 2032 irasci
1935 1983 2090 2059 peccato,

50 2079 222 2161 tempore
233 2079 433 2160 oportuno,
458 2065 623 2135 videlicet
643 2066 766 2148 nobis,
792 2089 874 2136 cum
894 2065 1051 2159 nosipsi
1103 2063 1138 2122 el
1158 2052 1288 2145 punire
1314 2053 1461 2145 lmtfi⁰⁵s
1484 2058 1546 2125 sed
1570 2055 1677 2128 timul
1701 2064 2018 2158 c⁰mm⁰uesucere,
2051 2087 2091 2145 ut

49 2169 233 2242 sentimus
248 2168 390 2239 dolores
415 2179 450 2236 et
466 2166 640 2237 iudicium
652 2163 731 2237 Dei.
1102 2147 1266 2225 homiues
1282 2169 1534 2228 convertantur
1547 2157 1591 2228 ud
1609 2159 1738 2252 ipsum.

165 2277 263 2361 Cum
291 2283 359 2356 erit
385 2278 584 2355 inundatio
611 2308 797 2383 aquarum
830 2280 1052 2371 multarum,
1205 2272 1278 2344 Hic
1309 2274 1472 2346 doctrina
1498 2275 1635 2366 integra
1655 2280 1912 2361 considerando
1944 2303 2017 2376 est,
2045 2292 2090 2362 de

49 2411 135 2463 non
149 2383 303 2460 obruent
323 2409 403 2458 eum
417 2407 548 2486 opnor.
579 2383 633 2458 De
652 2387 778 2459 effecto
797 2382 905 2458 boios
920 2384 1002 2458 fidoi
1017 2402 1051 2459 os
1103 2388 1254 2448 venturo
1271 2375 1421 2462 iudicio,
1444 2379 1489 2447 de
1506 2378 1626 2450 causis
1635 2380 1873 2457 calamitatum
1897 2389 1935 2456 in
1951 2384 2018 2463 hac
2035 2395 2091 2462 vi·
2109 2392 2113 2396 ’

19 2489 276 2586 -precationis
291 2489 363 2560 iam
379 2488 630 2573 concionatur,
653 2501 694 2559 ut
703 2488 819 2560 David
835 2503 971 2561 erectos
984 2483 1052 2559 hac
1103 2492 1158 2562 la,
1181 2480 1226 2548 de
1243 2478 1452 2549 diterifflisse
1478 2480 1660 2551 doctrinae
1682 2477 1953 2578 phll⁰sophicae
1977 2507 2014 2566 et
2034 2497 2089 2566 di-

48 2591 302 2666 consolatione
318 2615 392 2661 non
405 2590 574 2661 obruitur
587 2589 708 2683 aquis,
728 2590 764 2660 id
781 2604 851 2676 est,
866 2615 940 2661 non
956 2615 1051 2661 mer·
1101 2577 1224 2662 vlunt,
1257 2582 1302 2649 de
1326 2582 1575 2654 communibus
1598 2582 1858 2661 calamitatibus
1880 2603 1914 2661 et
1935 2599 2091 2688 propriis

50 2695 155 2789 gitur
170 2693 211 2763 in
222 2691 523 2785 desperationem,
549 2705 583 2762 et
597 2705 778 2762 aeternam
794 2706 965 2777 mortem,
981 2692 1050 2762 sic·
1101 2679 1288 2753 Ecclesiae.
1340 2678 1429 2752 Item
1451 2683 1495 2753 de
1517 2685 1746 2774 differentiis,
1770 2691 1866 2783 quod
1887 2693 1977 2767 aliae
1997 2699 2093 2769 ailli-

48 2809 96 2870 ῃ(
119 2793 227 2881 sao15
258 2817 299 2866 ac
318 2814 464 2887 prorsus
483 2792 579 2870 idom
599 2793 745 2865 dieitur:
779 2792 962 2866 lostifioori
982 2795 1052 2864 fido
1102 2785 1237 2854 ctiones
1270 2784 1342 2854 sint
1375 2779 1573 2880 τιμωρίαι,
1613 2786 1703 2858 aliae
1733 2784 1968 2886 δοκιμασίαι,
2000 2801 2090 2872 alise

44 2920 182 2993 pacem
199 2890 372 2966 habemus
394 2917 475 2985 erga
492 2890 630 2981 Deum3
657 2894 714 2965 vel
735 2890 970 2967 utlohannes
993 2895 1051 2964 in·
1099 2878 1308 2983 Mettium,
1336 2880 1471 2956 Christi
1487 2888 1603 2977 passio
1620 2901 1672 2958 est
1687 2884 1838 2988 λύτρον.

51 2996 156 3095 quit:
180 2994 256 3088 Qui
278 2995 412 3067 Filium
429 2991 554 3081 habet,
581 2990 687 3066 babet
700 2996 811 3067 vitam
833 3009 1025 3069 aeternam.
1141 3053 1143 3056 ψ
1201 3000 1382 3074 Discernit
1405 3017 1520 3074 autem
1545 3000 1739 3077 Ecclesiam
1761 3023 1795 3079 et
1819 3003 1986 3106 impios,¹
2002 3045 2089 3112 pro-

162 3109 323 3187 Octavus
336 3137 461 3188 versus
485 3112 615 3206 repetit
639 3113 848 3206 petitionem
862 3116 1049 3188 liberatio·
1101 3104 1202 3196 ponit
1216 3106 1496 3177 consolationem
1521 3121 1555 3179 et
1581 3109 1910 3202 comminationem,
1937 3118 2090 3196 affirmat

51 3217 145 3292 nist·
162 3209 224 3287 Tu
239 3238 275 3286 es
289 3213 468 3314 protectio
478 3237 571 3302 mea,
598 3215 722 3302 idest,
749 3214 844 3306 Quia
869 3231 909 3289 tu
926 3219 1050 3290 remit·
1100 3206 1221 3298 impiis
1238 3221 1332 3279 cerl⁰
1348 3221 1514 3279 ventum
1531 3229 1604 3279 0³⁸⁸
1618 3234 1769 3302 Ρθθῐιᾶδ,
1798 3237 1948 3308 quarum
1965 3221 2005 3291 in
2024 3216 2090 3297 hac

51 3319 105 3394 fig
119 3331 283 3411 peccata,
308 3317 415 3388 simul
431 3317 537 3388 etiam
552 3339 673 3387 servas
696 3341 775 3403 me,
801 3343 848 3389 ne
870 3319 1054 3412 opprimar
1102 3308 1173 3380 vlia
1195 3309 1342 3381 initium
1366 3322 1418 3380 esi
1442 3331 1555 3395 mors,
1581 3326 1617 3383 el
1631 3335 1742 3404 'Sflepfl
1763 3321 1978 3393 antecedunt
2000 3324 2091 3398 allae

54 3434 203 3495 aeterna
217 3432 351 3504 morte,
379 3431 415 3490 et
430 3418 537 3491 simul
555 3431 607 3489 est
621 3419 811 3507 confessio,
837 3445 907 3514 qua
924 3421 1051 3493 tribuit
1100 3433 1248 3500 maenae
1264 3434 1416 3503 P⁰0¹1³02
1442 3425 1483 3480 ¹¹²
1505 3411 1544 3479 5¹¹
1561 3408 1766 3503 Phfflffltts
1791 3433 1826 3491 tl
1842 3418 1930 3492 3³⁰¹
1948 3438 1981 3495 et
1998 3426 2089 3501 ullis·
2146 3509 2151 3517 ,

53 3518 138 3597 Deo
163 3517 257 3592 hanc
280 3522 444 3607 laudem,
468 3521 565 3613 quod
590 3521 665 3610 ipse
686 3520 851 3594 vivificet.
903 3520 991 3595 Peto
1016 3537 1051 3595 et
1101 3508 1465 3600 QuiaDeusetbanc
1480 3513 1637 3603 sedulam
1659 3532 1792 3602 tertul,
1820 3535 1859 3592 ut
1880 3524 2012 3598 atrocia
2028 3531 2090 3601 de-

55 3636 158 3697 cem
180 3644 242 3716 ope
271 3635 416 3716 expecto
438 3622 718 3694 consolationem
746 3636 780 3694 et
801 3624 911 3694 vitam
936 3639 1050 3696 oeteo.
1101 3615 1183 3684 licta
1199 3616 1415 3685 comitentur
1429 3627 1563 3685 atroces
1579 3641 1715 3708 poenae
1731 3620 1771 3690 in
1790 3616 1856 3694 hac
1871 3625 1954 3704 vita.

55 3748 167 3812 nam,
190 3748 256 3795 nec
269 3746 408 3816 possem
423 3747 619 3814 emergere,
643 3722 714 3793 nisi
729 3736 765 3795 te
779 3725 990 3812 vivificante,
1015 3741 1050 3797 et
1201 3730 1381 3814 Primum,
1407 3733 1491 3826 quia
1514 3734 1594 3804 vult
1614 3735 1768 3828 intelligi
1789 3764 1826 3811 se
1845 3743 1977 3817 iustum
2003 3774 2090 3839 esse,

56 3843 99 3902 tu
113 3824 240 3898 iurasti
262 3841 297 3898 te
320 3850 395 3896 non
410 3826 503 3896 velle
517 3838 669 3897 mortem
684 3827 900 3919 peccatoris,
924 3832 986 3899 sed
1009 3842 1049 3900 ut
1099 3833 1300 3906 discernere
1317 3847 1411 3906 recte
1426 3835 1516 3906 facta
1534 3849 1568 3906 et
1582 3837 1723 3925 delicta,
1749 3857 1783 3914 et
1801 3843 1904 3915 irasci
1919 3848 2063 3923 dilictis.
2176 3904 2183 3916 -

56 3939 305 4014 convertatur,
329 3941 363 3999 et
382 3927 490 4001 vivat.
1201 3933 1385 4023 Secundo,
1417 3936 1497 4008 vult
1519 3941 1663 4030 agnosci
1690 3956 1726 4014 et
1755 3945 1873 4018 timeri
1902 3949 2091 4043 iudicium,

161 4061 290 4142 Nonus
312 4084 452 4133 versus:
488 4055 722 4133 Intellectum
744 4060 818 4133 tibi
843 4059 961 4151 dado,
987 4073 1050 4155 stc,
1099 4048 1134 4109 ²²
1149 4037 1433 4159 ff⁰¹¹³fiom¹¹ll⁰⁵
1448 4052 1558 4115 melu·
1798 4145 1809 4164 ⁶

57 4164 127 4239 Est
159 4164 349 4258 promissio
385 4163 675 4235 sanctificationis
705 4177 737 4234 et
769 4167 1048 4255 gubernationis,
1146 4165 1172 4258 5
1200 4136 1344 4228 Tffl¹⁰2
1372 4141 1448 4210 ‘'⁰st
1468 4142 1600 4214 m⁰¹¹⁰⁵
1622 4146 1666 4217 ad
1699 4149 1957 4240 P⁰0¹²¹l²¹¹²i³m
1982 4178 2088 4228 revu—
2213 4166 2218 4172 ’

57 4269 154 4342 sicut
176 4289 315 4358 semper
340 4267 513 4350 diximus,
551 4266 864 4338 iniustificatione
891 4269 1048 4360 primum
1099 4265 1185 4316 ΜΠ·
1646 4349 1655 4367 .
1802 4347 1845 4369 ..
2051 4279 2055 4289 ·

56 4368 234 4463 accipitur
247 4368 406 4438 remissio
425 4380 668 4459 peccatorum,
693 4383 728 4439 et
748 4392 898 4461 persona
920 4371 1050 4464 recipi·
1171 4444 1180 4461 .
1202 4338 1359 4431 (ΜΗΘ,
1384 4344 1461 4414 ἮῙῑ
1479 4361 1677 4466 Ρῐῆθῧθῐῑῑιὸ
1693 4349 1866 4467 supplicia
1884 4374 2090 4427 commone-

16 4548 20 4555 ,
58 4487 122 4549 tur
146 4482 294 4563 propter
317 4468 553 4559 Mediatorem
576 4467 701 4564 gratis
720 4464 821 4562 fido,
860 4496 900 4542 oc
924 4471 963 4542 in
986 4474 1048 4544 511a
1099 4445 1273 4563 lectiones
1285 4465 1357 4513 esse
1374 4445 1417 4514 de
1434 4470 1561 4569 poenis
1578 4462 1743 4569 aeternis.

57 4576 137 4667 59„
152 4571 414 4658 comotione,
437 4594 518 4642 ,um
540 4571 579 4640 in
593 4572 780 4642 doloribus
806 4586 841 4643 ει
858 4574 1049 4666 pavorum,
1201 4544 1351 4634 Quinto,
1365 4547 1443 4619 vult
1458 4549 1538 4619 toth
1554 4551 1803 4647 delinquentes
1827 4569 1974 4648 propter
1987 4557 2089 4629 utili-

57 4675 249 4767 criguntur
263 4675 371 4744 corda
389 4697 475 4743 voce
491 4667 678 4762 Evangelii
694 4673 832 4760 stlido,
857 4674 972 4747 Filius
980 4675 1049 4748 Dei
1100 4656 1207 4717 mem
1224 4670 1271 4716 ¹¹⁰
1284 4647 1366 4739 P¹¹¹⁸
1380 4662 1544 4720 metant·
2190 4676 2193 4682 ·

56 4777 218 4850 viviticat
238 4798 325 4861 nos,
345 4788 380 4846 et
398 4776 460 4846 dat
477 4774 583 4846 nobis
598 4777 643 4846 de
665 4773 804 4868 Spiritu
825 4799 908 4863 suo,
944 4792 985 4849 ut
1010 4779 1048 4848 in
1202 4765 1273 4839 Sed
1288 4766 1426 4839 etiamsi
1441 4769 1553 4863 aliqui
1572 4770 1610 4839 in
1627 4763 1776 4853 bacvita
1787 4772 1912 4847 leviter
1928 4777 2089 4870 puniun-

56 4878 198 4953 toanne
220 4878 368 4948 dicitur:
397 4874 471 4967 Qui
496 4876 660 4948 laetificat
681 4891 715 4949 er
733 4878 908 4966 gubernat
931 4882 1052 4969 corda,
1100 4882 1179 4950 tur,
1205 4882 1246 4939 ut
1269 4866 1456 4952 Tiberius,
1484 4881 1603 4943 tamen
1626 4887 1761 4947 eertum
1782 4888 1834 4946 eu
1858 4901 2000 4966 onnes,
2025 4880 2090 4976 qui
2125 4955 2128 4960 .

55 4987 96 5055 et
111 4979 317 5053 dulcissime
337 4975 396 5050 hic
413 4979 548 5050 dictum
569 4991 639 5052 est:
664 4970 877 5052 Consilium
893 4978 966 5051 tibi
980 4976 1049 5052 do.
1099 4995 1175 5042 nou
1190 4985 1461 5057 converruntur,
1485 4974 1627 5045 futuros
1641 4999 1716 5046 esse
1728 4979 1769 5048 in
1785 4980 1909 5070 poenis
1927 4985 2090 5067 aeternis,

55 5082 154 5156 bunt
170 5077 270 5154 oculi
284 5081 372 5166 mei,
395 5083 518 5168 idest,
542 5082 630 5152 meis
655 5083 785 5163 oculis,
810 5107 886 5155 mea
909 5086 1081 5176 sapien-2
1100 5072 1196 5144 iuxta
1220 5073 1534 5158 comminationes,
1567 5072 1697 5150 Mattb.
1720 5076 1799 5154 25st
1835 5079 1886 5151 lte
1911 5084 2091 5155 maledicti

55 5187 109 5262 tic
133 5185 201 5259 tibi
223 5185 330 5255 adero
357 5206 440 5274 ego,
468 5183 544 5274 ipsc
564 5185 771 5273 gubernabo
795 5198 830 5257 te
846 5186 925 5258 luce
948 5188 1050 5258 verbi
1100 5174 1140 5243 5¹1
1156 5175 1273 5267 ignem
1289 5184 1484 5248 aeteruum·

53 5289 152 5374 mei,
174 5301 209 5359 et
222 5287 440 5357 confirmabo
454 5298 489 5355 te
502 5283 641 5376 Spiritu
655 5301 776 5359 sancto
785 5338 797 5373 ,
824 5289 917 5385 dabo
933 5303 1051 5361 motus
1202 5290 1257 5365 De
1271 5309 1424 5391 utroque
1440 5320 1569 5389 genere
1591 5322 1786 5391 poenarum
1811 5299 1900 5370 dicit
1912 5296 2090 5371 Psalmus:

52 5391 234 5467 “loures
258 5388 325 5460 tibi
346 5402 382 5461 et
404 5387 504 5475 aliis,
528 5399 569 5458 ut
583 5385 701 5460 David
727 5389 862 5479 regitur
886 5393 1050 5480 consilio,
1101 5392 1220 5468 Multa
1238 5396 1375 5488 llagella
1392 5399 1662 5570 pacatopppptc.
1713 5402 1784 5475 Sed
1799 5403 1843 5471 de
1855 5394 2014 5472 Ecclesia
2028 5405 2094 5524 ad-
