4538 5754
88 228 164 307 sss
482 232 528 308 v.
581 231 636 306 ru
661 194 1269 309 nauucuu'raorunran
1297 189 1722 310 connumeratus.
2036 236 2114 313 ssa

88 418 242 476 mentem
265 405 496 476 conditricem
517 421 552 479 et
573 404 867 478 conservatricem
884 404 991 476 totins
1007 399 1076 474 hu-
1124 404 1255 495 galium
1279 406 1324 475 de
1338 405 1435 477 Filio
1450 400 1520 477 Dei
1539 414 1759 498 aspernatur.
1810 403 1957 479 Lacerat
1979 419 2012 478 et
2034 432 2111 478 erm

88 507 143 578 ius
169 507 274 576 molis
296 531 435 593 rerum,
468 523 585 579 tamen
609 511 770 578 noudum
795 502 889 576 recte
909 529 1075 598 agnosce·
1125 522 1288 599 partem,
1314 533 1405 601 quae
1421 506 1562 601 proprie
1573 506 1643 578 Lex
1660 523 1814 591 vocatur,
1840 498 2038 603 quia'liugit
2053 510 2113 578 ui·

88 611 175 681 baut
195 606 323 684 Deum.
378 607 463 679 Non
487 611 582 680 enirn
606 624 735 679 norant
752 608 1009 700 promissiones
1031 606 1076 678 de
1125 603 1178 679 hil
1202 633 1276 679 esse
1300 625 1500 700 peccatum,
1534 609 1604 678 nisi
1635 624 1775 679 externa
1800 610 1889 682 sacta
1913 625 2035 680 contra
2060 612 2111 680 le·

88 710 285 804 placatione
301 714 394 783 etde
411 710 609 784 Mediatore
626 711 773 783 traditas
791 710 960 802 patribus.
1124 733 1213 801 gem.
1265 710 1379 782 Tollit
1403 723 1438 782 et
1459 734 1540 781 vera
1564 710 1721 801 coniugii
1746 712 1841 795 iura,
1864 712 2026 783 concedit
2042 715 2112 782 du-

189 809 405 909 Quanquam
426 814 536 905 igitur
550 808 787 885 Mahometici'
806 812 906 882 valde
931 835 967 882 se
991 810 1076 880 effe·
1124 837 1202 883 cere
1217 826 1250 884 et
1265 815 1417 884 abiicere
1431 825 1519 906 quot
1534 813 1684 906 quiaque
1700 814 1794 894 vult,
1820 814 1897 884 sine
1913 814 1987 885 ulla
2007 837 2111 884 causa

88 927 193 1000 runt,
228 928 263 986 et
290 916 451 988 iactitant
479 916 687 1006 religionem
717 939 836 1000 suam,
869 916 963 1007 qnod
990 913 1075 983 reti·
1124 928 1158 985 et
1173 915 1385 1005 cognitione,
1437 912 1516 985 lloc
1537 928 1757 1007 estprorsus
1779 915 1904 985 tollere
1924 915 2108 988 vinculum

88 1030 195 1088 urant
209 1018 397 1088 articulum
414 1020 459 1087 de
471 1014 700 1105 unitateDei‚
726 1017 820 1111 quod
838 1039 911 1085 non
926 1018 1075 1086 adorent
1123 1018 1299 1107 coniugii,
1325 1032 1359 1088 et
1374 1017 1566 1087 concedere
1586 1017 1762 1088 infinitam
1777 1019 2045 1107 scortationem,
2068 1029 2111 1089 ut

88 1116 204 1202 idola,
251 1144 315 1190 nec
354 1120 488 1211 lingant
524 1120 656 1190 nurltns
685 1122 788 1189 deos:
840 1130 956 1189 tamen
987 1111 1075 1187 haec
1124 1117 1402 1191 infradicemut.

88 1244 209 1292 corum
233 1222 403 1313 sapientia
423 1218 516 1291 nihil
534 1236 584 1293 est
600 1221 669 1291 uisi
685 1220 885 1292 communis
902 1220 1073 1314 quaedam
1225 1218 1371 1291 Constat
1386 1232 1502 1290 autem
1522 1220 1591 1290 iam
1608 1244 1722 1291 annos
1738 1220 1811 1292 iere
1829 1235 2026 1313 nongentos
2038 1212 2109 1293 Ee-
2137 1234 2142 1245 “

88 1319 312 1417 philosophia
343 1320 521 1394 humanae
551 1323 719 1403 rationis,
753 1323 792 1391 in
819 1347 888 1416 qua
912 1323 1073 1392 nondum
1124 1323 1246 1393 clesias
1269 1317 1400 1395 Christi
1424 1316 1645 1393 horribiliter
1668 1338 1743 1393 tum
1767 1336 1919 1396 vastatas
1941 1336 2018 1396 tum
2044 1347 2109 1416 op-

88 1428 180 1497 lucet
197 1428 359 1496 doctrina
377 1428 420 1495 de
437 1425 634 1517 placatione
650 1423 730 1496 Dei.
1123 1450 1260 1518 pressas
1275 1448 1349 1494 esse
1365 1452 1384 1495 a
1402 1425 1593 1519 tyrannide
1606 1422 1856 1502 Mahornetica,
1890 1422 2010 1517 Quare
2024 1423 2110 1496 Ma-

189 1527 271 1598 Scio
294 1529 425 1598 multos
449 1529 635 1599 fascinatos
651 1522 817 1596 humanis
836 1523 1074 1617 persuasioni·
1125 1523 1287 1600 hometus
1316 1522 1529 1598 Antichristi
1572 1527 1719 1597 nomine
1754 1523 2110 1619 comprehendendus

88 1632 153 1702 hus
184 1630 348 1701 detestari
379 1630 472 1700 rixas
502 1630 737 1720 religionum,
775 1624 974 1716 Quorsum,
1016 1628 1073 1695 in·
1123 1646 1195 1716 est,
1220 1644 1251 1700 et
1271 1629 1362 1699 inter
1376 1623 1495 1699 hostes
1509 1626 1593 1698 Frui
1609 1624 1676 1698 Dei
1691 1633 1908 1701 execrandus
1922 1644 1956 1701 et
1969 1629 2110 1719 [ugien-

88 1732 235 1827 quiunt,
261 1755 351 1823 opus
370 1745 422 1802 est
444 1746 541 1803 tanta
559 1732 705 1803 dissidia
722 1728 890 1801 excitari?
922 1754 1002 1800 curn
1017 1753 1073 1798 re-
1123 1734 1201 1804 dus.
1254 1732 1306 1800 Ac
1327 1755 1433 1821 supra
1456 1731 1494 1799 iu
1511 1730 1669 1825 imperiis
1682 1735 1728 1801 de
1743 1726 1984 1803 Mahometico
2000 1752 2109 1821 regno

88 1838 152 1906 but
172 1846 371 1923 congruant
393 1833 599 1925 religiones,
624 1833 761 1905 etiamsi
776 1831 1074 1924 appellationibus
1124 1834 1198 1905 dixi
1208 1888 1218 1919 ,
1251 1834 1441 1923 diligenter
1470 1836 1658 1904 tenendam
1685 1858 1759 1905 esse
1790 1833 2109 1926 praemonitionem
2157 1912 2160 1917 ¹
2206 1860 2209 1864 ·

88 1950 121 2008 et
142 1935 253 2026 signis
276 1936 481 2006 discrimina
503 1951 537 2008 et
557 1937 629 2007 sint
646 1949 681 2007 et
696 1934 841 2005 luerint.
893 1933 1073 2004 Adversus
1124 1936 1308 2021 divinam,
1334 1959 1423 2029 quae
1438 1934 1530 2005 clare
1544 1933 1679 2030 inquit:
1708 1935 1747 2007 ld
1772 1960 1917 2027 regnum
1944 1928 2109 2028 blasphe-

88 2035 174 2111 hacc
194 2038 327 2109 diaboli
344 2038 411 2109 tela
428 2039 642 2107 muniendae
655 2052 741 2108 sunt
757 2050 911 2121 mentes,
936 2048 971 2106 et
985 2059 1073 2104 con·
1104 2038 1479 2108 ·miasdicturumesse
1493 2052 1614 2108 contra
1625 2033 1763 2121 Deum,
1784 2052 1819 2109 et
1840 2037 2109 2109 interfecturum

88 2141 335 2220 siderandum,
365 2138 556 2229 Quomodo
581 2140 666 2210 velit
687 2138 829 2228 agnosci
855 2151 888 2208 et
913 2135 1072 2207 invocari
1123 2139 1283 2214 Sanctos.
1309 2134 1357 2209 Et
1371 2162 1454 2209 cum
1471 2141 1516 2208 de
1531 2164 1639 2229 regno
1654 2140 1823 2234 loquatur
1836 2153 2010 2224 nascente,
2027 2162 2109 2208 cum

88 2240 201 2326 Deus,
227 2242 333 2327 item,
358 2245 538 2331 quomodo
557 2237 685 2333 placari
702 2239 867 2313 voluerit.
1121 2257 1243 2336 quarta
1260 2233 1464 2311 monarchia
1478 2234 1686 2323 collabetur,
1711 2242 1945 2312 certissimum
1961 2254 2011 2312 cst
2031 2238 2108 2309 fieri

186 2340 300 2415 Norat
324 2340 427 2414 Plato
456 2368 531 2415 esse
558 2368 666 2413 uuam
697 2354 877 2412 aeternam
908 2355 1072 2426 mentem,
1122 2345 1339 2416 mentionem
1361 2342 1561 2435 tyrannidis
1575 2339 1845 2418 Mahometicae.
1897 2340 2108 2432 lutelligunt'

88 2446 170 2518 boni
184 2468 326 2517 cauum
342 2445 380 2515 in
394 2460 538 2529 natura,
563 2447 637 2515 sive
653 2470 692 2515 ea
708 2467 808 2514 meus
824 2441 975 2533 lupiter‚
998 2443 1071 2512 sive
1121 2463 1237 2517 aurem
1272 2444 1321 2537 pii
1353 2444 1483 2515 multas
1504 2466 1628 2532 graves
1649 2459 1683 2515 et
1705 2467 1849 2535 magnas
1877 2467 1998 2516 causas
2021 2465 2108 2531 esse,

88 2546 202 2620 l’allas
225 2562 420 2620 vocaretur.
472 2545 630 2618 Tantum
653 2549 753 2616 docet
777 2557 812 2616 et
833 2540 1071 2617 Mahometns.
1119 2573 1184 2620 cur
1206 2570 1436 2640 praemonere
1456 2540 1650 2619 Ecclesiam
1672 2544 1770 2619 Deus
1789 2546 1921 2636 voluit,
1944 2569 2031 2642 quas
2050 2566 2106 2614 se·

88 2648 151 2722 led
167 2650 264 2719 idem
280 2647 381 2720 l'lato
396 2663 517 2731 uorat,
541 2648 658 2720 Deum
673 2672 746 2719 esse
764 2649 1072 2735 instanrmeutem,
1120 2675 1200 2722 cum
1220 2649 1290 2743 ipsi
1303 2650 1517 2743 expeudant.
1567 2640 1571 2647 ¹

88 2752 290 2822 irascentem
316 2752 547 2844 turpitudini.
607 2749 728 2840 Quare
750 2751 908 2839 cogitans
931 2750 1072 2820 deruis

88 2852 199 2933 vitiis,
226 2877 301 2922 uon
325 2854 504 2924 iudicabat
525 2853 595 2922 sibi
615 2853 767 2943 ignosci,
791 2877 855 2922 nec
873 2853 1072 2938 invocabat,
1219 2833 1291 2909 Sed
1307 2836 1404 2929 quod
1421 2834 1637 2905 estalterum
1650 2857 1821 2925 regnum,
1844 2858 1916 2929 quo
1931 2830 2108 2924 opprimi·

88 2956 142 3026 κά
167 2953 288 3046 potius
308 2953 607 3046 fugiebatnefflm
659 2952 806 3025 Necesse
828 2966 879 3023 est
902 2953 1011 3043 igitur
1035 2968 1072 3024 ει
1118 2953 1179 3012 tur
1196 2936 1264 3008 Dei
1284 2933 1467 3008 Ecclesia?
1517 2934 1651 3008 Paulus
1673 2938 1766 3008 clare
1783 2938 1850 3008 ait:
1879 2935 1921 3007 ln
1944 2930 2105 3005 Ecclesia

88 3055 272 3127 articulum
296 3059 340 3126 de
362 3058 558 3148 placatione
574 3056 700 3128 teneri.
752 3050 985 3149 Elquautum
1001 3050 1070 3126 hoc
1116 3040 1385 3112 tl⁰¹¹¹l¹¹²luffl¹¹¹
1408 3061 1482 3108 0³⁵0
1499 3033 1681 3111 h⁰¹¹¹l¹¹0ffl
1697 3039 1850 3131 Petssdll»
1875 3037 2103 3152 0¹l⁰ll3⁰lef¹¹

88 3160 232 3248 celerat,
253 3158 327 3229 sola
337 3157 568 3229 DeiEcclesia
581 3158 765 3250 perspicue
776 3156 954 3248 intelligit,
979 3182 1070 3251 quae
1091 3140 1095 3220 l
1116 3164 1274 3235 *03119ῐᾶ
1289 3140 1423 3211 tullum
1448 3136 1527 3211 Del·
1578 3138 1727 3213 (3⁰¹3ssst
1750 3154 1865 3211 aulem
1890 3140 1929 3207 3¹¹
1944 3132 2103 3208 Eidem

88 3261 240 3351 ignoscit
263 3277 442 3352 peccatum
460 3278 493 3333 et
508 3261 599 3330 iram
619 3256 700 3346 Dei,
723 3274 758 3331 et
773 3283 898 3330 rursus
913 3261 1069 3348 agnoscit
1091 3224 1094 3337 l
1117 3259 1152 3317 et
1175 3243 1279 3316 titulo
1295 3239 1475 3314 Ecclesiae
1499 3243 1678 3314 dominari
1700 3242 1885 3336 pontifices
1908 3240 2104 3311 defenden-

88 3388 117 3435 ιε
134 3360 245 3452 recipi
259 3360 662 3454 propterMediarorem.
713 3359 824 3432 Novit
835 3374 870 3431 et
886 3357 971 3444 hoc,
998 3377 1070 3432 sta·
1117 3345 1291 3419 te⁸5⁶1012t·
2108 3448 2112 3455 Ι

88 3468 145 3537 tim
172 3466 220 3535 ab
242 3463 346 3536 initio
367 3459 464 3535 huuc
488 3465 677 3535 articulum
701 3466 870 3534 traditum
894 3485 968 3532 esse
994 3465 1069 3552 pri·
1218 3460 1284 3534 Est
1306 3462 1478 3534 moderati
1508 3463 1618 3533 animi
1644 3463 1778 3535 moveri
1802 3462 2000 3535 maerentia
2028 3462 2104 3532 eius

88 3569 149 3636 mis
173 3566 334 3658 patribus
356 3566 393 3634 iu
416 3567 669 3657 promissione,
696 3563 864 3661 intelligit
887 3560 953 3635 hac
976 3566 1068 3637 lidu-
1118 3566 1317 3660 potestatis,
1342 3590 1433 3659 quae
1454 3577 1600 3636 vocatur
1622 3568 1817 3638 ordinaria.
1869 3562 1934 3638 Est
1955 3581 1990 3639 et
2012 3563 2101 3657 grati

88 3668 133 3739 :ia
155 3669 262 3738 corda
287 3684 426 3759 patrum
451 3669 676 3753 confirmata,
712 3691 814 3736 veros
839 3667 973 3752 cultus,
1007 3692 1068 3735 vc·
1115 3668 1268 3759 cogitare
1299 3669 1473 3737 maiorum
1507 3680 1600 3737 recte
1630 3669 1737 3741 lacta:
1770 3665 2007 3759 Evangelinru
2040 3690 2104 3759 per

88 3788 156 3839 ram
180 3769 441 3840 invocationem
465 3769 689 3860 praestitisse.
750 3767 881 3840 Putant
902 3764 1068 3864 hypocri-
1114 3767 1333 3863 Episcopus,
1354 3767 1608 3861 Apostolorum
1633 3770 1847 3862 discipulas,
1872 3784 2102 3862 propagatum

88 3894 136 3942 ae
165 3895 203 3941 se
228 3871 393 3941 iuvocare
418 3869 551 3956 Deum,
585 3873 709 3940 sedin
734 3898 817 3940 vero
841 3894 971 3961 pavore
994 3886 1068 3942 tota
1116 3888 1178 3946 est.
1228 3868 1369 3942 Deinde
1390 3870 1653 3964 qualescunque
1672 3872 1818 3943 fuerunt
1839 3871 1905 3965 ipsi
1920 3868 2104 3964 Episcopi,
2225 3870 2229 3879 ’

88 3996 165 4043 racc
196 3973 246 4042 eis
275 3974 452 4044 invocatio
483 3975 670 4045 exciuitur.
730 3976 779 4043 At
808 3974 881 4071 sola
910 3970 1066 4044 Ecclesia
1115 3990 1233 4046 tamen
1251 3997 1382 4043 nomeu
1398 3967 1554 4058 Christi,
1579 3987 1612 4045 et
1635 3975 1917 4071 qualemcunque
1937 3977 2101 4045 umbram

88 4072 143 4145 Dei
160 4075 327 4166 intelligit
342 4091 376 4146 et
393 4090 544 4164 praestat
558 4074 817 4147 invocationem
833 4099 965 4150 veram.
1114 4074 1292 4149 Ecclesiae
1306 4075 1544 4146 retinuerunt.
1596 4072 1644 4146 Et
1662 4075 1845 4149 latendum
1871 4091 1940 4162 est,
1958 4076 2025 4146 suh
2041 4099 2102 4146 eo-

179 4175 279 4247 llaec
307 4180 351 4247 de
375 4177 573 4247 Mediatore
597 4177 787 4266 diligenter
809 4177 1065 4247 consideranda
1115 4205 1194 4249 rum
1223 4179 1372 4271 imperio
1397 4176 1536 4270 aliquos
1564 4177 1671 4249 luisse
1694 4180 1771 4272 pios
1797 4191 1832 4248 et
1855 4178 2010 4272 aliquam
2032 4174 2102 4248 Dei

88 4294 181 4361 itant,
205 4295 245 4350 ut
264 4277 645 4351 adversnsMahnmeti
666 4273 937 4376 πιθανολογίας
955 4279 1065 4348 animi
1112 4280 1319 4351 Ecclesiam.
1384 4276 1461 4350 Cur
1495 4277 1621 4368 igitur,
1659 4280 1815 4375 inquies,
1847 4293 1994 4378 propter
2021 4303 2100 4348 eam

88 4383 344 4464 :nrmrmeutuu
366 4398 399 4450 et
411 4383 748 4451 execrenturomnes
759 4381 959 4470 religiones,
976 4406 1066 4472 qaae
1115 4395 1248 4473 partem
1272 4376 1458 4474 Episcopis
1482 4405 1556 4451 uon
1580 4381 1759 4473 parcitur?
1787 4380 1993 4473 praesertim
2018 4406 2099 4452 cum

89 4483 498 4575 gnorautplacationem,
517 4480 1065 4576 quaefactaestperFiliumDei.
1114 4486 1152 4554 in
1183 4497 1280 4555 tanta
1315 4480 1519 4553 infirmitate
1546 4479 1694 4553 humani
1717 4483 1875 4575 generis,
1907 4507 1971 4553 nec
1994 4482 2101 4553 scierit

88 4580 251 4655 ltmmuc
270 4585 365 4652 enim
384 4600 417 4655 et
436 4587 524 4654 iram
539 4584 607 4653 Ι)εἰ
624 4587 791 4654 adversus
810 4597 1008 4676 peccatum,
1031 4598 1066 4655 et
1113 4612 1271 4681 unquam
1294 4584 1380 4654 inne
1403 4608 1513 4679 usque
1534 4586 1580 4654 ab
1604 4584 1707 4655 initio
1723 4588 1868 4672 muudi,
1894 4611 1962 4657 nec
1981 4586 2101 4655 lutura

88 4686 355 4757 inisericordiam
370 4688 574 4777 promissam
590 4684 892 4779 propterFilium,
918 4700 951 4756 et
966 4711 1064 4756 sum·
1114 4691 1160 4760 sit
1172 4687 1383 4779 gubernatio
1398 4687 1471 4757 ulla
1489 4687 1565 4757 sine
1582 4687 1678 4758 vitiis
1692 4701 1726 4759 et
1743 4687 1879 4761 erratis.
1931 4684 2051 4777 Quare
2065 4701 2101 4757 et

88 4814 176 4859 num
199 4785 265 4858 Dei
288 4789 496 4858 beneficium
518 4790 648 4865 delent.
703 4787 787 4857 ldeo
804 4782 979 4860 lohannes
993 4784 1065 4858 Ba·
1113 4792 1280 4863 usitatum
1298 4805 1331 4860 et
1346 4789 1449 4860 facile
1463 4804 1514 4860 est
1527 4783 1786 4882 reprehendere
1800 4789 2100 4882 gubernationum

88 4892 181 4963 itista
208 4890 396 4961 testificans
417 4892 461 4959 de
482 4889 576 4960 Filio
598 4888 665 4961 Dei
687 4890 819 4984 inquit:
855 4888 929 4980 Qui
954 4893 1065 4962 credit
1114 4894 1212 4965 vitia.

88 5019 110 5062 n
129 4990 285 5068 Filium,
312 4988 418 5064 habet
442 4993 550 5063 vitam
573 5004 771 5077 aeternam,
798 4990 869 5081 Qui
892 5017 965 5061 non
990 5019 1065 5063 cre·
1213 4994 1325 5086 Saepe
1349 4992 1531 5083 pontifices
1556 4994 1707 5093 levitici,
1740 5007 1774 5065 et
1804 4992 1891 5064 socii
1922 4995 2100 5084 guberua-

88 5097 127 5167 tit
146 5092 238 5165 Filia
254 5090 340 5177 Dei,
368 5118 440 5163 non
455 5096 588 5166 videbit
606 5096 733 5175 vitam,
758 5101 817 5166 sed
839 5095 888 5163 ira
905 5096 973 5164 Dei
990 5121 1065 5164 ma·
1113 5096 1222 5169 tiouis
1245 5094 1444 5189 praecipui,
1467 5096 1614 5168 suerunt
1638 5094 1834 5193 tyrannici,
1860 5096 1974 5187 ignari
1997 5120 2102 5166 verae

88 5212 131 5268 iet
147 5218 256 5276 suaper
271 5220 364 5268 enm.
793 5276 799 5289 Ι
1112 5198 1315 5282 doctrinae,
1347 5221 1506 5287 rapaces,
1542 5198 1758 5290 negligentes
1783 5200 1821 5269 iu
1843 5197 2100 5276 iurisdictione,

175 5294 274 5367 Haec
295 5297 325 5366 si
348 5298 476 5385 cogitet
502 5301 557 5389 pia
584 5320 704 5382 mens,
737 5300 820 5369 satis
843 5299 1064 5391 praemunita
1111 5299 1300 5372 autetiam
1321 5296 1458 5369 iniusti.
1507 5298 1613 5371 'l'rrles
1638 5298 1993 5383 litenmtllircanas,
2021 5301 2098 5368 An-

88 5402 138 5473 rit
155 5403 328 5471 adversus
342 5396 540 5473 hlahoructi
558 5405 692 5471 bifores
701 5451 714 5485 ,
740 5400 802 5494 qui
821 5396 1064 5473 totnmEvan·
1113 5423 1195 5490 nas,
1217 5396 1385 5497 Caiphae.
1438 5400 1561 5498 Neque
1576 5416 1695 5474 taruen
1711 5403 1872 5486 Simeon,
1886 5388 2115 5484 Zacharias,
