4538 5754
121 201 195 273 ιιι
718 154 986 266 ramnus.
1016 191 1227 279 scutata
1254 193 1553 271 uxuuuuca,
1978 182 1986 191 “
2075 200 2143 275 ιιι

171 347 175 359 ¹
221 369 376 440 Literam
394 377 523 433 norant
535 363 589 433 illi
605 366 649 432 de
664 360 957 456 quibusRoman.
975 365 1106 454 primo:
1130 371 1134 407 ³
1157 364 1215 433 ‹lie
1240 364 1422 434 conditum
1446 378 1497 434 est
1520 379 1555 435 et
1577 367 1793 456 adpellatum
1817 371 1967 441 coelum.
2021 370 2144 442 lamet

121 473 380 563 Cognoscentes
402 463 518 536 Deum
542 489 617 534 non
641 465 732 534 sicut
749 463 865 534 Deum
888 465 1108 555 glorificare·
1130 482 1134 541 t
1158 466 1299 556 vulgato
1316 490 1414 536 more
1437 467 1473 535 in
1491 467 1695 559 scripturis,
1720 469 1808 542 coeli
1834 487 1868 543 et
1890 487 2006 545 terrae
2032 474 2143 543 nomi-

121 588 219 656 runt,
239 584 274 641 et
290 562 702 662 primaeCorintbiorum
720 567 853 656 primo:
879 565 961 636 Nou
975 589 1108 658 cogno·
1130 564 1135 647 l
1157 566 1263 636 nibus
1287 590 1410 636 omnes
1432 583 1612 638 creaturae
1627 571 1796 647 ,veniunt
1853 571 1932 671 Ego
1959 576 2009 646 sic
2035 576 2143 646 sentio

122 678 175 748 vit
190 675 345 744 mundus
361 669 476 740 Deum
496 691 558 759 per
573 667 795 759 sapientiam.
847 665 902 737 De
918 668 1045 759 spiritu
1062 670 1108 739 ad
1157 664 1378 765 διηγητικῶς
1404 672 1651 760 exponendum
1666 696 1758 757 esse,
1784 700 1857 744 uon
1876 678 1973 746 tituli
1994 679 2086 762 vice,
2109 693 2143 748 ut

77 802 82 819 ·
123 777 304 848 Hebraeos
326 771 503 864 loquitur:
530 768 619 838 Fide
640 769 873 858 intelligimus
888 770 1031 841 condita
1054 793 1110 841 se·
1159 770 1336 860 intelligas
1369 771 1523 862 primum
1557 799 1647 864 opus
1674 789 1707 844 et
1735 778 1842 868 primi
1869 779 1939 848 diei
1967 780 2143 871 opificium

119 880 220 962 cula,
247 875 356 945 verbo
380 870 467 950 Dei,
495 883 536 940 ut
560 869 756 941 invisibilia
780 870 938 941 visibilia
960 873 1109 963 adpare·
1157 872 1265 940 luisse
1280 872 1417 940 coelum
1435 887 1468 941 ct
1485 889 1626 943 terram.

124 994 221 1062 rent,
245 977 281 1045 id
305 987 375 1056 est,
400 988 440 1043 ut
457 970 614 1063 potentia
631 985 665 1042 et
680 971 849 1042 divinitas
870 987 1055 1064 appareret
1071 973 1109 1042 in
1261 970 1350 1041 Nam
1368 974 1451 1067 quia
1468 976 1557 1044 ratio
1575 977 1735 1049 lectionis
1754 983 1916 1072 postulat,
1941 995 1983 1052 ut
1996 986 2043 1052 de
2058 996 2144 1054 terra

123 1104 230 1172 opere
243 1075 434 1147 Creatoris.
485 1071 599 1143 Porro
621 1067 808 1143 baselides
828 1098 909 1144 cum
933 1076 1111 1147 credimus
1159 1073 1210 1144 ita
1232 1074 1385 1164 sentias,
1410 1078 1508 1169 quud
1528 1077 1569 1147 in
1593 1079 1771 1173 principio
1795 1097 1908 1153 creata
1932 1084 1979 1155 sit
1995 1098 2079 1156 aute
2095 1084 2145 1154 lu·

124 1182 244 1252 omnia
261 1179 335 1267 regi
352 1175 473 1246 divina
492 1173 734 1266 providentia,
758 1168 852 1244 nibil
867 1189 999 1247 temere
1014 1177 1111 1257 ferri,
1159 1198 1253 1259 cem,
1278 1175 1438 1266 cogimur
1454 1190 1494 1248 ut
1509 1174 1604 1248 idem
1619 1182 1664 1250 de
1682 1183 1781 1253 eoelo
1802 1187 2009 1259 sentiamus.
2060 1184 2145 1256 Nam

120 1299 176 1354 cst
191 1281 364 1374 ipsissima
383 1275 606 1347 mortificatio
623 1276 773 1347 rationis
789 1290 930 1348 nostrae
937 1329 949 1361 ‚
978 1302 1111 1368 negau-
1160 1291 1196 1348 et
1218 1289 1336 1368 postea
1355 1277 1492 1372 inquit,
1519 1304 1592 1350 uon
1616 1282 1676 1352 liat
1697 1296 1811 1366 terra,
1837 1288 1899 1356 sed
1921 1289 2146 1379 adparentes

124 1387 169 1455 tis
185 1406 258 1453 csse
275 1379 411 1462 Deum,
437 1391 498 1449 aut
521 1392 644 1449 nostra
658 1376 733 1449 Deo
751 1400 856 1449 curae
879 1402 963 1450 esse.
1014 1378 1112 1450 llaec
1160 1377 1270 1471 aquis.
1312 1378 1384 1451 Sed
1398 1381 1513 1451 obstat
1528 1385 1625 1475 quod
1643 1388 1797 1457 secundo
1814 1389 1871 1458 die
1887 1389 2146 1460 firmamentum

123 1491 168 1556 de
186 1482 402 1578 praefatione
418 1481 457 1550 iu
474 1477 644 1554 Genesin.

427 1656 809 1669 nmo—*tna-

522 1780 660 1893 Gaput
679 1784 713 1869 l.

478 1953 524 2020 lo
554 1951 756 2040 principio.

225 2101 280 2173 De
301 2097 478 2193 principio
500 2099 611 2170 multa
635 2099 784 2169 fabulati
805 2113 907 2184 sunt,
933 2114 966 2168 et
989 2122 1053 2190 pro
1070 2124 1112 2169 eo

127 2205 223 2300 quod
244 2216 296 2272 est
319 2204 358 2271 in
382 2200 576 2294 principio,
601 2201 746 2294 quidam
771 2201 809 2269 iu
825 2198 919 2270 Filio
942 2203 1115 2290 legerunt,

126 2322 167 2379 ut
182 2320 215 2378 et
228 2302 472 2398 Hieronymus
494 2302 643 2372 indicat:
669 2325 734 2371 nos
754 2300 1012 2392 simplicissime
1033 2302 1114 2373 lite·

87 2456 89 2460 ·
127 2432 202 2479 ram
219 2429 425 2500 sequemur,
450 2417 490 2474 ut
506 2404 695 2487 debemus,
721 2402 896 2496 siquidem
913 2428 951 2474 ea
969 2405 1042 2475 sola
1059 2407 1113 2475 la·

128 2512 176 2580 cit
190 2513 233 2577 ad
252 2506 505 2577 aedificandam
528 2505 646 2578 iidem.
700 2503 920 2596 Principium
943 2506 1115 2595 significat

129 2609 315 2680 exordium
335 2606 505 2696 temporis
522 2619 558 2676 et
578 2629 708 2675 rerum.
757 2602 855 2697 Ergo
873 2628 954 2677 cum
971 2608 1038 2693 ait,
1061 2607 1115 2677 ln

130 2709 327 2805 principio,
378 2707 551 2799 significat
589 2720 671 2777 ante
711 2731 831 2778 rerum
874 2710 1113 2781 conditionem

129 2823 313 2882 aeternum
329 2811 437 2879 luisse
453 2811 591 2893 Deum,
618 2832 693 2879 uon
714 2810 866 2879 enimin
887 2806 958 2883 boc
980 2811 1115 2903 princi·

131 2916 190 3007 pio
208 2913 304 2984 Deus
317 2914 430 2984 factus
450 2925 514 2983 est.
565 2910 677 2982 Porro
701 2913 792 2983 sicut
811 2909 1116 3006 incomprebensi-

130 3017 214 3086 bilis
233 3029 283 3086 est
298 3015 431 3087 rationi
446 3036 564 3083 rerum
580 3013 768 3085 aeternitas
782 3028 864 3085 ante
881 3016 1115 3106 principium:

131 3122 179 3189 ita
196 3134 230 3188 et
253 3131 333 3208 post
355 3118 461 3188 finem
483 3111 858 3207 incomprehensibiles
881 3117 998 3212 abyssi
1020 3129 1130 3213 sunt„

131 3221 237 3290 Fides
267 3233 384 3291 autem
417 3243 507 3311 quae
540 3217 634 3306 capit
666 3214 801 3299 Deum,
842 3231 877 3288 et
902 3218 1009 3289 sentit
1035 3232 1117 3289 aute

132 3323 251 3394 omnia
287 3321 324 3388 in
356 3319 542 3398 omnibus,
574 3332 712 3409 etpost
742 3319 864 3388 omnia
893 3343 965 3389 esse
990 3317 1118 3402 Deum,

132 3427 276 3516 abyssos
306 3417 371 3489 hos
401 3420 601 3508 ingreditur
631 3434 760 3507 gestata
790 3422 898 3490 verbo
923 3419 992 3491 Dei
1023 3422 1118 3492 velut

133 3541 253 3607 utero,
287 3523 379 3591 sicut
399 3517 522 3616 Esaias
540 3521 645 3601 dicit,
677 3535 716 3589 ut
747 3522 803 3590 vel
832 3517 915 3591 binc
941 3526 1120 3615 adpareat,

134 3626 230 3796 quiql)
245 3624 309 3707 sit,
336 3626 431 3716 qnod
450 3623 495 3692 ab
517 3622 612 3695 Heb.
630 3622 699 3706 ait,
726 3619 859 3694 Omnia
882 3640 1026 3715 portans
1040 3648 1119 3695 ver·

135 3732 180 3797 bo
233 3727 276 3798 ei.

545 3881 710 3955 Creaoc't.

235 4011 326 4087 Cum
344 4013 387 4082 de
403 4013 578 4083 creatione
592 4013 743 4095 dieitur,
770 4028 908 4086 nonest
923 4015 1120 4106 imaginan-

137 4122 222 4190 dum
253 4115 406 4208 poe'tice,
443 4117 540 4208 quod
562 4130 636 4187 tum
659 4130 797 4188 tantum
818 4117 1019 4189 condiderit
1047 4117 1123 4208 pri-

137 4244 192 4290 ma
213 4241 330 4288 rerum
351 4239 498 4310 corpora
515 4231 549 4287 et
564 4217 720 4303 semina,
745 4242 842 4288 nunc
864 4243 904 4289 ea
921 4218 1016 4291 sinat
1037 4219 1123 4289 ferri

137 4334 282 4415 sponte,
322 4344 387 4412 pro
416 4343 478 4390 sua
507 4319 677 4414 cuiusque
698 4321 755 4391 vel
784 4336 909 4394 natura
932 4323 987 4392 vel
1015 4321 1123 4392 indu·

138 4425 237 4494 stria:
264 4425 322 4490 sed
348 4421 439 4493 sicut
455 4418 563 4491 aDeo
579 4423 721 4493 condita
738 4436 820 4494 sunt
834 4424 948 4516 prima
963 4447 1122 4517 corpora,

138 4528 187 4597 ita
212 4525 342 4595 sentias
360 4522 480 4594 omnia
504 4525 629 4613 condi,
657 4526 790 4595 servari
813 4540 847 4596 et
867 4525 953 4617 regi.
1006 4523 1123 4618 Atque

139 4625 224 4698 haec
248 4649 365 4696 rerum
394 4621 653 4705 administratio
682 4620 1051 4717 incomprehensibilis
1074 4640 1126 4696 est

138 4728 286 4813 rationi,
310 4725 399 4796 fidei
409 4735 526 4794 autem
546 4727 738 4798 certissima
754 4741 816 4801 est.

240 4845 335 4918 Sunt
356 4844 419 4936 qui
442 4841 537 4912 tituli
553 4845 629 4915 vice
651 4859 832 4933 exponunt
848 4842 935 4931 hoc,
965 4843 1006 4914 ln
1025 4844 1125 4936 prin·

141 4951 234 5041 cipio
257 4943 389 5016 creavit
405 4941 502 5015 Deus
522 4947 660 5017 coelum
683 4959 718 5016 et
742 4960 890 5032 terram,
921 4949 1020 5041 quasi
1042 4948 1126 5018 velit

142 5053 260 5121 llloses
275 5045 432 5136 generali
443 5048 684 5138 propositione
703 5062 736 5119 et
751 5048 856 5119 titulo
871 5049 1055 5138 complecti
1072 5062 1127 5118 to-

143 5168 213 5222 tam
232 5146 447 5234 crealuram,
472 5151 571 5243 quasi
596 5151 746 5230 diceret,
771 5149 920 5220 Coelum
938 5165 973 5221 et
988 5164 1129 5235 terram,

143 5256 178 5322 id
212 5268 282 5336 est,
316 5275 439 5322 omues
469 5264 645 5322 creaturas
675 5253 840 5323 coelestes
871 5267 906 5322 et
936 5268 1128 5337 terrestres,

142 5379 231 5452 quos
245 5368 381 5442 movet,
404 5357 500 5448 quod
520 5344 780 5427 firmamentum
799 5357 954 5428 secundo
973 5355 1128 5448 primum

1161 1479 1344 1551 conditum
1369 1494 1439 1571 ert,
1472 1485 1570 1577 quod
1590 1499 1625 1556 et
1650 1486 1721 1558 dici
1743 1503 1776 1561 et
1797 1513 1870 1560 esse
1893 1490 2035 1562 coelum
2058 1484 2147 1559 nibil

1160 1595 1213 1653 est
1229 1582 1326 1675 quod
1340 1582 1554 1656 dubitemus.
1603 1583 1686 1659 Mea
1709 1589 1759 1661 sic
1781 1604 1835 1663 est
1856 1592 1967 1679 ratio,
1992 1590 2147 1685 primum

1161 1685 1323 1756 omnium
1349 1707 1423 1755 esse
1446 1685 1589 1758 condita
1610 1711 1779 1782 corpora,
1805 1716 1899 1787 quae
1914 1695 2019 1765 locus
2040 1707 2077 1765 ct
2096 1712 2174 1762 re-·

1161 1787 1382 1877 ceptaculum
1399 1787 1549 1858 aliarum
1565 1803 1806 1864 creaturarum
1823 1811 1950 1870 essent.
1988 1792 2048 1865 De
2060 1809 2148 1867 terra

1162 1910 1237 1958 nou
1250 1900 1304 1958 est
1320 1890 1416 1981 quod
1434 1890 1649 1978 laboremus,
1673 1918 1780 1988 quam
1794 1898 1917 1967 eodem
1933 1897 1997 1969 ubi
2026 1922 2071 1968 ue
2084 1920 2149 1967 uu·

1162 1989 1259 2058 mine
1274 1989 1398 2079 signat.
1449 1987 1506 2060 De
1520 1993 1619 2063 coelo
1635 2019 1709 2065 non
1725 1998 1903 2072 convenit.
1952 1996 2011 2069 Mi
2041 2001 2053 2068 i
2069 2000 2149 2069 sim-

1163 2091 1304 2184 pliciter
1321 2091 1473 2177 videtur,
1495 2096 1632 2164 coelum
1648 2100 1827 2189 quoddam
1843 2102 2042 2186 conditum,
2058 2101 2149 2194 quod

1162 2205 1283 2287 postea
1320 2195 1508 2289 abyssum,
1555 2198 1592 2265 id
1630 2213 1699 2284 est,
1748 2202 1937 2271 obscurum
1971 2204 2148 2295 quoddam

1163 2317 1316 2390 aqueum
1333 2318 1461 2385 corpus
1476 2316 1598 2378 vocat,
1623 2323 1703 2369 cum
1719 2301 1787 2387 ait,
1812 2300 1925 2374 Terra
1943 2317 2022 2375 erat
2036 2300 2149 2373 iuan‘u

1164 2410 1199 2468 et
1217 2418 1349 2480 vacua,
1381 2409 1416 2466 et
1436 2399 1604 2469 tenebrae
1627 2415 1729 2472 eraut
1753 2425 1858 2494 super
1878 2406 2007 2476 faciem
2027 2402 2147 2498 abyssi

1164 2495 1254 2568 Vult
1281 2494 1378 2568 enim
1399 2497 1596 2588 significare
1616 2503 1765 2574 obscura
1789 2501 1914 2591 fuisse,
1940 2520 1974 2578 et
1997 2505 2147 2578 tenebri-

1164 2622 1244 2671 cosa
1260 2598 1321 2668 illa
1337 2623 1487 2692 corpora
1504 2625 1594 2693 quae
1609 2604 1830 2689 condiderat,
1847 2621 1979 2678 terram
1995 2621 2034 2678 et
2049 2608 2147 2701 abyr·

1165 2723 1243 2772 sum
1276 2722 1340 2771 seu
1373 2702 1524 2774 coelum.
1584 2702 1724 2776 Deinde
1756 2708 1852 2777 idem
1886 2709 2029 2780 coelum
2058 2708 2148 2802 quod

1165 2802 1282 2895 primo
1298 2801 1357 2872 die
1369 2803 1554 2875 conditum
1566 2820 1630 2890 est,
1654 2807 1787 2878 factum
1801 2832 1877 2880 esse
1891 2812 2148 2881 lirmamcutmu

1165 2918 1201 2976 et
1224 2905 1399 2993 digestum
1425 2907 1562 2976 esseio
1588 2922 1641 2979 tot
1664 2910 1783 2979 orbes:
1818 2914 1867 2981 ita
1892 2927 1933 2982 ut
1958 2932 2035 2982 nou
2058 2933 2149 2981 neu·

1166 3019 1264 3090 tura,
1296 3009 1357 3076 sed
1380 3020 1528 3077 ornatus
1549 3024 1729 3080 creaturae
1752 3014 1975 3084 describatur
1998 3013 2148 3083 secundo

1168 3107 1234 3178 die.
1287 3106 1369 3179 Nou
1386 3109 1483 3177 enim
1499 3109 1587 3179 dicit
1604 3111 1663 3181 liat
1683 3112 1844 3193 coelum,
1869 3118 1928 3183 sed
1952 3115 2016 3185 fiat
2035 3113 2149 3184 firma·

1169 3223 1328 3280 mentum
1351 3232 1414 3281 sen
1434 3212 1609 3294 extensio,
1641 3212 1678 3283 id
1701 3227 1771 3299 est,
1803 3205 1864 3284 lial
1888 3215 1951 3286 illa
1973 3216 2150 3286 coeloruut

1169 3334 1353 3402 compages
1385 3325 1421 3381 et
1452 3312 1664 3403 dispositio,
1697 3339 1805 3408 quam
1837 3341 1934 3388 nune
1966 3317 2152 3387 cernimus

1169 3411 1260 3484 Nam
1276 3412 1362 3483 alias
1383 3436 1560 3506 nusquam
1583 3430 1704 3487 narrat
1719 3418 1900 3488 coelorum
1917 3418 2046 3490 seriem
2061 3422 2152 3489 cum&

1171 3516 1342 3604 positam,
1367 3528 1402 3585 et
1418 3517 1514 3611 quod
1536 3519 1863 3610 secundoprimum
1879 3519 1938 3590 die
1962 3521 2081 3592 coelos
2095 3518 2153 3589 ud·

1169 3617 1316 3709 pellavit
1337 3612 1430 3686 nibil
1455 3618 1566 3690 obest.
1619 3616 1709 3689 Nam
1735 3633 1770 3690 et
1790 3622 1895 3691 tertio
1919 3622 2078 3713 primum
2098 3620 2152 3690 dis

1171 3717 1311 3788 vocavit
1327 3719 1462 3786 aridam
1486 3733 1629 3790 terram.
1682 3720 1742 3793 Sic
1765 3744 1848 3811 ergo
1872 3723 2008 3808 sentio,
2043 3723 2152 3816 primo

1171 3821 1229 3890 die
1253 3819 1396 3891 condita
1420 3841 1493 3889 esse
1517 3817 1602 3889 haec
1623 3847 1792 3915 corpora,
1817 3825 1954 3893 coelum
1979 3825 2151 3918 quoddam

1171 3923 1380 4003 obscurum,
1412 3924 1506 4014 quod
1537 3925 1777 4018 esset'reliqui
1800 3925 1931 4015 opificii
1957 3938 2153 4018 receptacu-

1171 4023 1258 4108 lum,
1272 4035 1308 4092 et
1322 4035 1513 4108 terram,·et
1527 4023 1565 4092 iu
1580 4026 1818 4118 adpellatione
1833 4028 2016 4098 coelorum
2032 4047 2154 4122 uquam

1172 4123 1457 4216 comprehendit:
1493 4150 1575 4195 uam
1609 4129 1725 4199 coelos
1760 4152 1833 4199 esse
1867 4152 2020 4222 aquam,
2054 4127 2154 4199 eciam

1173 4224 1330 4297 Hebraei
1354 4227 1509 4298 nominis
1523 4229 1677 4302 affinitas
1692 4231 1857 4303 declarat.
1907 4226 2058 4301 Etcum
2079 4240 2155 4325 tots

1173 4329 1267 4413 lum,
1293 4343 1327 4398 et
1353 4344 1500 4410 terram,
1525 4344 1559 4399 et
1580 4356 1709 4429 aquam
1733 4333 1834 4413 dico,
1861 4331 2024 4422 intellige
2047 4330 2174 4405 solida:

1174 4455 1214 4501 ac
1234 4429 1371 4522 integra
1392 4454 1561 4521 corpora,
1592 4430 1667 4505 non
1693 4430 1800 4505 chaos
1821 4433 2067 4513 Platonicum,
2100 4440 2156 4501 aut

1175 4534 1356 4603 materiem
1380 4537 1531 4616 rerum,
1571 4561 1679 4634 quam
1714 4538 1893 4607 linxerunt
1923 4558 2072 4627 prorsus
2104 4534 2156 4603 iu-

1173 4635 1337 4710 formem.
2022 4718 2025 4725 ¹
2142 4670 2148 4705 ¹.

1279 4734 1354 4806 lam
1371 4751 1405 4808 et
1422 4732 1490 4808 hoc
1506 4738 1768 4812 observandum
1788 4753 1861 4823 est,
1887 4741 1984 4831 quod
2003 4735 2064 4810 bic
2079 4734 2158 4809 Moe

1175 4860 1229 4907 ses
1250 4840 1294 4907 de
1316 4839 1400 4911 solis
1424 4843 1668 4931 corporalibus
1694 4843 1863 4913 creaturis
1893 4842 2041 4927 scribit,
2070 4830 2159 4911 otbd

1176 4943 1221 5011 de
1244 4941 1447 5032 spiritibus,
1480 4944 1539 5012 scd
1562 4937 1760 5033 Prophetae
1785 4958 1874 5034 opus
1896 4945 2092 5014 creationis¹
2111 4943 2160 5013 leo¹

1176 5044 1247 5114 tius
1277 5058 1395 5135 postea
1420 5059 1675 5135 exposuerunt,
1707 5062 1745 5116 ut
1771 5060 1821 5116 est
1853 5068 1995 5116 cernere
2021 5036 2160 5117 Psalmo

1177 5147 1369 5217 centesimo
1402 5148 1518 5217 tertio.
1569 5143 1616 5218 Et
1643 5146 1729 5218 haec
1753 5149 1898 5241 quidem
1926 5149 1971 5216 de
2005 5143 2161 5227 historia.

1178 5271 1282 5340 quam
1298 5249 1430 5323 frustra
1444 5248 1617 5333 audieris,
1638 5251 1709 5319 nisi
1726 5251 1793 5320 lide
1810 5249 1939 5320 sentias
1954 5246 2073 5320 Deum
2092 5270 2163 5333 esse

1178 5349 1336 5421 inlusum
1351 5352 1454 5433 ,intra
1485 5365 1680 5436 creaturas,
1710 5375 1849 5423 servare
1871 5374 1930 5421 eas
1953 5366 1988 5423 et
2009 5350 2165 5423 admini-
