4538 5754
178 208 257 283 m

655 375 701 449 IL

288 484 395 595 Quod
410 500 507 573 Deus
521 499 734 568 mirabiliter
749 510 901 586 praestat
912 496 1174 588 promissiones,

184 624 218 683 et
232 620 347 680 servat
363 632 462 678 suam
473 599 677 685 Ecclesiam,
702 598 807 668 etiam
822 622 901 668 cum
917 601 1021 690 punit
1033 599 1173 690 impios.

645 749 711 821 Ill.

185 938 189 943 .
285 879 341 949 De
361 874 605 946 moderatione
621 870 802 941 victoriae.
863 868 967 954 Item,
994 871 1090 959 quod
1117 893 1173 937 re·

640 1120 721 1194 llll.

652 266 658 273 .
777 186 910 279 reru..¹
935 202 1052 279 uun.
1082 200 1295 281 sentem
1321 199 1625 282 nxuourtcs

2139 218 2211 293 att

1691 389 1743 455 II.

1328 496 1380 569 De
1400 503 1556 571 secundo
1574 502 1652 570 loco
1669 504 1773 572 etiam
1789 516 1909 575 extant
1926 507 2057 576 multae
2074 510 2211 580 concio-

1198 645 1201 675 ,
1224 622 1287 669 nes
1310 606 1403 692 apud
1420 602 1624 688 Ieremiam,
1652 602 1759 692 Quod
1782 608 2034 695 promissiones
2052 633 2128 680 non
2147 612 2212 682 sint

1100 750 1104 757 -
1225 703 1364 786 irritae,
1390 717 1556 773 ettamen
1572 705 1671 796 impii
1689 705 1904 797 puniantur,
1929 724 1964 779 et
1979 711 2116 781 interea
2135 736 2212 803 pro-

1109 830 1115 845 .
1197 774 1201 856 l
1225 805 1410 873 missiones
1426 805 1639 876 mirabiliter
1653 821 1855 892 serventur,
1883 813 1962 882 aliis
1977 815 2094 883 modis
2110 839 2211 906 quam

1199 926 1201 950 :
1317 934 1323 947 “
1637 932 1657 960 o

185 1009 267 1076 gum
285 980 440 1052 ollicium
457 976 503 1045 sit
519 995 662 1058 curare,
687 985 727 1042 ut
743 972 907 1041 iuventus
922 969 1140 1043 instituatur.
1198 990 1201 999 ·
1227 901 1382 975 bumana
1402 922 1573 998 ”minua
1593 923 1732 998 ‘Quat‘

1332 1023 1414 1094 ldco
1440 1023 1605 1096 Ieremias
1636 1043 1728 1105 taxat
1757 1030 1881 1100 stultas
1911 1053 1987 1120 spes
2011 1034 2212 1125 impiorum,

1227 1126 1287 1218 qui
1316 1129 1568 1217 promissiones
1601 1155 1641 1198 eo
1671 1133 1945 1225 detorquebant,
1978 1149 2017 1204 ut
2047 1151 2213 1226 negarent

286 1200 447 1321 Diuielis
469 1258 504 1314 et
524 1244 633 1314 trium
650 1241 925 1310 Adolescentum
942 1241 1026 1309 tides
1045 1255 1079 1311 et
1093 1266 1174 1334 per.
1198 1239 1203 1328 l
1226 1229 1357 1318 poenas
1380 1230 1459 1299 illas
1480 1245 1648 1300 venturas
1665 1255 1750 1302 esse.
1805 1231 1957 1307 Icre.7.:
1993 1234 2114 1307 Nolite
2132 1263 2213 1307 con-

186 1351 402 1434 severantia,
435 1345 544 1437 Quod
571 1368 645 1413 non
676 1343 880 1412 defecerunt
911 1345 1030 1431 alege
1052 1345 1173 1413 divina

187 1456 281 1531 inter
301 1448 495 1535 Ethnicos,
526 1470 593 1515 nec
621 1445 677 1513 vel
705 1444 874 1535 exemplis
904 1445 960 1513 vel
981 1446 1175 1535 voluptati-

121 1634 128 1645 „
185 1559 276 1645 bus,¹
297 1557 352 1624 vel
375 1549 609 1623 admiratione
630 1547 810 1639 potentiae
834 1547 1025 1640 impiorum
1046 1551 1173 1639 depra-

186 1665 259 1735 vati
279 1673 370 1731 sunt.

536 1818 539 1823 ⁴
656 1798 702 1870 V·

288 1925 449 1998 Praemia
465 1920 661 2013 corporalia
677 1934 711 1988 et
727 1917 924 2006 spiritualia
940 1940 1005 2008 pro
1022 1918 1082 1986 illa
1097 1917 1176 2003 lide,

188 2027 447 2129 perseverantia
474 2038 510 2094 et
540 2021 782 2112 temperantia.
849 2017 940 2136 Data
974 2031 1025 2136 est
1048 2021 1176 2088 melior

186 2132 373 2215 valetudo,
403 2127 514 2217 gratia
541 2125 636 2214 apud
665 2144 780 2211 regem
811 2134 847 2190 et
877 2143 1074 2210 principes,
1108 2125 1175 2190 do·

187 2240 300 2310 ctrina
324 2232 359 2304 et
377 2223 574 2322 prophetia.
626 2222 723 2293 Haec
748 2225 842 2291 dona
866 2221 916 2290 eis
939 2223 1174 2312 contigerunt,

187 2342 272 2436 'quia
291 2338 386 2410 Deus
408 2328 529 2421 testari
551 2326 693 2395 volebat
717 2323 765 2393 se‘
779 2328 919 2393 ser'vare
936 2346 1035 2393 suam
1052 2321 1175 2395 Eccle-

187 2445 295 2522 siam,
328 2451 363 2506 et
393 2429 644 2522 promissiones
673 2450 747 2496 nou
770 2449 843 2495 esse
867 2425 997 2495 irritas.
1064 2424 1176 2497 Docet

186 2548 272 2616 item
289 2535 359 2608 hoc
377 2526 576 2623 exemplum
594 2527 669 2599 Deo
687 2529 825 2620 placere
839 2522 925 2595 baec
940 2526 1024 2596 fidei
1041 2543 1075 2598 et
1090 2553 1175 2599 con-

186 2636 350 2715 fessionis
366 2635 499 2720 officia,
525 2646 560 2702 et
575 2633 705 2701 mereri
722 2629 879 2719 ingentia
895 2630 1064 2719 praemia.

591 2834 594 2841 .
650 2777 714 2850 Vl.

291 2909 568 2989 Observandum
591 2903 700 2973 estad
718 2926 823 2996 quem
839 2903 944 2971 finem
964 2904 1090 2976 debeat
1104 2927 1177 2975 esse

188 3019 365 3093 destinata
392 3005 635 3101 temperantia.
701 3001 832 3075 Daniel
855 3005 1009 3076 abstinet
1031 3029 1049 3074 a
1072 3009 1177 3096 regiis

189 3121 297 3204 cibis,
322 3138 398 3187 non
413 3124 559 3205 propter
573 3104 748 3178 humanas
764 3106 992 3190 traditiones,
1018 3109 1078 3203 sed
1095 3131 1177 3199 pro.

188 3239 267 3317 pter
293 3222 406 3309 legem
430 3211 519 3296 Dei,
547 3207 642 3298 Quia
666 3209 770 3279 multi
794 3208 883 3297 regii
905 3208 976 3279 cibi
997 3210 1178 3295 interdicti

189 3339 289 3396 erant
305 3317 465 3395 ludaeis,
493 3327 533 3384 ut
557 3312 714 3404 lepores,
742 3310 905 3399 sanguis,
930 3323 965 3382 et
985 3312 1098 3383 multa
1120 3313 1178 3406 pt.

187 3429 300 3499 scium
321 3441 462 3511 genera.

290 3522 381 3592 Vini
396 3534 482 3590 usus
497 3540 572 3587 non
590 3529 664 3585 erat
680 3507 901 3603 prohibitus,
926 3529 961 3585 et
975 3513 1106 3585 Daniel
1120 3516 1179 3583 in-

187 3633 243 3699 fra
260 3625 391 3715 legitur
414 3620 546 3693 bibisse
568 3617 705 3701 vinum.
757 3612 840 3685 Non
861 3638 943 3706 ergo
963 3629 1039 3687 tum
1054 3614 1179 3709 super-

188 3730 333 3802 stitione
355 3750 375 3797 a
396 3723 483 3794 vino
507 3716 698 3801 abstinuit,
723 3718 783 3787 sed
807 3732 954 3810 propter
974 3719 1178 3789 adolescen-

188 3834 274 3903 tiam
292 3842 327 3902 et
342 3826 497 3899 cavenda
515 3818 680 3892 sodalitia
694 3832 758 3890 etc.

567 4008 626 4080 De
650 4011 682 4080 1.
710 4007 801 4079 loeo.

1226 1331 1334 1399 fidere
1364 1331 1402 1400 in
1433 1334 1539 1401 verba
1573 1335 1766 1419 mendacii,
1805 1337 1980 1422 dicentes,
2023 1338 2212 1431 Templum

1226 1430 1393 1518 Domini,
1419 1433 1609 1526 Templum
1632 1436 1776 1505 Domini
1796 1451 1859 1510 etc.

1329 1548 1417 1640 Cap.
1433 1554 1495 1625 28.
1528 1548 1618 1622 Com
1635 1549 1819 1624 Hananias
1843 1554 2115 1644 vaticinaretur,
2140 1575 2213 1650 post

1227 1651 1411 1721 biennium
1436 1654 1612 1723 redituros
1636 1680 1708 1739 esse
1725 1654 1875 1726 Iudaeos
1893 1681 1934 1725 ex
1949 1654 2159 1753 Babylone,
2184 1677 2215 1732 et

1106 1765 1108 1770 '
1228 1754 1379 1843 rupisset
1404 1769 1561 1825 catenam
1587 1781 1693 1848 qnam
1716 1759 1873 1846 gestabat
1890 1757 2075 1845 Ieremias,
2103 1764 2214 1833 incre-

1228 1869 1288 1946 pat
1309 1881 1391 1925 eum
1413 1856 1597 1941 Ieremias,
1628 1871 1663 1927 et
1683 1860 1799 1945 addit,
1831 1857 2033 1929 Hananiam
2056 1889 2098 1932 eo
2123 1888 2214 1943 anuo

1227 1957 1442 2027 moriturum
1467 1981 1558 2044 esse,
1591 1958 1674 2051 quia
1699 1963 1867 2030 adversus
1892 1963 2093 2034 Dominum
2117 1966 2214 2037 Iocu-

1227 2073 1284 2130 tus
1298 2060 1361 2142 sit,
1388 2083 1428 2128 ac
1444 2061 1628 2152 respondit
1644 2077 1790 2131 eventus
1807 2064 1974 2132 vaticinio
1992 2063 2175 2155 Ieremias.
2236 2102 2240 2110 ·

1330 2174 1385 2248 Ex
1408 2175 1474 2249 hac
1494 2175 1644 2250 historia
1669 2195 1813 2273 apparet
1827 2182 2016 2253 maximam
2032 2185 2144 2255 fuisse
2158 2210 2215 2259 au·

1228 2281 1406 2350 toritatem
1415 2278 1824 2374 pseudoprophetarum,
1849 2284 1931 2374 quia
1943 2285 2124 2356 iactabant
2136 2312 2215 2380 pro·

1227 2382 1434 2467 missiones,
1460 2385 1522 2452 sed
1546 2386 1639 2454 male
1661 2389 1828 2456 detortas.
1880 2383 2036 2456 Eeontra
2057 2386 2217 2459 Ieremias

1228 2484 1451 2573 praedicebat
1473 2508 1623 2575 poenas,
1658 2499 1692 2554 et
1716 2499 1834 2555 tamen
1857 2488 2109 2558 consolabatur
2131 2491 2216 2585 pios,

1227 2599 1271 2655 ut
1286 2585 1567 2677 insequentibus
1583 2585 1769 2677 Capitibus
1782 2586 1833 2675 29
1847 2601 1881 2676 et
1891 2589 1953 2662 50.
1970 2615 2010 2658 ac
2028 2591 2204 2685 deinceps.

1331 2701 1493 2794 capno.
1517 2705 1651 2799 inquit:
1678 2701 1868 2792 Castigabo
1891 2723 1925 2778 te
1941 2709 1979 2776 in
1995 2709 2151 2794 iudicio,
2174 2734 2215 2781 ns

1228 2805 1292 2874 tibi
1316 2805 1468 2874 videaris
1490 2805 1670 2875 innocens.
1723 2803 1882 2876 Vulnera
1905 2821 1965 2877 tua
1989 2811 2123 2879 sanabo
2145 2825 2217 2896 ets,

1228 2907 1291 2977 ubi
1308 2907 1429 2990 docet,
1455 2931 1564 3000 quare
1575 2906 1672 2977 Deus
1687 2906 1725 2974 in
1741 2907 1814 2977 illis
1829 2908 2079 2978 communibus
2097 2912 2218 3001 poenis

1230 3007 1493 3100 corporalibus,
1520 3007 1669 3079 Sanctos
1692 3032 1762 3078 una
1780 3012 1914 3099 rapiat,
1939 3007 2033 3098 Quia
2048 3006 2116 3111 hos
2130 3037 2217 3107 quo-

1229 3133 1297 3203 que
1331 3110 1409 3180 vult
1438 3131 1647 3199 agnoscere,
1682 3113 1777 3202 quod
1808 3105 1962 3180 habeant
1994 3127 2155 3201 peccata,
2184 3128 2217 3183 et

1228 3205 1386 3282 detrahit
1403 3212 1454 3281 eis
1475 3212 1642 3298 fiduciam
1659 3211 1823 3302 propriae
1835 3212 2006 3285 iusticias.
2062 3212 2114 3285 lta
2129 3214 2217 3287 Pro-

1228 3308 1336 3404 pheta
1367 3313 1470 3384 docet
1498 3314 1546 3396 (le,
1573 3313 1811 3405 poenitentia,
1846 3327 1880 3383 ct
1902 3329 2020 3404 postea
2044 3318 2216 3406 promittit¹

1228 3415 1489 3488 liberationem.
1603 3458 1608 3469 -
2168 3484 2171 3493 .

1330 3511 1417 3609 Cap.
1430 3518 1510 3591 81.:
1537 3512 1720 3604 Castigasti
1737 3541 1793 3585 me
1809 3514 1984 3601 Domine,
2008 3532 2042 3586 et
2059 3520 2217 3597 eruditus

1230 3642 1329 3703 sum,
1361 3618 1451 3689 sieut
1474 3617 1684 3687 iuvenculus
1708 3618 1905 3688 indomitus
1920 3634 1985 3693 etc.
2036 3617 2109 3691 Hic
2130 3645 2217 3715 quo·

1229 3717 1298 3814 que
1319 3723 1423 3791 docet
1446 3718 1556 3808 affligi
1575 3715 1743 3804 Sanctus,
1774 3733 1814 3790 ut
1835 3732 1969 3790 crescat
1991 3721 2218 3810 poenitentis.

1229 3819 1430 3913 Dupliciter
1459 3843 1543 3910 ergo
1574 3821 1778 3890 consolatur
1811 3845 1890 3905 eos,
1924 3823 2025 3892 docet
2057 3824 2105 3892 ad
2130 3823 2217 3916 quid

1229 3923 1369 4016 prosint
1385 3922 1627 4008 adflictiones,
1653 3936 1688 3992 et
1703 3922 1891 4014 pollicetur
1904 3923 2162 3994 liberationem.

1223 4074 1225 4078 ¹
1269 4122 1272 4127 ¹
1330 4031 1400 4109 Hie
1421 4023 1531 4133 igitup
1551 4038 1655 4108 valde
1679 4041 1823 4130 prodest
1837 4042 2024 4111 observare
2041 4055 2220 4114 certamen

293 4148 352 4222 Ad
373 4148 528 4241 primum
550 4157 585 4215 et
601 4144 796 4221 secundum
813 4141 931 4212 locum
946 4164 1038 4233 pene
1056 4165 1179 4212 omnes
1230 4144 1275 4213 de
1293 4141 1602 4233 promissionibus.
1662 4140 1722 4212 Sic
1745 4166 1870 4212 omnes
1892 4143 1931 4210 in
1952 4143 2219 4233 sdffictiouibus

88 4288 91 4294 ·
189 4253 359 4328 Ieremias
379 4248 567 4320 conciones
591 4245 786 4339 pertinent,
813 4244 874 4337 qui
896 4244 1111 4314 vaticinatur
1134 4246 1179 4315 de
1229 4247 1426 4316 decurrunt
1446 4245 1490 4313 ad
1514 4243 1786 4334 promissiones,
1820 4257 1958 4314 etcum
1981 4267 2056 4314 non
2077 4246 2220 4318 contin·

189 4381 321 4452 poena,
347 4366 383 4424 et
405 4373 525 4423 musas
540 4348 705 4437 exponit,
731 4358 771 4415 ut
790 4369 866 4436 cap.
880 4347 958 4418 ηε
992 4343 1113 4433 Quare
1129 4346 1179 4414 sic
1229 4361 1320 4435 gunt
1336 4346 1426 4430 cito,
1452 4358 1487 4416 et
1503 4345 1566 4413 illo
1581 4345 1689 4419 modo
1705 4344 1797 4415 sicut
1812 4346 2029 4434 imaginatur
2041 4346 2135 4417 ratio
2152 4343 2220 4417 ltu·¹

188 4461 273 4530 iecit
287 4454 464 4527 Dominus
481 4448 565 4520 huic
582 4447 737 4531 civitati,
763 4443 860 4534 Quia
875 4448 1098 4541 reliquerunt
1112 4473 1179 4543 pa·
1229 4472 1353 4527 mana,
1392 4448 1626 4535 languescunt
1651 4446 1783 4531 animi,
1818 4460 1854 4518 et
1881 4447 2052 4517 deliciunt
2081 4470 2103 4518 a
2133 4443 2220 4533 Deo,

190 4576 286 4633 ctum
302 4557 369 4628 Dei
386 4557 459 4638 soi,
483 4566 520 4624 et
534 4553 773 4623 adoraverunt
785 4545 881 4620 Deos
898 4549 1041 4621 alienos.
1070 4545 1072 4548 ’
1229 4552 1320 4620 sicut
1341 4547 1427 4620 Saul
1448 4547 1641 4620 deficiebat.
1699 4543 1747 4619 Et
1767 4544 1827 4618 hic
1848 4549 1954 4618 multi
1977 4547 2103 4618 Iudaei
2124 4550 2221 4623 dele·

293 4659 382 4731 Item
403 4658 448 4726 ds
468 4652 642 4737 loiakim,
675 4653 775 4722 cuius
794 4645 854 4720 bic
876 4651 914 4721 lit
936 4652 1090 4737 mentio,
1121 4652 1178 4720 in·
1230 4665 1375 4730 cerunt,
1407 4648 1620 4721 arbitrantes
1643 4644 1740 4721 bunc
1761 4650 1934 4741 populum
1957 4674 1979 4720 a
2001 4646 2081 4721 Deo
2101 4652 2221 4725 deser·

190 4764 285 4860 quit:
320 4757 511 4850 Sepultura
532 4755 624 4827 asini
648 4753 857 4846 sepelietur,
884 4753 1061 4846 proiectus
1082 4766 1178 4822 extra
1230 4766 1306 4824 tum
1323 4775 1407 4824 esse.
2064 4762 2066 4765 ’

188 4880 311 4964 portas
331 4858 533 4932 ierusalem.
1112 4866 1116 4873 '
1332 4853 1403 4926 Sed
1425 4854 1477 4946 pii
1500 4866 1693 4943 agnoscant
1710 4853 1888 4942 primum,
1913 4878 2024 4948 quare
2043 4856 2219 4929 adflictio-

291 4961 478 5035 Disc'amus
491 4960 600 5050 igitur
615 4958 742 5029 timere
756 4955 930 5026 iudicium
948 4971 981 5027 et
995 4958 1083 5026 icam
1099 4952 1179 5041 Dei,
1231 4979 1294 5027 nes
1316 4957 1421 5027 nobis
1443 4956 1690 5046 imponantur,
1713 4967 1746 5025 et
1767 4958 1869 5047 quod
1885 4952 1993 5028 Deus,
2007 4957 2047 5026 in
2068 4958 2146 5030 illis
2164 4983 2219 5031 rs.

106 5066 110 5079 ’
191 5085 226 5143 et
257 5067 434 5158 fugiamus
461 5061 591 5153 impios
617 5061 733 5130 cultus
754 5072 789 5128 et
811 5056 879 5127 alia
900 5056 1051 5147 flagitia,
1084 5054 1179 5145 Quia
1231 5059 1351 5153 quirat
1372 5055 1623 5130 obedientiam.
1674 5053 1814 5127 Deinde
1834 5059 1941 5130 etiam
1958 5060 2029 5129 lide
2043 5061 2218 5163 erigamus

191 5174 220 5241 si
247 5171 301 5241 illi
332 5166 465 5260 populo
487 5159 585 5233 Deus
613 5186 688 5232 non
712 5159 886 5253 pepercit,
921 5161 979 5228 cui
1003 5159 1181 5251 amplissi-
1230 5183 1316 5247 nos,
1346 5172 1583 5233 sustentemus
1611 5181 1678 5229 nos
1706 5160 2021 5250 promissionibus,
2055 5175 2091 5233 et
2121 5177 2218 5254 pets-

190 5297 267 5344 mas
290 5267 544 5363 promissiones
562 5267 725 5345 dederat,
740 5262 868 5334 multo
890 5262 1010 5334 minus
1035 5263 1181 5334 caeteris
1231 5286 1311 5334 mus
1328 5270 1374 5332 et.
1392 5273 1612 5352 expectemus
1634 5262 1826 5346 auxilium,
1863 5261 2226 5343 cicestrensem..

178 5387 319 5465 parcet.
882 5376 886 5382 '
1232 5365 1340 5436 citur:
1364 5358 1528 5435 Orabitis
1544 5385 1619 5446 me,
1645 5377 1680 5436 et
1696 5386 1761 5454 ego
1776 5366 1964 5438 exaudiam
1979 5388 2043 5438 ros
2059 5380 2125 5444 ete.
2173 5364 2220 5441 Et
